3742 5626
657 202 714 265 DE
740 200 880 264 REBUS
899 198 1216 267 moscovtrlcls.
1703 204 1761 269 283

100 386 168 426 ninn
185 369 268 446 juste
289 388 307 427 a
328 366 396 427 [leo
408 368 482 426 tanti
496 364 566 426 belli
580 366 674 427 moles
686 367 753 447 ejus
772 364 901 426 humeris
959 366 986 424 si
1013 362 1160 426 Riitheriis
1187 384 1303 446 quoqne
1329 363 1537 429 convertendis
1562 366 1668 430 eadem
1686 371 1762 429 ratio

101 458 291 531 incumberet,
321 456 400 539 qnod
421 458 532 519 Christi
554 456 678 521 Vicario
706 457 745 519 de
776 460 902 537 negocio
959 454 1069 519 luisset
1077 454 1220 529 adhibita,
1239 466 1372 536 segetem
1382 456 1559 523 foecundam
1571 459 1697 523 haberet
1705 460 1760 523 Ec·

99 552 253 629 religionis
274 552 345 612 nibil
366 548 562 633 responderet
583 552 829 625 (riectcbateuim
842 570 902 610 mo·
960 548 1070 612 clesiar
1090 570 1175 632 quae,
1195 558 1228 611 ut
1238 553 1279 613 ita
1290 550 1401 619 dicam,
1421 573 1481 613 non
1493 562 1593 634 potest
1604 553 1763 627 consolari,

100 664 158 713 ras,
179 652 209 704 et
228 642 435 707 dissimulabat
455 644 512 705 hoc
530 646 640 721 totum)
671 641 845 726 sequidem
866 662 902 704 eo
960 646 1030 723 quia
1050 664 1108 705 non
1130 652 1189 706 est.
1211 643 1275 706 Sed
1296 652 1327 706 et
1346 654 1464 725 praeter
1483 646 1648 725 Eugenium
1668 646 1762 725 Quar-

100 736 190 797 ierbo
210 737 399 799 vehementer
418 736 496 798 allici
528 738 668 799 ostendit.
701 736 902 816 Quamobrem
961 744 1031 808 tum,
1041 739 1068 797 si
1081 734 1276 799 liinocentius
1288 736 1417 811 Tertius,
1430 738 1596 817 Gregorius
1608 738 1762 813 Decimus,

100 832 216 891 initiora
238 835 372 911 cogitare
392 834 516 912 incepit,
536 850 630 911 seque
650 834 679 892 in
699 830 824 893 reditium
844 828 902 891 sal·
960 828 1133 891 Alexander
1152 830 1278 905 Sextus,
1307 832 1372 894 Leo
1391 830 1545 903 Decimus,
1573 830 1764 895 arcionem

98 932 158 983 tem
180 944 274 985 iiieimi
294 944 470 1005 respuimnm
491 924 560 985 milii
581 924 638 985 bac
657 921 696 986 de
715 944 749 985 re
767 922 902 985 daturum
960 920 1113 1003 Septimus
1139 924 1197 985 hoc
1220 925 1375 1005 negocium
1400 927 1557 1004 aggressi,
1587 932 1764 988 portantem

100 1014 181 1087 dixit,
202 1016 281 1097 quod
301 1026 335 1079 ut
353 1026 425 1078 tunc
447 1026 530 1079 certo
550 1015 671 1089 iacent,
701 1021 798 1099 ipsum
818 1036 902 1095 roga·
960 1016 1026 1077 sola
1046 1016 1234 1097 Synodoinm
1253 1020 1476 1091 coiivocatione‚
1495 1026 1549 1079 aut
1566 1019 1655 1079 unius
1674 1018 1763 1080 homi·

99 1128 209 1171 ieram.
241 1111 281 1173 in
305 1108 423 1187 apsidem
447 1112 547 1192 aliqua
577 1108 691 1173 dixisse
710 1130 777 1171 eum
796 1108 902 1181 lerniit,
961 1110 1018 1180 nis,
1037 1117 1127 1190 atque
1145 1110 1300 1193 Epistulae
1323 1113 1466 1173 missione
1485 1110 1765 1185 conitentiluisseut,

99 1200 178 1262 unde
198 1225 233 1263 se
252 1204 391 1285 templum
412 1224 638 1279 concessurum,
657 1214 747 1285 atque
767 1202 853 1276 adeo,
874 1205 902 1264 si
959 1199 1018 1261 sed
1036 1205 1127 1264 variis
1146 1202 1206 1265 illis
1225 1202 1332 1277 modis,
1352 1206 1401 1284 qui
1413 1201 1714 1285 Christihegatomm
1734 1210 1766 1267 et

101 1314 158 1375 pair
177 1306 369 1377 sequieretnr,
389 1296 610 1360 aedilieatnrnm
631 1300 743 1358 nostris
763 1295 903 1357 intellexi·
961 1295 1175 1375 Apostolorum
1195 1300 1305 1378 proprii
1325 1296 1548 1377 sempcrluere‚
1568 1295 1675 1359 sedulo
1693 1316 1766 1371 rem,

101 1408 181 1451 oiirsi
211 1388 267 1450 sed
287 1394 421 1461 serione,
441 1411 479 1451 an
510 1394 567 1451 ista
587 1389 656 1451 belli
675 1394 833 1451 vexatione
853 1390 903 1448 im·

101 1482 215 1561 pulmm,
237 1504 303 1543 oiim
323 1504 412 1561 egere
432 1482 589 1545 Porititieis
609 1482 731 1545 Maximi
752 1502 843 1564 opera
863 1484 903 1542 vi·

101 1574 215 1648 dentur,
236 1577 310 1637 haec
330 1575 446 1647 eliserit,
465 1584 583 1657 tempus
596 1574 770 1637 declarabit.
794 1574 903 1652 Qiiam·

101 1670 156 1737 iis,
179 1678 211 1729 nt
230 1670 302 1729 nilril
323 1667 402 1729 alind
424 1678 515 1741 esset,
535 1688 622 1750 quam
642 1666 683 1741 id,
704 1666 783 1750 qnod
795 1666 834 1728 de
847 1666 903 1728 Ca·

101 1761 220 1822 tholieis
251 1760 483 1834 ruminatoribus,
518 1771 548 1822 et
567 1760 782 1823 Sacerdotibus
816 1758 904 1821 niodo

101 1858 268 1915 eoiieessit:
290 1852 426 1935 qnodque
447 1852 485 1915 de
504 1876 580 1937 piace
600 1876 665 1915 cnm
685 1853 802 1915 duobus
817 1852 905 1915 Polo·

102 1951 177 2019 iriae,
191 1956 220 2009 et
231 1948 359 2007 Sneeiae
370 1944 504 2025 Reg'bus
517 1950 665 2029 inceptum
677 1956 725 2009 est
744 1950 810 2025 agi:
825 1943 903 2027 quod

102 2044 171 2100 item
192 2040 230 2101 de
262 2040 495 2101 Christianorum
522 2038 641 2123 aliquod
651 2040 822 2123 Principum
843 2060 904 2099 arc·

101 2136 177 2193 tiore
204 2134 322 2195 iiiienlo
354 2136 418 2215 jam
445 2130 534 2193 ordiri
560 2133 637 2195 rcllc
666 2132 752 2194 Dens
772 2128 906 2194 ostendit

101 2228 142 2300 (si
162 2231 241 2287 serio
262 2227 410 2307 publicum
432 2224 539 2287 bonum
561 2228 580 2286 ii
602 2226 680 2307 plns,
702 2245 788 2307 quani
810 2228 903 2307 priva·

102 2328 150 2378 tas
170 2340 219 2378 res
243 2320 396 2401 spectent)
421 2318 495 2379 liaec
519 2338 576 2378 riou
602 2340 814 2400 usquequaque
836 2339 904 2380 cou-

102 2409 261 2472 temuenda
286 2432 357 2473 esse
381 2410 554 2482 rideantur,
581 2414 619 2473 iis
639 2416 828 2493 pracsertim,
855 2414 904 2493 qui

102 2507 202 2565 sciunt
221 2503 357 2567 aedilicia
375 2526 433 2565 non
455 2508 549 2565 extriti
575 2507 662 2565 unico
689 2514 838 2567 muniente
862 2506 904 2567 in-

103 2608 197 2676 tegra,
219 2618 275 2660 nee
294 2600 324 2658 in
344 2594 412 2659 lidei
439 2600 565 2677 negocio
590 2598 812 2671 solereDeuni,
837 2598 905 2659 sine

102 2696 226 2751 sunnonis
252 2690 423 2763 laboribus,
442 2700 531 2772 atquc
551 2694 773 2771 perseverantia
794 2710 904 2763 corum,

101 2782 140 2843 ad
154 2804 229 2863 qnos
242 2788 369 2865 pertinet
380 2782 418 2845 dc
430 2784 600 2847 ovibusiim
613 2804 698 2843 suani
712 2803 842 2843 exerere.
851 2782 905 2843 Sic

102 2884 200 2937 aretem
217 2879 281 2955 jain
302 2877 488 2949 inchoatore,
518 2896 578 2937 non
596 2895 656 2937 una
674 2895 749 2937 ansa
768 2874 905 2955 praeberi

103 2971 212 3049 poterit
237 2966 275 3029 de
300 2968 443 3045 religione
469 2966 592 3049 agendi,
624 2971 764 3048 variaque
783 2962 904 3027 serendi

104 3082 170 3121 ‹riiin
191 3060 385 3121 consiliariis.
417 3070 445 3123 ei
487 3061 606 3123 Arilicis
625 3058 664 3123 de
686 3064 798 3143 pietate
814 3058 903 3121 collo·

103 3156 188 3234 qnia:
198 3153 249 3213 alii
261 3172 331 3213 iero
350 3154 397 3215 rel
410 3175 493 3225 inice,
514 3155 561 3215 rel
578 3155 713 3237 exemplo
726 3152 833 3215 saltem
852 3149 903 3213 do·

102 3250 163 3309 oeri
184 3254 330 3327 poterunt,
350 3266 387 3307 ac
399 3246 508 3307 alumni
520 3250 635 3309 interim
655 3250 786 3319 institui3
806 3247 905 3325 gentis

102 3336 344 3420 lioguaadilisch
364 3338 456 3399 libelli
468 3359 504 3401 eo
524 3337 670 3401 liliomate
689 3348 720 3401 et
733 3339 906 3401 charactere

103 3432 263 3504 conscribi,
282 3440 372 3512 atque
384 3435 413 3491 in
427 3432 523 3495 lueein
539 3430 596 3503 edi,
615 3436 790 3515 praesertim
810 3436 837 3493 si
847 3430 905 3495 Po·

104 3528 214 3598 lociac,
246 3546 283 3587 ac
309 3524 434 3605 llerpati
459 3526 503 3599 (si
530 3526 658 3587 hisernia
689 3529 862 3587 restituetur
887 3548 905 3589 a

102 3618 228 3695 lllosco)
247 3620 341 3679 riustri
363 3636 433 3677 esse
452 3624 606 3697 poterunt,
630 3620 680 3697 qui
704 3626 768 3679 tuto
788 3622 819 3679 in
838 3620 905 3680 loco

102 3712 229 3775 Muscas
258 3707 362 3771 eadem
395 3728 485 3789 opera
504 3711 624 3791 possint
642 3710 789 3775 exentera.
820 3712 907 3790 Quae

103 3808 202 3867 omnia
221 3824 296 3865 sarie
321 3804 463 3881 aliquam,
492 3822 530 3861 ac
560 3804 628 3863 siue
656 3802 747 3863 multo
771 3806 908 3885 strepitu,

102 3903 180 3961 siam
200 3894 239 3957 ad
258 3916 320 3957 sciri
342 3894 398 3955 bei
419 3894 496 3955 benc
522 3893 681 3973 gerendam
711 3896 811 3959 solent
829 3916 907 3959 com·

961 1407 1112 1469 saepeque
1131 1392 1294 1463 ursissent3
1314 1388 1456 1451 Russiam
1474 1398 1535 1463 aut,
1554 1410 1631 1471 quae
1649 1386 1690 1454 ad
1708 1389 1766 1453 Po·

962 1478 1061 1541 laniae
1080 1481 1217 1561 Regiimn
1241 1486 1357 1555 attinet,
1376 1482 1532 1545 Catholica
1550 1482 1696 1563 religione
1714 1488 1765 1545 im·

962 1573 1012 1633 bui
1024 1582 1190 1647 curassent,
1209 1574 1305 1655 (qnod
1316 1573 1435 1657 quidem
1447 1574 1537 1637 iaicile
1546 1575 1690 1649 licuisset,
1699 1596 1766 1639 cam

962 1686 999 1727 ca
1018 1665 1189 1729 conditione
1209 1666 1354 1731 Poloniae
1374 1668 1476 1747 Reges
1492 1668 1622 1731 Graecis
1642 1670 1766 1751 Episco-

962 1763 1010 1842 pis
1029 1760 1185 1841 privilegia
1205 1765 1446 1833 coracessisseut,
1469 1764 1498 1823 si
1524 1758 1679 1840 synodum
1698 1762 1766 1825 Flo·

961 1856 1106 1915 rentinani
1125 1853 1255 1917 inissent
1273 1855 1416 1937 amplexi)
1432 1856 1497 1935 jam
1512 1852 1767 1919 cambabereiuus

961 1954 1101 2027 tanquam
1120 1945 1336 2011 validissimam
1356 1948 1531 2021 machinam,
1551 1967 1627 2029 qrme
1645 1946 1766 2011 Mosco·

961 2042 1052 2101 vitico
1072 2039 1236 2104 schismati
1257 2039 1455 2122 expiugnaudo
1480 2048 1586 2123 posset
1604 2038 1766 2105 admoveri.

962 2131 1028 2195 Sed
1038 2133 1151 2196 Russia
1170 2134 1230 2207 illa,
1249 2134 1320 2195 licet
1331 2136 1486 2217 propriore
1496 2131 1665 2207 Ριονίιιοίι,
1683 2154 1766 2217 prae

961 2229 1115 2299 termissa,
1145 2234 1177 2289 et
1195 2230 1291 2307 magis
1310 2230 1424 2289 incerto
1442 2224 1621 2289 Moscoviae
1640 2230 1767 2309 sepeio

962 2328 1155 2401 praepostere
1175 2328 1299 2393 tentato,
1318 2320 1423 2393 Dens,
1443 2322 1493 2400 qui
1514 2316 1650 2383 ordinate
1669 2324 1768 2385 omnia

962 2411 1128 2494 dispensat,
1151 2416 1259 2495 quique
1278 2416 1362 2495 priam
1380 2432 1468 2495 ᾳιιιιιι
1487 2410 1587 2475 mmidi
1600 2417 1768 2475 marcersiu-

961 2528 1030 2567 nem
1049 2526 1215 2586 aggressus
1235 2516 1292 2579 est,
1312 2509 1469 2569 triestinum
1484 2506 1654 2589 Apostolis,
1674 2506 1767 2569 etDi·

962 2598 1087 2681 scipulis
1107 2596 1331 2661 catechizandis
1351 2602 1530 2681 insumpsit,
1559 2602 1695 2663 neutrius
1717 2620 1767 2661 ne·

963 2695 1042 2773 gorii
1061 2692 1216 2763 hactenus,
1237 2713 1295 2753 non
1306 2692 1404 2753 solnm
1416 2695 1691 2771 integrumexitum,
1710 2689 1767 2753 sed

964 2806 1001 2845 ne
1014 2804 1206 2865 progressum
1225 2782 1343 2864 quidem
1358 2788 1443 2865 juste
1458 2787 1609 2866 permisit:
1630 2786 1767 2865 qnoniam

963 2876 1002 2939 ad
1030 2876 1192 2957 exemplar,
1222 2874 1304 2957 quod
1327 2876 1417 2937 nobis
1442 2885 1637 2941 monstratum
1663 2884 1712 2938 est
1736 2880 1768 2939 in

963 2970 1094 3041 chriam,
1114 2990 1173 3030 riou
1193 2970 1291 3031 oniiria
1310 2966 1391 3031 iacta
1408 2978 1491 3033 suut.

1037 3062 1106 3125 Jam
1124 3082 1210 3134 vero,
1238 3065 1377 3142 qnoniam
1397 3060 1499 3125 Mosei
1518 3082 1554 3125 ex
1574 3060 1712 3142 Scythis,
1738 3072 1770 3125 et

963 3154 1099 3217 Tartaris
1124 3156 1257 3237 permisti
1286 3164 1376 3229 sunit,
1408 3154 1466 3219 boc
1495 3174 1679 3237 nequaqnam
1707 3151 1769 3217 idn

963 3248 1076 3311 Christi
1087 3250 1224 3331 operario
1238 3246 1393 3311 facescere
1401 3250 1557 3327 negocium
1568 3246 1669 3309 debet
1689 3246 1769 3311 Nam

962 3344 1051 3403 ctiam
1071 3340 1118 3402 his
1138 3340 1287 3403 Doniinus
1307 3360 1385 3423 opus
1403 3340 1495 3403 habet
1513 3358 1591 3423 quos
1609 3338 1651 3403 ad
1668 3342 1769 3419 imagi·

962 3456 1029 3498 nem
1046 3442 1078 3496 et
1095 3431 1318 3497 slrrnilitudiueni
1336 3454 1421 3497 susm
1434 3442 1564 3507 creatos,
1585 3432 1649 3495 iult
1666 3432 1771 3495 salros

963 3528 1037 3591 beri.
1060 3527 1102 3591 Ut
1120 3535 1220 3589 autem
1232 3528 1400 3608 Apostolis,
1420 3531 1467 3591 sic
1484 3526 1683 3609 Apostolicae
1694 3524 1769 3591 Sedi

964 3621 1076 3683 dictum
1096 3628 1159 3681 est.
1179 3628 1214 3681 ut
1233 3616 1343 3683 doceat
1361 3640 1466 3683 omnes
1478 3628 1595 3699 gentes.
1615 3618 1768 3698 Quaeso·

964 3712 1021 3775 des
1033 3712 1154 3775 mirifice
1159 3714 1281 3795 juvatur
1294 3710 1407 3785 alleo,
1429 3732 1496 3775 cum
1508 3712 1575 3785 hoc,
1594 3709 1675 3793 quod
1686 3712 1769 3793 Apo·

963 3806 1073 3869 stolieo
1091 3808 1211 3867 nomine
1230 3801 1414 3883 designatur,
1434 3802 1466 3867 id
1484 3812 1632 3889 praestanti
1663 3823 1770 3884 nempe

964 3920 1032 3961 eum
1051 3896 1091 3959 ad
1110 3894 1297 3959 avocandus
1321 3900 1436 3961 animas
1467 3918 1505 3959 ex
1529 3916 1661 3959 errorum
1685 3894 1769 3959 bara·

103 3992 236 4075 planare.
964 3992 1031 4055 thro
1051 3994 1139 4054 mittit
1158 3992 1321 4071 operarios,
1341 3992 1392 4072 qui
1411 4010 1466 4071 pro
1484 3988 1615 4063 Christo,
1635 4008 1696 4053 nou
1714 4008 1770 4073 pio

182 4078 273 4153 Quod
291 4098 363 4141 iero
384 4076 424 4141 ad
445 4078 616 4143 schismatis
636 4090 785 4153 naturam,
814 4080 907 4145 Grae·
964 4106 1010 4157 se,
1029 4093 1081 4149 sut
1099 4104 1154 4165 pro
1173 4085 1312 4161 negociis
1330 4090 1443 4147 tanatum
1456 4082 1592 4145 humanis
1603 4082 1770 4163 Legatione

103 4194 264 4255 eomrnqiie
284 4175 432 4251 ingenium
451 4176 588 4255 pertinet,
607 4194 674 4235 cina
692 4174 833 4249 lintheum
851 4194 908 4237 seu
965 4178 1134 4257 iungantur.
1165 4172 1344 4257 Quanquam
1373 4183 1407 4237 iit
1436 4172 1476 4237 ad
1494 4174 1551 4237 bos
1570 4172 1710 4249 redeam,
1740 4178 1769 4237 si

50 4242 52 4275 Ι
105 4266 207 4331 blanci
228 4264 389 4329 eoriiinlem
409 4268 716 4345 uestigiisiusistant3
736 4268 908 4331 Graecian-
965 4270 1115 4341 nonnulla,
1136 4288 1213 4349 quae
1231 4276 1304 4329 sunt
1325 4272 1354 4329 in
1374 4269 1542 4349 haegonte,
1563 4288 1631 4331 cum
1647 4271 1769 4341 nutris,

50 4432 52 4447 Ι
104 4370 165 4423 tem
185 4356 262 4421 adeo
282 4358 451 4440 frequenter
468 4358 508 4421 ad
527 4364 668 4423 remitum
688 4360 838 4435 redierint,
857 4380 907 4423 au·
962 4368 1026 4447 jam
1045 4365 1075 4423 in
1086 4360 1226 4425 Ecclesia
1237 4358 1394 4427 Catholica
1413 4364 1622 4444 antiquissime
1632 4362 1769 4433 excultis,

103 4458 161 4519 sim
182 4450 291 4523 elicere,
311 4455 338 4513 si
359 4472 426 4513 cum
447 4456 570 4533 primum
589 4453 729 4515 absoluta
745 4452 907 4533 initSpno·
965 4456 1155 4521 conferantur
1172 4454 1266 4537 (quae
1283 4452 1404 4537 quidem
1423 4452 1464 4519 ad
1480 4454 1711 4537 simplieitatem,
1729 4452 1770 4517 ad

105 4544 163 4607 dus
174 4545 198 4607 F
200 4546 354 4615 lorentiua,
374 4544 465 4607 libelli
477 4566 512 4607 ea
525 4544 563 4607 de
573 4568 606 4609 re
616 4544 656 4611 ad
666 4547 767 4629 populi
778 4556 907 4629 captam,
965 4550 1188 4621 abstinentiam
1208 4545 1248 4613 sd
1267 4546 1490 4619 obedientiam,
1508 4546 1548 4611 ad
1566 4546 1770 4629 blasphemiae.

104 4648 138 4701 et
175 4656 361 4699 eonnnnnem
398 4638 527 4715 lingnam
568 4660 622 4721 per
665 4638 820 4703 briennus
864 4648 906 4703 ab
965 4646 1196 4725 ignorationem,
1225 4649 1279 4703 ant
1295 4638 1525 4705 declinationem
1544 4640 1703 4721 spectant)
1723 4646 1772 4699 est

106 4754 164 4814 qne
184 4734 289 4791 iterum
301 4734 410 4813 sqmrsi,
421 4730 804 4814 Scliolaequealumnorum
815 4732 908 4795 Grae·
967 4734 1046 4819 quod
1066 4756 1125 4797 nou
1137 4734 1286 4795 minimam
1299 4752 1384 4815 spem
1395 4732 1496 4807 iaciat,
1515 4732 1580 4797 iore
1597 4740 1631 4793 ut
1649 4732 1771 4812 pietatis

106 4846 208 4887 euuim
229 4828 384 4887 institutae
414 4824 554 4897 luissent,
586 4830 636 4906 qul
655 4830 809 4889 veritatem
829 4824 909 4887 illam
967 4839 999 4893 et
1008 4827 1183 4893 catholicae
1194 4824 1348 4903 religionis
1360 4830 1530 4891 teriaciores
1548 4822 1686 4887 evadant.
1706 4818 1771 4883 Sed

107 4917 202 4989 illieo,
229 4918 298 4979 dum
326 4918 459 4999 plerique
478 4914 576 4979 adbnc
596 4940 632 4981 cx
651 4916 776 4998 Synodo
797 4916 847 4979 illa
866 4938 909 4979 re·
968 4930 1000 4985 et
1018 4919 1161 4983 eoelestis
1182 4920 1297 4997 gratiae
1315 4921 1419 4991 virtus,
1439 4917 1560 4981 tandem
1579 4925 1702 4981 naturae
1720 4911 1770 4977 de·

105 5026 211 5073 ceiirm
233 5015 262 5071 in
282 5014 440 5075 Graeciam
460 5015 700 5083 transmiserant,
729 5010 911 5081 hausissent,
968 5022 1109 5095 pravatus
1129 5014 1318 5075 immaniores
1338 5032 1455 5093 quoque
1472 5018 1771 5092 attemperatmores:

106 5126 166 5167 non
180 5108 258 5167 satis
272 5106 380 5167 inisset
399 5104 771 5185 uiiusllpbesiusldsrcns
791 5112 911 5167 uiusc-
968 5128 1025 5171 aee
1043 5124 1133 5187 porro
1154 5102 1302 5177 Christus,
1326 5104 1403 5169 hene
1422 5104 1599 5175 valentibus,
1618 5102 1677 5165 sed
1695 5100 1772 5165 male

107 5196 170 5257 iido
190 5218 227 5257 ac
247 5197 357 5259 Divisio
378 5202 460 5279 operi
479 5196 690 5261 subvertendo.
705 5196 829 5261 niven
841 5206 911 5263 tum,
968 5197 1159 5267 habentibus,
1177 5200 1267 5265 venit.
1287 5210 1320 5259 ut
1339 5196 1513 5261 mederetur.
