3742 5626
768 126 1035 187 command.
1691 130 1726 183 6

77 289 133 349 law
158 288 333 351 vocabatur:
374 286 458 368 eujus
484 303 571 355 nunc,
595 288 712 366 praeter
738 283 874 362 vestigia,
933 287 989 344 tur.
1027 279 1159 341 Subinde
1178 279 1322 361 Princeps
1341 283 1433 339 matre
1456 278 1535 339 illius
1560 280 1670 362 ejecta,
1696 291 1728 344 et

78 381 150 442 nibil
170 387 260 442 extat.
301 379 387 439 llaud
408 377 511 458 procul
530 378 569 437 ab
587 398 624 439 ea
643 377 769 447 civitate,
791 376 875 436 Ocea
935 376 964 434 in
985 374 1191 434 monasterium
1210 375 1332 442 intrusa,
1347 377 1475 433 castrum
1488 393 1551 431 cum
1563 374 1726 453 principatu

79 476 185 535 duvios
206 474 335 534 insulam
355 471 438 541 iacit,
463 490 540 550 quae
560 470 651 531 Strub
670 469 790 540 dicitur,
817 488 874 529 ma·
935 472 1074 546 occupatr
1094 472 1124 527 ct
1141 487 1179 526 ne
1198 466 1298 545 aliqua
1315 464 1494 544 quandoque
1513 467 1648 527 secemio
1669 466 1727 527 ile·

79 588 158 647 gnus
176 567 245 627 olim
265 565 400 635 ducatus,
414 567 500 647 cujus
516 563 661 645 Princeps
679 563 788 623 nemini
809 562 877 621 sub·
933 561 1085 621 mnesium
1099 560 1189 629 sacret,
1208 560 1315 619 bonam
1327 563 1549 639 corumpartcm
1567 579 1621 639 per
1631 557 1724 620 divar·

74 665 177 743 jectus
197 666 268 723 erat.
309 656 454 718 Columna
473 655 677 717 exllloseoria
688 658 762 716 inter
773 654 877 716 Orien·
934 672 988 715 sas
1007 652 1154 713 distribuit
1173 650 1313 722 colonias,
1333 673 1392 730 qua
1403 672 1435 711 re
1448 653 1539 711 totius
1549 653 1728 733 principatus

79 760 138 813 tarn
159 761 189 813 et
208 751 373 821 Meridicm,
393 772 449 811 seu
463 751 516 827 (ut
535 749 709 823 aliirolunt)
730 750 758 808 in
774 747 876 808 Orica-
934 747 1014 805 vires
1034 745 1229 805 labefactatae
1247 749 1424 804 corruerunt.
1454 743 1546 804 Porro
1567 765 1633 806 cum
1650 766 1730 806 auno

81 853 141 905 tem
160 845 322 925 hyemalem
350 847 456 905 civitas
485 845 621 904 occurrit.
660 842 736 902 Dein
763 841 877 912 liezan,
934 839 1051 899 Domini
1071 839 1151 909 ‚1521
1174 837 1287 897 Tartari
1311 857 1400 917 pmpe
1423 838 1606 901 Moscodam
1634 846 1732 900 mama

80 960 157 1018 quae
181 938 372 1001 abloseovia
398 938 515 1014 triginta
539 956 594 997 sex
618 935 780 996 miliaribus
806 933 878 995 Ger.
934 933 1121 1010 posuissent,
1143 931 1279 991 loannes
1305 951 1359 1011 per
1382 931 1533 991 bamultu·
1559 932 1732 995 cmmtodic

80 1033 179 1095 distat.
218 1032 302 1092 Hace
317 1032 465 1109 provincia
475 1031 602 1091 caeteris
613 1030 750 1089 erunibus
760 1026 878 1087 Mosco·
936 1025 1067 1105 elapsus,
1087 1027 1117 1085 iu
1135 1023 1323 1085 Litbuaniam
1344 1022 1484 1105 profugite
1504 1025 1651 1087 ubietiam
1670 1031 1731 1087 mm

80 1128 146 1186 riae
167 1126 328 1205 provinciis
348 1124 470 1183 fertilior
489 1129 552 1183 estc
591 1124 619 1182 iu
641 1143 707 1200 qua,
728 1126 762 1181 ut
786 1121 879 1200 ajunt,
937 1118 1084 1178 exulabat.
1101 1148 1110 1163 =

79 1218 198 1298 singula
216 1238 306 1295 mona
327 1216 459 1275 frumenti
477 1214 758 1293 binasquandoque,
776 1212 880 1293 plures
1014 1210 1101 1270 Tullo
1119 1209 1255 1291 oppidum
1277 1208 1470 1289 quadmginta
1491 1211 1554 1271 iere
1572 1211 1733 1272 miliaribus

79 1334 116 1371 ve
134 1313 237 1392 spicas
257 1309 421 1387 proferunt:
454 1326 575 1385 quarum
601 1307 688 1366 culmi
709 1312 768 1365 tam
787 1304 881 1363 dense
939 1303 1011 1364 Ger.
1030 1323 1048 1362 a
1069 1302 1175 1363 Reaan
1195 1302 1294 1374 distat,
1314 1324 1332 1365 a
1349 1303 1505 1365 Moscovia
1522 1326 1593 1365 uero
1608 1303 1733 1365 iublcri·

82 1408 268 1471 accrescunt,
289 1407 322 1461 ut
343 1420 398 1459 nec
418 1400 486 1477 equi
506 1399 592 1459 facile
611 1400 746 1468 transire,
766 1416 879 1457 necce·
938 1396 1015 1457 diem
1034 1396 1153 1473 triginta
1170 1402 1367 1475 sext-estque
1385 1399 1516 1458 ultimum
1535 1397 1672 1478 oppidum
1694 1396 1733 1459 ad

83 1497 216 1557 turnices
235 1493 305 1553 inde
324 1492 440 1552 evolare
455 1495 578 1569 possint.
617 1492 728 1560 Mallia,
746 1491 881 1570 piscium,
939 1490 1115 1569 campestria
1133 1488 1268 1559 deserta,
1294 1491 1323 1548 in
1349 1510 1407 1568 quo
1430 1490 1563 1551 Basilius
1587 1491 1734 1552 loannem

85 1591 193 1661 avium,
212 1587 396 1664 terarumque
404 1586 443 1644 ibi
458 1604 563 1662 magna
574 1585 668 1665 copia,
688 1584 881 1661 arborumque
939 1588 1066 1643 casuum
1087 1603 1126 1642 ex
1136 1581 1236 1663 lapide
1251 1583 1423 1652 construxit,
1443 1584 1637 1662 quodflurius
1657 1587 1736 1665 ojus-

86 1683 197 1743 lrnctus
223 1680 310 1756 longe
335 1677 508 1738 llioscoriae
537 1677 680 1737 fructibus
707 1675 882 1736 nobiliores:
939 1675 1005 1735 dem
1033 1676 1159 1735 nominis
1191 1676 1426 1753 praeterlabitur,
1452 1675 1537 1756 Uppa
1563 1696 1634 1736 vero
1658 1676 1735 1737 alius

84 1794 159 1851 gens
177 1772 384 1840 audacissima,
404 1770 700 1849 bellicosissimaque.
938 1770 1056 1839 liuvius,
1070 1768 1109 1828 ab
1127 1773 1192 1827 ortu
1212 1773 1340 1828 eastmm
1354 1768 1458 1846 alluit:¹
1472 1767 1734 1847 Tullacquetlurio

158 1865 206 1926 Ex
228 1864 381 1926 dioscoria
399 1863 437 1923 ad
457 1863 776 1942 bucusqueeastrum,
796 1860 882 1920 ultra·
935 1865 1068 1945 junctus,
1094 1860 1208 1922 Occam
1233 1882 1325 1942 supra
1349 1860 1521 1922 Vorotinslri
1548 1862 1648 1940 viginti
1674 1861 1736 1921 iare

84 1980 144 2039 qua
162 1959 265 2038 spacio
284 1958 322 2016 aa
342 1956 405 2015 scre
420 1957 583 2017 milliarium
595 1954 664 2015 Ger.
684 1954 748 2015 lluit
762 1954 883 2023 Tanais,
939 1954 1100 2015 miliaribus
1120 1953 1188 2015 Ger.
1208 1955 1310 2025 influit,
1331 1974 1349 2015 a
1368 1957 1454 2037 cujus
1479 1957 1565 2016 ostiis
1590 1953 1670 2015 baud
1694 1955 1736 2015 ita
1769 2032 1773 2045 Ι

86 2053 152 2112 loco
162 2053 212 2131 qui
225 2049 332 2109 lionco
343 2049 462 2111 dicitur:
477 2051 527 2109 ubi
537 2055 714 2110 mercatores
725 2050 755 2107 in
767 2046 884 2129 Asopb,
941 2048 1050 2130 procul,
1071 2048 1198 2129 Odojew
1221 2053 1349 2108 castrum
1368 2049 1457 2110 situm
1477 2054 1533 2109 est.
1571 2047 1664 2108 Porro
1682 2068 1734 2127 op·

85 2144 229 2224 Caplram,
242 2152 272 2204 et
285 2144 571 2224 Constantinopolim
583 2148 698 2212 euntes,
708 2160 801 2201 nares
812 2160 885 2201 suas
941 2140 1040 2223 pidum
1066 2139 1167 2212 Tullo,
1193 2142 1279 2202 ctiam
1302 2140 1409 2203 Basilii
1433 2148 1565 2223 tempore
1589 2141 1735 2221 proprium

86 2243 224 2297 onerant:
250 2235 329 2314 quod
350 2236 512 2315 plerunque
538 2236 569 2295 iit
594 2237 623 2295 in
648 2239 797 2303 autumno,
822 2232 884 2314 plu·
942 2236 1099 2315 principem
1119 2233 1256 2298 babebat.

86 2333 173 2391 riusa
191 2331 259 2391 anni
279 2336 371 2410 parte,
391 2348 456 2389 nam
478 2326 589 2389 Tanais
606 2328 800 2389 ibialiisanni
814 2332 884 2386 tcm·
1018 2326 1129 2387 Tanais
1149 2328 1255 2388 durius
1273 2326 1500 2400 famosissimus,
1521 2329 1571 2408 qui
1586 2326 1738 2409 Europam

87 2424 209 2502 poribus
229 2442 286 2481 non
298 2420 584 2501 itaaquisabundat,
602 2427 885 2483 utoneratasnarcs
941 2422 979 2481 ab
999 2420 1078 2480 Asia
1096 2420 1288 2492 disterminat,
1307 2428 1374 2481 octo
1394 2421 1486 2482 terme
1498 2421 1612 2483 aTulla
1629 2422 1660 2481 in
1674 2419 1736 2481 Me

88 2517 165 2575 bene
185 2515 261 2575 terre
285 2520 384 2593 (queat.
423 2514 637 2575 Dominabatur
664 2512 768 2574 liezan
795 2532 884 2593 quau·
942 2513 1046 2575 ridicm
1070 2514 1230 2575 miliaribus
1260 2513 1392 2574 nonnihil
1417 2516 1446 2575 in
1472 2514 1624 2575 Orientem
1648 2514 1736 2574 delle

87 2608 186 2688 doque
207 2608 339 2669 Basilius
359 2628 484 2686 magnus
503 2607 573 2679 dux,
593 2610 785 2688 quisororem
796 2607 885 2667 loan-
942 2606 1058 2674 utendo,
1077 2608 1176 2677 oritur,
1195 2628 1301 2667 nonex
1313 2606 1442 2685 Ripbeis
1453 2608 1611 2677 montibus,
1630 2596 1665 2666 ut
1675 2606 1737 2686 qui·

89 2703 136 2761 nis
155 2701 261 2764 Basilii
282 2703 379 2779 magni
400 2701 486 2761 ducis
505 2700 677 2761 Moscoriae
696 2700 827 2769 duxerat,
846 2718 886 2760 ex
942 2700 1009 2761 dam
1031 2699 1199 2779 prodidere:
1219 2700 1275 2761 scd
1300 2721 1336 2761 ex
1356 2703 1582 2772 lvanovoosero,
1602 2698 1660 2759 boc
1678 2703 1736 2769 cat,

89 2816 125 2854 ea
143 2816 201 2873 que
212 2792 595 2855 loannemetheodorum
607 2798 789 2874 susceperat.
809 2792 886 2853 blor-
942 2794 1069 2855 loannis
1087 2793 1155 2853 laeu
1174 2795 1296 2873 ingenti,
1316 2795 1366 2874 qui
1385 2795 1416 2853 in
1435 2793 1658 2873 longitudineet
1675 2792 1739 2853 lati·

89 2894 140 2947 tuo
159 2886 290 2957 Basilio,
320 2887 454 2946 loannes
479 2886 558 2945 lilius
578 2887 726 2949 succedit:
766 2886 817 2964 qui
846 2906 886 2945 ex
943 2887 1044 2948 tudina
1065 2887 1179 2947 circiter
1204 2885 1280 2948 1500
1304 2893 1386 2948 verat
1408 2893 1506 2969 patctr
1529 2889 1619 2967 inque
1642 2885 1738 2966 sylva,

89 2998 182 3041 uxore
208 2979 293 3041 Knes
319 2977 470 3039 Theodori
496 2977 608 3039 Babica
635 2980 708 3049 tilia,
733 2975 886 3047 Basiliam,
944 2999 1031 3060 quarn
1050 2978 1169 3060 quidam
1187 2978 1415 3052 Okonitalrilies,
1433 2979 1739 3063 aliiJepiplranorlies

89 3072 278 3133 Theodorum
299 3078 329 3133 et
345 3072 489 3133 loannem
509 3071 586 3131 lilios
605 3074 714 3151 genuit,
735 3072 887 3151 exquibus
943 3072 1101 3153 appellant,
1122 3079 1215 3133 orbum
1234 3073 1333 3135 babet.
1372 3074 1421 3136 lix
1439 3074 1499 3137 boc
1516 3076 1583 3136 lacu
1603 3072 1740 3135 Sebatet

89 3173 203 3227 mortuo
222 3172 315 3247 patre,
335 3166 455 3227 maximi
476 3170 543 3225 natu
560 3164 617 3225 duo
638 3166 698 3237 filii,
719 3165 788 3225 dum
810 3165 887 3246 quie
945 3167 1065 3229 Tanais.
1085 3186 1191 3244 magua
1209 3166 1267 3227 duo
1287 3168 1420 3240 damino,
1447 3173 1608 3249 emergunt,
1646 3165 1740 3227 Sciret

89 3260 226 3338 quesibi
247 3261 400 3340 imperium
419 3258 576 3319 vendicare
596 3261 704 3330 nititur,
724 3259 754 3317 in
774 3258 887 3338 eampis
944 3261 973 3320 in
994 3259 1197 3331 Occidentem,
1218 3259 1305 3342 Uppa
1324 3262 1412 3323 lluvio
1432 3263 1461 3323 in
1487 3284 1523 3323 sa
1542 3258 1739 3340 recepte,Oc·

91 3353 319 3413 Raaaacnsibue
337 3354 501 3431 congressi,
525 3354 617 3413 annis
635 3352 836 3413 decertaruntr
855 3352 886 3409 in
944 3374 1008 3414 eam
1027 3355 1102 3414 inter
1121 3352 1316 3415 Occidentem
1336 3362 1367 3417 et
1379 3356 1613 3437 Septentrionem
1638 3355 1740 3415 induit.

90 3467 149 3525 qua
166 3466 266 3527 pugna
285 3446 358 3506 alter
377 3447 524 3517 occubuit,
545 3464 601 3505 nec
621 3446 710 3506 multo
732 3448 809 3522 post,
837 3444 886 3523 qui
946 3445 1058 3507 Τιιιιιιίε
1076 3453 1174 3508 autem
1198 3450 1289 3529 primo
1315 3469 1404 3511 cursu
1427 3456 1509 3511 recta
1531 3451 1561 3510 in
1587 3447 1740 3508 Orientem

91 3541 183 3600 victor
194 3542 299 3608 luerat,
318 3540 348 3597 in
359 3539 472 3599 eisdem
484 3539 598 3619 eampis
609 3540 737 3607 moritur,
757 3538 787 3596 in
801 3539 887 3618 cujus
944 3541 1015 3611 lluit,
1035 3546 1124 3620 atquo
1143 3543 1218 3601 inter
1237 3544 1338 3603 Casan
1360 3549 1391 3603 et
1408 3542 1742 3619 Asmcbunroqnaaax

90 3633 320 3702 reimcmoriam,
339 3633 572 3710 signumerucis,
585 3651 621 3691 ax
636 3632 741 3691 robore
756 3630 795 3689 ibi
809 3648 887 3689 crec-
944 3633 993 3693 vcl
1011 3639 1125 3712 septem
1144 3635 1307 3697 miliaribus
1327 3636 1397 3700 Gar.
1423 3657 1442 3697 a
1466 3635 1564 3713 Volgo
1587 3633 1676 3693 durio
1700 3630 1741 3691 la·

95 3730 236 3785 tumeat.
274 3724 415 3785 Minimus
435 3730 514 3795 natu,
533 3725 582 3803 qui
594 3725 739 3786 extribus
751 3722 888 3784 iratribus
945 3727 1034 3787 bitur:
1061 3727 1128 3788 dein
1154 3729 1264 3790 rellexo
1288 3731 1316 3788 in
1342 3729 1494 3791 lileridiem
1519 3747 1591 3786 curu
1615 3720 1742 3804 paludes

89 3818 190 3878 adbuc
208 3824 357 3897 eruperaet,
378 3820 493 3895 cognita
511 3818 629 3879 fratrum
647 3837 765 3878 suorum
786 3822 888 3888 morto,
945 3820 1024 3892 iacit,
1053 3842 1128 3901 quas
1147 3822 1307 3883 Maeotidis
1333 3825 1448 3881 vocant.
1492 3818 1542 3880 Ad
1567 3821 1635 3900 ejus
1658 3838 1741 3897 porro
1781 3818 1789 3833 ’

91 3911 242 3991 adjunctis
261 3910 320 3970 sibi
341 3909 479 3979 Tamaris,
493 3912 665 3990 principatu,
684 3931 737 3991 pro
758 3930 815 3989 quo
834 3909 887 3973 ira·
946 3914 1045 3974 lentes
1070 3917 1199 3994 proxima
1225 3916 1330 3974 civitas
1354 3920 1403 3973 est
1427 3912 1524 3984 Tulle,
1549 3931 1640 3993 supra
1664 3912 1743 3972 ostia

92 4022 156 4063 ures
175 4002 405 4075 decertaverunt,
425 4024 570 4084 quemque
590 4008 681 4063 mater
700 4000 799 4063 adbuc
823 4023 887 4080 poe
946 4028 1016 4067 vero
1028 4009 1122 4067 tribus
1144 4006 1207 4067 lere
1226 4008 1255 4067 in
1278 4008 1373 4067 littore
1394 4008 1553 4068 miliaribus
1572 4004 1678 4085 Asoplr
1704 4005 1743 4065 ci

93 4094 220 4163 sidebat,
239 4097 267 4155 ri
287 4098 395 4176 pusoz
414 4098 521 4178 quibus
546 4097 685 4177 peractis,
711 4114 777 4155 cum
802 4095 888 4157 Duce
946 4102 1034 4169 vitas,
1054 4120 1131 4178 quac
1151 4103 1233 4180 prius
1254 4098 1743 4181 Tauasvoeabatur,supral1unc

93 4188 267 4249 Moscoviae
288 4191 358 4267 agit,
377 4197 409 4251 ut
429 4187 673 4270 quemadmodum
692 4190 821 4271 majores
842 4188 889 4249 sui
948 4198 1071 4271 quatuor
1092 4193 1202 4253 dierum
1222 4195 1325 4255 itinere
1343 4195 1448 4257 Aebns
1467 4194 1602 4277 oppidum
1628 4201 1686 4263 cst,
1703 4189 1743 4253 ad

92 4283 202 4343 nemini
222 4282 363 4353 obstricti,
382 4303 448 4345 cunr
467 4284 659 4363 principatum
680 4281 890 4341 libaratenuia·
948 4284 1073 4346 eundem
1090 4286 1209 4348 llurium
1228 4290 1325 4361 situm,
1345 4311 1430 4370 quem
1449 4288 1581 4350 Rutheni
1605 4287 1674 4346 Don
1693 4304 1742 4363 ap

92 4384 170 4446 sent,
189 4396 283 4456 posse
303 4374 468 4456 dicentque,
488 4377 529 4436 itu
549 4396 585 4436 se
604 4394 723 4455 quoque
748 4376 890 4452 imperare
947 4380 1067 4459 pellant.
1098 4379 1187 4442 Hunc
1205 4384 1242 4443 ab
1261 4386 1434 4465 optimorum
1454 4385 1578 4463 piscium
1589 4380 1675 4459 copia
1683 4377 1742 4435 sin-

91 4471 213 4529 sineret.
253 4468 332 4530 Dum
358 4469 434 4529 baec
460 4470 666 4546 pacisceretur,
692 4468 732 4529 ad
755 4488 890 4546 magnum
948 4471 1051 4553 galeri,
1071 4476 1140 4535 itera
1160 4479 1346 4548 amoenitate,
1367 4478 1444 4558 quod
1469 4482 1592 4554 utraque
1616 4468 1744 4530 fluminiss

92 4562 260 4643 Principem
292 4562 410 4623 delatus
435 4566 497 4631 est,
527 4562 607 4640 quod
631 4563 711 4640 regis
736 4561 891 4633 Tauricae,
947 4568 1010 4647 ripa
1029 4567 1156 4629 diversis
1175 4570 1290 4643 herbis,
1315 4571 1523 4647 radicibusque
1548 4560 1743 4629 suavissimis,

92 4677 152 4735 (1¹¹⁰
178 4676 244 4716 ⁰¹¹¹
263 4654 392 4733 principi
419 4653 526 4713 'Milium
554 4661 631 4725 θῐᾶΐ,
657 4655 744 4717 liliam
769 4674 890 4717 uxorem
948 4660 987 4721 ad
1007 4660 1083 4723 baec
1101 4663 1254 4725 arboribus
1267 4666 1425 4726 fructiferis
1435 4661 1575 4742 plurimis,
1595 4655 1744 4733 variisque

92 4754 260 4829 expeteret,
279 4768 369 4829 quam
390 4748 428 4806 ob
448 4766 510 4807 rem
530 4766 596 4805 cum
615 4768 634 4808 a
652 4748 786 4827 Principe
808 4768 891 4811 voca·
949 4755 979 4814 in
998 4754 1114 4816 modurn
1133 4756 1219 4830 horti,
1240 4761 1325 4839 quasi
1337 4748 1614 4830 industriaquadam
1627 4748 1744 4809 exculta

94 4848 143 4903 1¹¹⁸
162 4843 282 4913 suisset,
301 4847 381 4903 ΜΝ
401 4842 557 4902 adventum
570 4839 674 4911 tardat,
693 4840 891 4920 protrahitque
949 4854 1039 4926 atque
1057 4852 1174 4911 consita
1197 4854 1253 4921 sit,
1279 4854 1356 4911 saris
1382 4846 1502 4906 laudare
1526 4863 1584 4903 non
1609 4846 1741 4923 possunt.

94 4935 213 4999 tandem
231 4957 251 4996 a
272 4936 413 4997 Simeone
434 4935 553 5006 Cmbin,
576 4950 635 4993 uno
654 4953 691 4993 en
717 4933 892 4995 consiliariis
949 4940 989 5000 Et
1008 4942 1086 5019 quod
1102 4948 1184 5004 tanta
1202 4944 1336 5013 serarum,
1356 4959 1433 5021 qnae
1450 4958 1541 5022 parvo
1560 4937 1677 5017 negotio
1696 4954 1743 4997 η.

92 5031 158 5090 ⁸¹¹5!
177 5047 351 5110 pennum,
372 5030 401 5087 in
419 5028 601 5090 Mowoviw
618 5025 824 5108 proficiflssiiub
842 5028 891 5089 ubi
950 5033 1031 5111 qittis
1050 5036 1249 5104 coniiciuntur,
1268 5035 1308 5094 ibi
1327 5037 1366 5097 sit
1387 5035 1488 5116 cupiat
1505 5039 1538 5094 ut
1555 5053 1609 5114 per
1622 5052 1659 5091 ea
1677 5029 1744 5089 loca

92 5122 246 5202 Principis
260 5123 351 5203 jussu
370 5128 485 5201 captus,
504 5117 763 5187 liboriscustediis
774 5118 892 5183 urnia·
950 5126 1005 5187 iter
1023 5122 1178 5198 ledentes,
1195 5127 1235 5189 ad
1253 5130 1342 5195 uitam
1361 5125 1584 5193 ιιιιιιοιιῐιιιιᾶιι
1595 5122 1745 5188 oullaalie
