3742 5626
109 212 142 266 ii
703 212 830 268 ltllliUbi
849 211 1179 269 moscovrttcliwnl

108 369 136 425 iu
157 386 275 444 regnum
288 363 457 441 ilungariac
477 362 647 422 debebatur.
681 361 749 433 Qua
768 364 911 425 decauss

107 479 181 518 saue
211 454 432 516 Maximilianus
467 476 524 515 sua
566 455 674 515 relerre
712 459 909 526 existimabat,

106 550 241 610 Moscum
276 554 451 628 perpetuum
482 547 696 610 Litbuanorum
728 557 758 611 et
784 550 910 611 Poiono·

105 663 167 703 mm
188 639 322 710 hostem,
352 640 410 701 sibi
430 639 540 703 habco
561 644 758 723 conjunctum.
796 645 838 700 At
857 659 909 719 po·

105 739 258 812 steaquam
288 739 433 793 movente
465 732 504 793 ad
532 732 692 797 Posonium
724 734 839 802 babito,
871 729 910 790 de

104 827 211 886 Annae
244 827 355 906 nuptiis
380 827 455 886 inter
473 825 707 890 Maximilisnum
737 829 767 883 et
791 821 909 883 Vladis·

104 920 198 990 laum,
229 924 386 1000 praesente
412 925 443 978 et
464 919 582 981 favente
600 914 808 998 Sigisnmndo,
840 933 908 975 con-

103 1013 197 1083 venit,
228 1012 368 1072 extinctis
388 1012 486 1074 subito
507 1019 538 1072 et
555 1011 684 1073 sublatis
703 1007 840 1067 omnibus
860 1028 909 1066 su·

103 1105 286 1185 spicionibus
306 1110 337 1165 et
355 1105 569 1172 simultatibus,
600 1109 660 1161 tam
681 1105 762 1159 arete
782 1100 908 1181 comple·

102 1217 160 1257 xus
180 1202 228 1258 cst
241 1195 463 1275 sigismundum
471 1192 705 1260 Maximiiianus,
724 1197 758 1252 ut
778 1214 835 1254 non
857 1191 908 1253 du·

104 1290 209 1351 bitaret
233 1291 410 1370 quandoque
435 1288 549 1355 dicere,
583 1285 681 1365 (quod
700 1285 770 1346 alibi
790 1305 909 1366 quoque

102 1383 279 1458 retulimus)
310 1402 347 1441 se
373 1400 440 1440 cum
459 1377 651 1456 Sigismundo
671 1384 702 1439 et
721 1377 760 1439 ad
779 1399 909 1460 superos

102 1483 133 1535 et
165 1475 202 1536 ad
236 1473 348 1534 inferos
374 1491 446 1531 esse
472 1471 588 1531 itumm.
643 1470 683 1531 Et
702 1472 729 1532 si
749 1473 835 1550 igitur
854 1471 909 1532 fuit

101 1574 233 1648 tempus,
264 1585 330 1625 cum
348 1563 567 1625 Marimiiianus
599 1565 656 1624 sibi
682 1564 819 1625 bloseum
848 1563 907 1624 soe·

102 1659 234 1721 deratum
262 1677 333 1719 esse
358 1657 464 1718 vellet:
493 1664 591 1719 tamen
618 1660 645 1718 ei
665 1659 779 1735 regium
801 1675 907 1714 nomen

102 1774 248 1833 nunquam
276 1751 391 1812 tribuit:
423 1750 502 1833 quod
531 1752 624 1811 literis
651 1756 681 1809 et
706 1749 909 1808 instrumentis

101 1848 236 1924 utrinque
269 1843 347 1905 detis
374 1850 404 1903 et
431 1845 579 1925 acceptis,
613 1841 700 1903 iaeile
725 1840 907 1920 comprobari

100 1943 213 2020 potest,
244 1937 272 1998 si
301 1937 349 1998 cui
377 1935 452 1997 torte
476 1936 678 1997 testimonium
703 1952 820 2004 meum,
850 1935 908 1993 etsi

100 2051 200 2092 rerum
220 2035 251 2092 et
268 2029 371 2101 fidele,
397 2031 497 2090 minus
516 2026 656 2110 ponderis
676 2025 788 2089 behem
810 2026 906 2087 videa·

100 2131 155 2186 tur.
196 2123 257 2185 Cur
275 2142 345 2183 vero
365 2121 444 2182 buce
464 2121 579 2184 titulum
598 2121 636 2181 ab
657 2123 834 2202 imperatore
844 2119 906 2180 lila-

100 2218 248 2280 ximlbano
269 2221 383 2295 peteret
401 2214 542 2286 blesens,
568 2215 617 2293 qui
645 2220 801 2292 antequam
828 2215 905 2293 quie·

99 2332 185 2391 quam
206 2310 354 2369 intereos
374 2310 488 2389 negocii
509 2313 607 2378 esset,
635 2328 693 2367 non
712 2305 801 2366 modo
823 2327 858 2366 se
878 2307 905 2366 ei

99 2421 214 2484 parem,
234 2401 291 2462 sed
311 2402 397 2462 etiam
416 2403 597 2481 superiorem
617 2400 710 2460 videri
731 2400 837 2468 roiuit,
858 2419 907 2458 no·

101 2515 169 2556 meu
189 2514 276 2557 suum
296 2499 327 2554 et
345 2494 459 2562 titulum
478 2513 597 2574 semper
620 2493 807 2572 imperatorio
827 2512 908 2569 prae·

101 2607 233 2670 ponens,
262 2587 327 2648 sive
347 2587 528 2665 loqueretur,
558 2586 623 2644 sive
644 2584 801 2644 scriberet:
828 2583 909 2662 quod

102 2702 180 2742 nunc
198 2700 332 2761 quoque,
358 2685 391 2738 ut
409 2678 517 2739 dietum
538 2685 601 2746 est,
621 2699 676 2736 scu
698 2676 844 2738 mordicus
864 2696 908 2735 re·

101 2776 219 2836 tinctur.
268 2775 310 2834 At
334 2771 464 2851 Regium
490 2792 609 2838 nomen,
642 2791 678 2828 ne
704 2767 741 2828 ad
764 2767 907 2827 Poloniae

102 2867 219 2947 quidem
245 2884 345 2943 regem
370 2866 522 2935 scribens,
555 2870 624 2944 post
650 2882 747 2922 meum
768 2882 805 2920 er
827 2859 907 2920 illos-

103 2962 189 3020 eovia
215 2957 338 3017 reditum
358 2958 524 3038 usurpavit
568 2955 634 3015 Hoc
653 2953 772 3032 quidem
791 2955 819 3014 iu
839 2974 907 3014 con·

102 3053 186 3112 fesso
206 3056 269 3119 est,
289 3048 369 3128 quod
386 3049 425 3110 ad
446 3051 665 3128 imperatorem,
692 3053 744 3107 aut
762 3067 907 3106 summum

102 3145 273 3205 Pontiiicem
292 3141 443 3211 scribens,
464 3161 499 3201 se
510 3139 626 3218 Regem
647 3147 676 3200 et
689 3138 845 3199 Dominum
867 3145 907 3197 to·

101 3237 161 3297 tius
186 3234 317 3295 Rassiae
337 3241 431 3295 vocat.
482 3229 562 3302 Quin
584 3253 621 3292 ne
641 3231 827 3311 inperatorio
846 3231 907 3309 qui·

101 3327 169 3388 dem
195 3328 313 3386 nomine
331 3326 477 3393 abstinet,
507 3326 533 3384 si
555 3346 631 3404 quas
655 3323 728 3383 iortc
749 3322 849 3383 literas
870 3343 906 3383 ex

101 3418 242 3482 Rutbena
274 3419 373 3498 lingua
404 3420 432 3477 in
460 3418 595 3477 Latirram
628 3437 733 3476 versas
757 3415 906 3497 adjungit:

102 3513 235 3574 cimirun
261 3512 337 3594 ipsis
357 3511 564 3590 interpretibus
584 3529 686 3569 vocem
709 3508 799 3579 Czar,
829 3530 905 3588 quae

101 3604 215 3684 Regem
233 3606 394 3684 significat,
414 3602 820 3684 inperatore-vertentibus.
851 3603 904 3662 At·

100 3721 159 3781 que
184 3697 264 3760 bunc
290 3701 320 3759 iu
340 3695 456 3757 modun
474 3695 551 3756 idern
572 3714 608 3754 se
628 3700 658 3754 et
679 3714 779 3773 regem
800 3700 831 3755 et
852 3697 905 3754 im·

99 3801 263 3874 perstarem
290 3791 369 3851 iacit
420 3786 484 3848 Sed
508 3786 588 3866 quod
607 3787 645 3846 ab
667 3787 906 3867 imperatoribus.

100 3885 313 3954 biuimiliano,
333 3884 437 3964 ejusve
457 3880 630 3959 nepotibus,
649 3885 768 3939 creatus
777 3880 818 3938 sit
828 3877 905 3947 Rex,

99 3979 129 4037 in
150 3975 294 4036 Poloniae
313 3993 413 4052 regum
433 3972 582 4054 injuriam,
616 3971 646 4031 id
666 3990 753 4031 semo
773 3970 903 4031 eredide-

100 4069 145 4130 rit
187 4065 338 4138 Quorsum
360 4066 439 4125 enim
457 4065 609 4134 attineret,
630 4085 697 4124 eum
717 4061 843 4142 Regiam
863 4063 903 4123 di·

99 4162 255 4242 mitatem,
285 4163 319 4219 ut
337 4157 417 4219 ieme
435 4163 498 4226 est,
518 4177 538 4218 a
556 4178 671 4218 summo
692 4155 836 4218 Pontifice
855 4178 904 4238 pe·

98 4261 176 4323 tere,
196 4254 224 4313 si
243 4271 309 4312 su
327 4255 417 4312 ube
431 4251 470 4311 ab
482 4251 711 4331 imperatoribus
724 4251 903 4331 accepisset.

98 4347 198 4423 Atque
218 4343 294 4406 lraec
314 4342 429 4422 quiden
450 4342 529 4403 dieta
548 4344 609 4402 sint
628 4363 682 4423 pro
702 4342 902 4404 Maximiiiano

100 4440 251 4515 Augusto,
282 4435 398 4496 domino
426 4455 512 4496 meo:
546 4436 597 4514 qui
616 4434 807 4513 Sigismundo
832 4439 902 4515 regi,

96 4529 195 4613 quoad
215 4531 301 4600 vixit,
321 4535 421 4590 certem
441 4535 471 4588 et
489 4529 627 4588 sincems
645 4529 758 4589 amicus
779 4529 843 4593 suit.

168 4623 217 4684 De
236 4643 282 4684 ιο
302 4642 372 4684 sero
392 4623 459 4703 ipso
480 4619 551 4700 quid
568 4619 684 4682 dioamt
719 4619 789 4692 Qua
808 4621 903 4682 iroote

98 4737 210 4796 quaeso
243 4714 368 4776 fuissem
393 4734 503 4785 ausus,
535 4714 625 4774 toties
651 4721 681 4774 et
700 4715 729 4774 in
750 4713 901 4775 Poioniam

97 4816 127 4870 et
152 4812 180 4868 in
201 4807 388 4870 Litbuaniam
415 4827 534 4868 currere
553 4826 590 4868 se
608 4826 773 4878 resumere,
808 4809 836 4866 in
857 4829 900 4867 re·

96 4921 165 4981 gum
184 4900 326 4964 l’oloniae
336 4898 522 4982 sigismundi
542 4901 636 4982 patris
656 4901 755 4980 etiiiii
776 4921 900 4982 conspe·

97 5001 174 5054 mum
201 4995 315 5064 venire,
345 4995 473 5075 publicis
496 4991 678 5055 Polonoruru
706 4996 901 5055 conventibus

96 5090 259 5153 interesse,
292 5088 371 5147 vires
398 5082 551 5168 Principes
572 5087 693 5157 intueri,
726 5087 899 5148 sicommo·

97 5179 217 5240 (leuem
240 5197 358 5257 operam
378 5174 435 5240 hro
454 5179 485 5239 in
505 5199 537 5241 re
557 5200 651 5244 neam
671 5178 802 5260 Principi
824 5202 898 5253 seo,

968 368 1056 446 cujus
1075 366 1194 423 nomine
1213 383 1248 425 ae
1269 365 1382 434 verbis,
1416 364 1558 435 fraterne,
1586 364 1698 430 amics,
1725 361 1779 422 bs·

969 459 1056 534 nigne
1075 478 1112 516 ec
1133 457 1290 528 benevole,
1312 464 1342 518 et
1360 455 1439 536 Regi
1460 467 1490 519 et
1500 457 1665 518 Ordinibus
1684 456 1780 515 onsi-

968 550 1027 610 bus
1045 548 1284 628 frequentissime
1304 549 1412 623 detuli,
1436 550 1577 630 quiequid
1597 570 1618 611 a
1635 550 1777 608 coniunc-

967 641 1097 712 tissimo,
1130 644 1256 724 optimo,
1285 644 1572 704 et·clemcutissimo
1592 645 1777 722 imperatore

968 734 1074 796 deterri
1095 740 1218 816 posseti
1257 736 1293 798 Si
1313 737 1422 798 nullum
1442 743 1490 796 est
1509 743 1671 805 secretum,
1686 731 1775 813 guod

968 848 1025 888 noo
1056 829 1218 890 reveletur:
1250 836 1330 893 certe
1360 834 1387 891 si
1413 829 1655 910 quidisdrgm·
1673 826 1775 887 cilicis

967 941 1033 981 meo
1053 921 1258 993 admisissem,
1279 925 1309 983 id
1328 923 1439 984 dudum
1460 925 1489 983 in
1506 923 1601 983 iucem
1613 921 1776 1001 erupi-seo

967 1012 1030 1074 Sed
1061 1014 1199 1074 consolor
1222 1033 1270 1072 mo
1295 1017 1366 1074 recti
1385 1017 1582 1086 conscientia,
1613 1033 1672 1092 pua
1692 1010 1776 1072 nulia

968 1112 1015 1168 est
1045 1106 1209 1166 consolatio
1236 1105 1348 1166 firmior.
1400 1107 1439 1166 Et
1463 1110 1622 1186 acquiesco
1643 1108 1777 1168 suaviter

967 1201 996 1260 in
1016 1199 1133 1277 Regum
1155 1197 1295 1258 Poloniao
1315 1201 1422 1274 gratis,
1455 1219 1491 1258 ae
1511 1207 1693 1261 caeteromm
1712 1199 1774 1260 Po·

966 1293 1065 1355 ioniae
1090 1291 1223 1352 ordinum
1250 1292 1469 1361 benevolentia,
1502 1311 1588 1370 quarn
1608 1292 1679 1352 mibi
1701 1316 1776 1356 nun-

966 1407 1054 1467 quam
1075 1385 1211 1446 defuisse
1231 1383 1376 1444 recordor.

1043 1478 1176 1540 Fuerunt
1195 1477 1270 1537 sorte
1291 1484 1438 1556 tempora,
1458 1475 1646 1553 quibustelia
1658 1479 1776 1538 minore

967 1590 1055 1650 quam
1077 1590 1154 1630 nune
1174 1570 1284 1630 invidis
1303 1573 1401 1649 spargi
1415 1570 1589 1646 potuissent.
1619 1568 1682 1627 Sed
1695 1570 1776 1629 haec

967 1664 1026 1722 seri
1047 1662 1104 1722 boc
1123 1668 1270 1740 tempore,
1301 1660 1371 1738 quid
1391 1667 1439 1720 est
1459 1660 1553 1730 aliud,
1574 1679 1661 1740 quom
1683 1680 1775 1739 quae-

967 1774 1032 1814 rere
1052 1754 1167 1825 modos,
1187 1752 1225 1813 ad
1246 1752 1776 1815 dissociandasconiunetissimorum

967 1846 1135 1927 Principum
1156 1846 1338 1916 voluntates,
1359 1866 1437 1926 quac
1454 1847 1590 1906 omnibus
1610 1844 1718 1906 studiis
1729 1854 1775 1908 st·

967 1960 1026 2020 que
1043 1939 1150 2000 officiis
1162 1937 1349 2020 copulandae
1362 1948 1392 1998 et
1403 1938 1635 2000 consolidandaa
1648 1942 1777 2002 emur

967 2032 1150 2093 Videbantur
1180 2038 1248 2094 acta
1276 2038 1427 2093 bansaeta
1452 2051 1523 2091 esse
1549 2033 1661 2102 omnia,
1695 2029 1776 2114 qua'e

967 2146 1052 2186 nemo
1079 2146 1137 2185 non
1162 2127 1284 2207 putabet
1303 2123 1341 2185 ad
1360 2123 1502 2204 reliquias
1521 2124 1691 2204 llungsrias
1710 2146 1776 2187 ser·

966 2219 1096 2290 vendas,
1129 2224 1160 2280 et
1186 2217 1223 2279 ad
1245 2219 1339 2279 mbsa
1359 2217 1576 2298 recuperanda,
1611 2219 1773 2281 maximum

965 2318 1143 2373 momentum
1172 2332 1244 2373 esse
1273 2311 1416 2372 habitura.
1467 2309 1576 2370 Vemm
1603 2312 1712 2390 quibus
1736 2333 1777 2375 es

966 2427 1015 2466 res
1034 2412 1065 2465 et
1083 2395 1152 2501 a'gts
1171 2424 1278 2484 magno
1297 2404 1375 2463 bono
1398 2403 1466 2473 tuit,
1487 2408 1518 2462 et
1536 2405 1663 2484 amplius
1675 2404 1775 2468 lutura

967 2504 1043 2568 erat,
1073 2498 1104 2558 bi
1124 2501 1189 2559 sive
1210 2497 1354 2566 Tercico,
1374 2496 1438 2555 sive
1458 2497 1516 2555 alio
1537 2498 1675 2577 quopiam
1694 2499 1774 2560 melo

966 2593 1071 2673 spiritu
1089 2591 1196 2661 aldati,
1216 2595 1428 2670 pectorumque
1448 2595 1478 2648 et
1498 2596 1707 2651 conventomm
1721 2593 1773 2652 ob·

966 2685 1023 2754 liti,
1059 2706 1108 2745 res
1136 2703 1229 2744 ueras
1254 2688 1284 2742 et
1308 2683 1494 2763 perniciosas
1513 2682 1681 2744 moliuntur:
1712 2704 1771 2743 uon

967 2783 1138 2860 reputantes
1155 2795 1273 2847 secum,
1295 2776 1323 2835 in
1344 2780 1485 2853 quantum
1506 2774 1663 2835 discrimen
1683 2782 1771 2837 etse-

967 2874 1066 2953 ipsos,
1088 2877 1118 2930 et
1137 2871 1250 2930 vicinas
1269 2869 1452 2950 pmvlneias‚
1472 2888 1508 2928 ac
1526 2869 1556 2926 in
1576 2867 1771 2948 primisllun-

966 2965 1094 3044 goriam,
1126 2963 1165 3022 de
1190 2963 1329 3023 universo
1354 2963 1471 3022 nomine
1493 2959 1663 3021 Christiano
1683 2981 1773 3040 qua·

966 3058 1073 3137 optimo
1094 3057 1242 3125 merium,
1262 3056 1321 3114 sint
1340 3053 1505 3116 adducturi.

966 3367 1122 3464 llbllilS
1173 3365 1477 3462 lliiilltlliliblllll
1519 3362 1775 3464 relicuus

1043 3597 1170 3668 Morem,
1202 3617 1259 3676 quo
1280 3596 1434 3675 Principes
1454 3593 1630 3656 Moscovise
1649 3597 1771 3676 insuffl-

964 3697 1077 3762 mutor,
1110 3710 1242 3769 sequens
1262 3687 1400 3757 i'ormula,
1434 3707 1521 3766 quam
1542 3708 1601 3747 non
1620 3688 1662 3749 ita
1680 3687 1772 3751 i'sclle

965 3789 1144 3844 consecutos
1164 3803 1247 3853 sum,
1266 3783 1318 3842 tibi
1338 3779 1493 3862 depinget:
1515 3787 1545 3840 et
1564 3800 1708 3859 quausns
1721 3789 1772 3843 est

965 3876 1092 3955 Magnus
1111 3876 1181 3936 Dur
1202 3877 1330 3936 loannes
1350 3871 1469 3943 Basilii,
1489 3892 1556 3933 cum
1574 3892 1663 3933 suum
1679 3892 1771 3956 nepe·

964 3975 1022 4030 tem
1034 3969 1228 4038 Demetrium,
1247 3973 1378 4028 utantea
1387 3966 1518 4034 memini,
1537 3963 1680 4043 Magnum
1691 3964 1771 4029 duee

965 4071 995 4124 et
1015 4061 1202 4122 monarcham
1222 4059 1354 4120 Russiae
1374 4060 1572 4119 investiverat.

1042 4157 1075 4216 ln
1095 4153 1190 4214 medio
1209 4152 1309 4233 tempii
1330 4151 1415 4211 divae
1429 4150 1575 4228 Virginis,
1595 4151 1716 4230 erigitur
1725 4159 1769 4215 tr·

964 4249 1111 4318 buiatum,
1142 4266 1232 4327 super
1252 4267 1311 4324 quo
1331 4245 1385 4303 tria
1405 4241 1526 4313 sedilia,
1551 4243 1618 4304 Aeo
1641 4242 1770 4316 musar,

963 4341 1086 4422 Nepoti,
1119 4349 1148 4400 et
1167 4338 1396 4419 M‘otropolitano
1416 4336 1605 4398 collocantur.
1650 4336 1768 4400 Cold-

963 4437 1052 4496 tuitur
1072 4436 1141 4494 item
1161 4436 1348 4510 suggestum,
1368 4428 1446 4507 quod
1466 4431 1524 4507 ipsi
1537 4427 1625 4489 Nolai
1645 4434 1768 4493 meunt:

962 4547 1130 4608 superque
1150 4523 1275 4584 linealis
1295 4523 1407 4603 pileus,
1440 4528 1470 4580 et
1490 4520 1611 4592 barma,
1642 4520 1703 4586 boe
1718 4530 1769 4585 est

961 4625 1163 4681 ornamentum
1183 4615 1313 4687 Ducele,
1336 4621 1490 4696 ponuntur.
1529 4612 1620 4687 Post,
1638 4614 1679 4677 ad
1699 4635 1766 4679 eon·

961 4717 1095 4774 stitutum
1114 4717 1233 4791 tempus
1252 4708 1507 4789 Metropolitanus,
1527 4705 1767 4791 Arebiepisespi,

960 4805 1121 4887 Episcopi,
1152 4804 1305 4874 Abbates,
1326 4801 1461 4868 Priores,
1482 4807 1622 4880 totusque
1641 4821 1764 4863 conm-

960 4907 1009 4961 tus
1047 4898 1341 4966 Ecclesiasticomm,
1375 4893 1550 4954 solennibus
1587 4895 1767 4955 oms-entis

960 4993 1050 5054 induti
1083 4992 1200 5054 adsunt.
1251 4989 1360 5066 blegne
1389 4989 1487 5065 itaque
1507 4986 1593 5047 Duce
1619 5004 1686 5047 cun
1706 4987 1765 5048 Ne

960 5094 1029 5170 pote
1064 5086 1202 5166 templum
1243 5080 1440 5159 ingrediente,
1467 5084 1586 5140 ¹canunt
1622 5076 1765 5142 Dircaei:

959 5177 1071 5240 Multos
1096 5197 1191 5238 annos
1212 5175 1261 5234 uni
1283 5173 1360 5235 Daci
1379 5190 1485 5250 magro
1508 5172 1624 5239 loanni,
1658 5190 1764 5235 mn.
