3742 5626
691 166 1090 239 corneam-0
1519 222 1526 235 .
1671 176 1740 243 vn·

62 363 193 429 tamen
224 352 407 427 Morene
451 348 591 423 minime
635 339 801 423 sufficere
843 336 1045 445 videbatur,
1102 338 1175 421 sed¹
1209 346 1445 441 ignominiam·
1477 345 1546 421 sibi
1590 343 1733 443 illatam,

63 501 298 579 ulciscendam
338 525 419 577 esse
461 503 606 575 censuit
670 497 725 573 At
767 521 887 598 quum·
908 496 1080 573 Paulus
1119 497 1177 572 lv
1216 501 1376 575 continno
1416 509 1652 596 cunctaretur,
1698 501 1733 573 ai
1847 572 1850 577 ⁴

64 659 264 752 ignoscere,
298 656 439 749 timeus,
480 676 526 727 ne
556 651 621 728 bec
645 655 791 726 ratione
830 675 871 725 se
886 690 889 695 ·
903 654 1018 750 ipsum
1045 647 1281 725 'condemnare
1313 661 1515 746 cogeretur:
1548 652 1663 727 'Pius
1694 650 1733 726 11

64 819 200 904 contra,
227 827 360 881 summa
384 801 500 879 addito
522 801 646 900 laude,
672 827 752 877 eum
777 820 855 881 non
869 801 974 878 modo
998 806 1212 878 innocentem
1245 781 1436 898 orbicum!
1452 801 1517 877 aed
1541 806 1651 878 etiam
1671 800 1742 879 lc·-

64 970 180 1056 gatum
212 981 313 1032 suum
345 955 445 1052 fecit,
485 958 544 1053 qui
578 951 735 1029 Concilio
762 953 965 1029 Tridentino
998 966 1189 1052 praeesset.
1257 950 1476 1052 Quamquam
1506 957 1542 1027 in
1574 952 1733 1029 malerei

64 1111 228 1206 suffragia
255 1110 378 1203 viginti
404 1117 482 1182 octo
509 1118 631 1183 nactus
655 1106 755 1206 Papa
771 1117 886 1181 tamen
910 1129 978 1181 non
1004 1116 1059 1179 est
1085 1116 1233 1183 creatus.
1293 1101 1391 1182 Obiit
1415 1103 1562 1182 (laland.
1589 1100 1732 1181 Octobr.

63 1284 166 1335 annot
177 1262 287 1337 1580.
314 1257 506 1356 ·1demque
532 1263 635 1335 etiam
662 1262 791 1356 scripta
817 1256 913 1341 lectu
938 1255 1037 1345 haud,
1056 1257 1194 1354 indigna
1219 1256 1371 1357 reliquit.

215 1407 356 1508 Quippe
395 1433 501 1507 quum
524 1407 658 1508 pluries
696 1408 741 1483 ad
774 1407 924 1484 (inmitia
954 1409 1171 1485 Ratisbonaa
1204 1410 1319 1485 babila
1348 1413 1480 1485 missus
1512 1419 1625 1499 easet,
1664 1418 1734 1507 qud

64 1567 168 1640 etlam
194 1586 281 1637 anno
304 1565 408 1651 ¹1th
420 1585 460 1635 se
474 1557 628 1656 contulit,
650 1559 848 1657 ibilegatos
863 1561 1039 1637 Russicos
1059 1561 1260 1659 Principem
1285 1561 1553 1636 Zachariam
1577 1556 1733 1657 (lvan)

63 1713 304 1812 Sugorski,
347 1713 695 1788 Locum-tenentem
736 1710 1048 1805 Bielocserensem
1079 1722 1116 1789 et
1152 1711 1335 1788 Andream
1379 1712 1645 1812 Arcybaschew
1700 1715 1736 1785 in

63 1869 208 1968 patriam
232 1865 451 1964 profecturos
476 1864 574 1939 vidit.
600 1861 796 1962 Epistulam
810 1868 951 1964 scripsit
969 1863 1014 1938 ad
1039 1865 1250 1940 loannem
1273 1863 1540 1962 Basilidem,
1565 1865 1735 1959 Magum

63 2021 221 2115 Ducem,
253 2017 467 2115 alteramque
499 2016 544 2092 ad
574 2014 855 2114 Rudolphum
887 2015 1130 2116 Olenchen,
1170 2043 1274 2116 quem
1313 2042 1396 2091 esse
1429 2016 1517 2091 dixit
1549 2014 1735 2091 Pontificio

10 2240 14 2248 .
64 2198 182 2250 rerum
206 2181 466 2272 procuratorem
497 2167 589 2266 apud
619 2169 760 2243 Ducem
791 2170 1004 2244 Joannem
1034 2167 1283 2244 Basilidem
1315 2170 1384 2244 lV.
1435 2165 1515 2248 Sed
1540 2190 1647 2267 quum
1673 2165 1732 2242 le-

64 2329 136 2423 gati
166 2323 220 2399 illi
254 2321 345 2398 ullas
377 2320 498 2396 literas
530 2322 574 2395 ab
606 2318 676 2396 alio
702 2344 889 2420 qucquam·
908 2320 952 2395 ad
976 2321 1169 2399 Dominum
1206 2324 1362 2420 ipeorrun
1393 2324 1537 2418 missas,
1571 2323 1733 2418 accipere

66 2480 166 2554 vetiti
197 2486 333 2571 essent,
371 2477 439 2549 nisi
478 2498 498 2547 a
531 2469 787 2550 Germanorum
818 2474 1049 2573 Imperatore,
1088 2471 1301 2550 voluntatem
1333 2471 1429 2548 illius
1462 2497 1531 2548 non
1561 2470 1735 2571 expleve-

64 2640 154 2707 runt.
206 2625 312 2706 Unde
342 2626 471 2705 tactum
503 2637 576 2722 est,
609 2637 647 2701 ut
678 2635 823 2724 utraque
856 2625 1004 2725 epistole
1037 2624 1135 2700 illius
1166 2630 1242 2700 sinc
1274 2624 1348 2701 ullo
1379 2626 1497 2700 fructu
1531 2637 1635 2722 atque
1667 2644 1736 2698 usu

65 2793 180 2877 esset,
218 2804 364 2878 quarum
401 2775 615 2876 exemplaria
654 2779 689 2849 in
722 2774 853 2881 aliquot
884 2775 1066 2851 tabulariis
1089 2775 1223 2852 Italicis
1255 2788 1291 2850 et
1326 2773 1547 2852 Germanicis
1587 2783 1736 2851 exstent.

65 2934 149 3008 Nos
180 2953 318 3028 quoque
350 2926 431 3003 illas
462 2930 497 3000 in
536 2924 744 3003 bibliotbeca
773 2927 894 3025 Regia
924 2927 1148 3005 Berolinensi
1179 2935 1270 3004 inter
1302 2926 1453 3004 Codices
1484 2929 1736 3026 manuscriptos

64 3081 225 3178 Italicos,
266 3082 449 3178 inscriptos
482 3078 858 3174 „Inlcrmationes
886 3093 930 3157 et
960 3076 1316 3159 instructiones“
1348 3083 1558 3181 reperimus,
1593 3072 1652 3155 nbi
1684 3076 1738 3173 (in

65 3233 243 3310 volumine
267 3231 407 3309 decimo
433 3232 535 3307 tertio
561 3257 597 3330 p.
621 3229 857 3329 341-361.)
881 3232 949 3312 hoc
972 3231 1073 3309 titulo
1100 3237 1326 3316 continentur·
1386 3326 1393 3347 ,
1425 3282 1429 3289 ·

217 3386 369 3461 Letterc
394 3383 472 3460 dett
497 3383 746 3461 Ilicet-traicere
773 3397 809 3461 et
831 3385 1145 3462 Reeerecdtcrtmo
1171 3383 1310 3483 δέμνιον
1335 3385 1515 3460 Οινάίπαλ
1545 3383 1597 3461 M
1601 3392 1739 3459 orario

66 3550 193 3615 aerina
218 3544 258 3614 ul
283 3536 389 3618 &nn
414 3536 525 3611 Duce
548 3535 803 3621 dtMoccccta
829 3544 890 3613 rael
913 3549 1033 3634 tempo·
1049 3540 1166 3614 cb'eru
1190 3540 1331 3634 Lepete
1363 3536 1537 3634 dtLPepe
1563 3535 1738 3632 orooro

65 3692 215 3768 Decimo
241 3704 336 3766 terzo
362 3689 422 3761 all
448 3687 647 3783 Imperator
672 3687 948 3762 Meaatmilienc
972 3687 1134 3764 Secocdo
1160 3689 1304 3763 L'cnoo
1331 3689 1442 3764 1576.
1475 3687 1555 3762 Cera
1570 3713 1648 3761 amu
1665 3685 1737 3759 Irt-

66 3855 259 3917 structione
290 3849 431 3928 dicero
463 3837 679 3933 Monetpnor
712 3840 961 3937 Illawbualmo
998 3849 1037 3914 ol
1075 3838 1212 3935 Stator
1248 3840 1474 3935 Ridolpbo
1514 3837 1736 3913 Cleocben

67 4001 237 4066 mcdeto
261 4005 303 4063 ira
328 3989 520 4065 Moaccoie
543 4015 568 4060 e
593 4001 757 4084 ueneror
782 4017 849 4064 cerr
872 3999 954 4090 puel
979 3988 1154 4086 Principe
1178 4019 1203 4064 a
1221 4018 1323 4066 none
1341 3997 1381 4065 di
1406 3987 1490 4065 Soa
1508 3987 1671 4065 Sectile.

218 4138 404 4239 Epistolae
428 4165 494 4217 eac
519 4139 625 4217 latine
651 4144 881 4241 compositae;
913 4148 1042 4219 mensis
1074 4154 1112 4218 et
1138 4142 1214 4219 dies
1240 4166 1309 4242 quo
1334 4146 1486 4240 scriptae
1509 4153 1615 4239 sunt,
1633 4139 1737 4240 plene

70 4294 205 4368 desunt
256 4286 303 4370 Si
328 4315 415 4370 vero
440 4291 545 4372 liceat
567 4299 703 4373 aucbri
727 4293 879 4395 alioquin
904 4294 1110 4392 dignissimo
1133 4294 1400 4393 fidembnbere,
1424 4295 1651 4391 Karmina,
1677 4298 1738 4394 qni

70 4450 105 4519 in
138 4445 251 4518 Temo
285 4469 391 4541 nono,
431 4456 510 4520 ncta
543 4449 628 4522 bot.
661 4473 722 4522 eas
754 4459 1016 4545 commemorat,
1052 4451 1182 4549 opinari
1206 4447 1267 4524 vel
1293 4461 1448 4524 statuere
1471 4460 1626 4548 opertet,
1654 4445 1734 4519 illes

72 4601 121 4670 lb
163 4596 320 4671 Jannarii
369 4600 477 4671 1576.
523 4602 670 4696 scriptas
713 4599 834 4674 fuisse.
919 4600 1002 4675 Nos
1052 4625 1157 4699 vero,
1208 4599 1288 4676 ideo
1338 4605 1557 4700 potissimum
1615 4595 1735 4670 earum

72 4750 238 4823 rationem
264 4746 456 4844 habuimus,
482 4746 574 4846 quod
600 4774 660 4824 eas
686 4761 783 4850 aptas
809 4756 1017 4850 putavimus,
1044 4777 1132 4851 quae
1152 4753 1300 4852 quodam
1313 4753 1415 4828 modo
1430 4753 1674 4828 commercium
1700 4761 1737 4829 et

71 4900 346 4976 necessitudines
359 4900 561 4975 Bessorum
586 4899 683 4976 illius
700 4907 787 4977 -aevi
814 4926 893 4979 cum
907 4907 1040 4979 exteris
1064 4902 1203 5003 populis
1227 4903 1419 4978 indicerent
1443 4901 1503 4977 vel
1528 4904 1644 5004 potius
1671 4927 1737 5002 qua

71 5055 203 5129 ratione
243 5078 323 5128 sese
364 5051 467 5128 alieni
506 5056 695 5150 gesserint,
735 5067 773 5130 ut
804 5055 1009 5130 arctioribus
1042 5053 1192 5131 vinculis
1224 5080 1302 5131 cum
1335 5059 1471 5131 natione
1503 5068 1585 5135 tunc
1616 5080 1752 5157 parum·
