3742 5626
527 204 581 265 lta:
600 202 740 267 BELLO
761 200 1063 273 MtlSGOVlTith,
1084 202 1211 267 LIBER
1233 202 1286 265 lv.
1675 206 1730 263 lar

66 370 166 431 militis
185 372 215 431 in
235 368 384 430 interioris
405 368 583 431 Germaniae
603 366 690 427 bellis
711 365 870 427 exercitati
927 361 1075 438 Bitscius,
1110 366 1197 447 cnjus
1233 364 1322 425 l'raler
1351 367 1492 445 patruclis
1521 368 1550 427 in
1580 368 1730 431 amoribus

65 464 179 546 copiam
199 462 365 525 scitabere
390 480 483 541 posse
502 467 573 524 ante
591 458 773 521 ostenderat.
813 456 869 518 Za·
925 456 1031 517 ldoscn
1050 462 1125 531 erat,
1142 474 1349 537 summamque
1367 458 1448 539 apud
1467 478 1534 520 enm
1554 480 1652 523 rernm
1670 481 1731 523 om·

65 558 214 632 omnus,
252 574 311 637 quo
348 555 501 617 tectiorem
542 552 703 634 peditatum
735 552 869 620 baberet,
925 549 1005 609 nium
1024 548 1111 611 ladem
1130 548 1297 622 obtinebat,
1316 550 1356 613 ad
1374 550 1491 629 Regem
1509 554 1637 615 tranalit.
1674 552 1730 615 bii·

66 650 241 711 Vrorecium
265 647 315 710 ala
339 648 487 727 equitum,
515 650 563 709 cui
583 648 733 730 praeerat,
768 645 869 715 mima,
925 650 1007 703 serat
1042 642 1171 704 Muscas
1205 642 1341 723 Legatos
1373 644 1413 705 ad
1440 644 1634 728 Rndolpbnm
1668 644 1729 709 Ro·

65 744 195 824 peditem
216 762 253 803 ex
271 740 338 803 sola
349 740 512 802 Nobilitate
531 740 663 801 scribere
677 740 781 823 jabet3
799 738 869 799 snb·
925 754 1074 795 manorum
1101 738 1325 817 imperatorem,
1349 737 1389 799 ab
1414 759 1452 799 co
1477 738 1601 801 ulterius
1620 738 1730 803 deiude

65 838 240 899 levabantur
263 842 426 916 apparatus
452 832 482 895 bi
503 834 634 909 interim,
660 832 730 893 dum
749 830 868 891 tributa-
923 826 961 887 ad
984 826 1140 889 Summum
1161 826 1336 891 Pontitieenr
1367 828 1492 891 Remum
1521 840 1728 911 pervenerant.

65 932 127 991 riae
146 928 291 1009 pecuniae
311 927 529 1000 conferrentur,
550 928 655 1008 partim
675 946 713 987 ea
733 924 869 1003 pecnnia,
894 962 898 1005 ς
924 918 1092 1001 Legatiune
1129 921 1169 983 ad
1206 942 1355 984 summurn
1393 922 1571 986 Pontificem
1609 946 1729 1007 operm

64 1042 151 1101 quam
176 1042 196 1084 a
220 1020 410 1099 Principibus
435 1030 594 1103 aeocptaru
619 1039 712 1101 snpra
737 1015 868 1079 ostendi·
895 1022 898 1085 Ι
923 1032 1009 1074 suam
1039 1020 1141 1077 contra
1169 1013 1298 1077 Turrem
1323 1015 1540 1079 christianitati
1568 1018 1730 1098 pollicitus,

65 1136 149 1191 mus,
173 1134 322 1194 quamque
348 1119 551 1195 praeteream
570 1112 707 1175 Marchio
727 1113 756 1172 iu
777 1108 866 1170 Prus-
924 1111 955 1167 ct
973 1104 1012 1165 de
1030 1104 1129 1185 Regis
1149 1108 1178 1168 in
1204 1129 1241 1169 se
1261 1110 1377 1192 injuriis
1401 1115 1528 1191 questas
1553 1108 1731 1192 perhibebo.

64 1211 112 1269 sia
131 1208 203 1269 Dux
227 1206 356 1267 subsidii
378 1206 444 1267 loeo
464 1207 599 1275 miserat,
624 1207 731 1287 partim
751 1202 869 1284 propria
922 1204 984 1269 lnr,
1005 1204 1036 1259 et
1055 1200 1102 1261 cci
1122 1207 1255 1273 secreto,
1276 1208 1308 1263 ut
1326 1203 1364 1265 ad
1386 1222 1490 1283 pacem
1509 1224 1578 1265 eum
1598 1203 1730 1267 bertare-

65 1302 160 1381 Regis
186 1302 298 1381 ipsius,
328 1302 453 1361 maxime
476 1304 576 1361 tamen
600 1300 732 1378 equitum
758 1294 870 1365 studio,
894 1318 897 1323 ·
923 1296 980 1367 tur,
1002 1294 1137 1369 petiisse,
1155 1296 1254 1355 antiis
1264 1300 1363 1357 tamen
1382 1298 1584 1378 querimoniis,
1603 1304 1637 1359 nt
1655 1318 1730 1359 ruas

64 1414 185 1475 quorum
207 1412 344 1471 maguum
363 1412 513 1453 numerum
524 1390 701 1452 Zamoscius
720 1393 868 1463 evocarat,
894 1396 896 1403 '
924 1388 1025 1463 prades
1038 1406 1173 1447 summus
1193 1388 1329 1449 Pontifex
1344 1394 1553 1471 interponeret,
1571 1410 1630 1451 non
1650 1390 1730 1455 nolle

62 1508 159 1569 eaquu
185 1486 224 1547 ad
250 1484 357 1547 beilum
385 1485 443 1547 bac
462 1485 601 1547 alacritas
621 1490 700 1554 crat,
730 1488 764 1543 ut
782 1480 867 1562 pleri·
923 1497 959 1537 se
978 1479 1056 1539 satis
1074 1478 1257 1543 ostendisse.
1299 1485 1331 1543 ln
1351 1482 1505 1545 Poloniam
1525 1483 1731 1565 frequentibus

63 1602 122 1661 quc
148 1580 229 1641 nulla
254 1580 283 1639 iu
311 1584 561 1639 auctoramentum
590 1584 714 1655 accepta
742 1574 869 1655 pecunia
893 1596 897 1667 ς
923 1572 1035 1633 nuntiis
1058 1571 1251 1645 afferebatur,
1281 1593 1370 1654 quam
1396 1574 1532 1639 Graecae
1556 1582 1661 1641 saetae
1678 1578 1728 1639 iro-

62 1673 101 1735 ad
131 1672 208 1733 diem
239 1671 429 1733 nibilominus
457 1671 665 1737 corrrcnirentr
701 1667 868 1747 complures
894 1696 897 1709 ·
923 1664 1019 1725 mines
1044 1664 1139 1743 pedes
1165 1664 1280 1727 Summi
1308 1666 1463 1731 Pontideis
1489 1689 1543 1749 pro
1560 1690 1641 1731 moro
1659 1670 1728 1733 deo-

62 1768 92 1827 iu
122 1766 198 1845 ipsis
227 1766 335 1827 castris
365 1764 481 1825 demum
517 1762 727 1843 stipendiorum
757 1765 868 1841 partera
894 1780 897 1837 l
922 1756 1032 1817 oculari
1057 1758 1109 1819 diu
1132 1766 1339 1831 recusassent,
1371 1759 1489 1821 tandem
1516 1767 1615 1823 lernen
1640 1763 1671 1823 id
1694 1774 1729 1825 ut

62 1860 243 1941 acciperent.
301 1856 452 1919 Grodnarn
480 1859 542 1939 jam
577 1856 662 1934 Rege
698 1872 868 1936 progresso,
893 1856 897 1873 '
923 1849 1066 1923 iacerent,
1085 1850 1234 1915 adductos
1254 1854 1398 1917 Summus
1417 1854 1554 1915 Pontifex
1566 1857 1727 1919 Antoniam

63 1954 184 2015 nuntius
216 1970 282 2011 cum
307 1950 413 2011 litteris
436 1972 457 2013 a
481 1950 587 2011 Mosco
611 1948 651 2010 ad
676 1968 744 2009 enm
771 1945 867 2009 veuit:
892 1936 896 2023 l
924 1942 1144 2016 Passerinum,
1169 1947 1220 2027 qui
1245 1966 1305 2009 nna
1323 1948 1356 2007 in
1372 1946 1559 2017 Mercurium
1579 1950 1729 2013 cumillis

62 2066 132 2107 mox
157 2045 234 2105 alios
261 2063 326 2104 cum
353 2044 544 2123 amplioribus
563 2041 726 2111 mandalis,
759 2039 867 2120 quibus
892 2034 895 2087 !
922 2037 993 2112 iret,
1022 2038 1059 2099 iis
1083 2037 1270 2121 adjunxerat.
1308 2040 1369 2103 Hic
1392 2040 1509 2103 Moscis
1533 2062 1588 2123 per
1612 2042 1728 2123 Regina

62 2139 220 2199 conuenire
245 2156 351 2217 pacem
372 2157 464 2217 posse
484 2137 648 2203 existimet,
678 2132 780 2194 adore.
820 2130 862 2191 ln·
893 2148 896 2177 ²
922 2129 1054 2191 ditiones
1078 2132 1182 2193 itinere
1212 2133 1387 2208 intercluso,
1419 2134 1547 2217 ideoque
1575 2156 1629 2217 per
1654 2134 1726 2199 Ger·

62 2234 144 2293 terim
168 2252 205 2290 nc
223 2230 314 2289 ullum
334 2230 492 2291 exercitum
513 2226 580 2291 Rex
600 2234 704 2307 cogat,
729 2245 805 2285 uere
825 2222 868 2283 ul·
892 2232 896 2293 ξ
923 2224 1047 2284 murium
1066 2222 1236 2301 Lubeccnr,
1254 2236 1288 2287 nt
1308 2226 1377 2287 inde
1397 2226 1526 2291 Neruam
1545 2231 1726 2311 trajicerent,

61 2326 156 2385 terius
174 2320 392 2404 progrediatur,
413 2342 507 2403 posse
527 2342 594 2379 eum
614 2326 645 2381 et
662 2320 818 2401 impensae
836 2326 867 2377 et
892 2358 895 2365 «
922 2336 958 2377 se
978 2317 1205 2399 recipientibus,
1231 2316 1271 2379 rie
1295 2318 1444 2399 legatione
1462 2342 1521 2385 sua
1539 2344 1593 2404 per
1611 2322 1726 2387 litterar

62 2418 155 2477 labori
176 2435 305 2495 parcere.
345 2414 476 2475 t'cutunt
495 2414 602 2493 legati,
620 2412 798 2493 colloquium
818 2429 865 2489 ps·
923 2409 1077 2469 certiorem
1088 2408 1206 2491 Regem
1225 2410 1307 2483 lecit,
1325 2433 1363 2475 ae
1386 2414 1414 2473 si
1436 2414 1588 2477 uoluntate
1608 2418 1677 2499 ejus
1696 2418 1727 2479 id

62 2510 193 2571 lentibus
226 2507 321 2569 datur.
361 2507 411 2569 rra
440 2507 492 2569 din
522 2527 604 2567 moro
633 2524 735 2567 eorum
766 2502 865 2577 ducta,
921 2502 979 2563 sibi
1001 2502 1119 2579 liceret,
1144 2526 1198 2586 per
1224 2502 1377 2569 Paionion
1403 2513 1434 2567 et
1459 2506 1648 2573 Litbuaniam
1671 2512 1726 2573 itu·

60 2610 150 2685 atquo
171 2603 307 2682 utrinque
329 2600 491 2683 disputata,
510 2621 547 2659 eo
568 2598 687 2662 tandem
701 2594 864 2658 descende·
921 2615 983 2655 rum
1008 2616 1045 2657 sc
1069 2595 1209 2657 ostendit.
1247 2596 1315 2659 Rex
1342 2620 1400 2661 non
1421 2600 1507 2663 modo
1526 2602 1568 2663 iili
1587 2604 1728 2685 permisit,

61 2704 141 2770 runt,
161 2701 194 2757 nt
211 2694 324 2765 Narve,
345 2693 581 2769 Neuseblossio,
599 2692 747 2772 Derpato,
767 2688 864 2751 Adsc·
920 2686 977 2749 seri
998 2690 1096 2769 ipsius
1116 2690 1346 2771 qnoqnodiosci
1363 2692 1489 2773 Legatis
1509 2694 1587 2757 idom
1606 2716 1643 2757 so
1663 2716 1727 2777 per-

61 2792 117 2863 vio,
136 2786 333 2867 Novogroden
353 2788 517 2856 Livonico,
537 2783 684 2847 Neubaus
703 2804 723 2843 a
743 2782 864 2843 Germa·
922 2781 1036 2843 mittere
1061 2782 1224 2861 rospondit.
1264 2783 1303 2843 llt
1324 2790 1438 2858 tamen,
1461 2806 1500 2846 ue
1520 2788 1592 2867 quid
1611 2796 1728 2867 praeter

60 2884 108 2941 ruis
133 2880 230 2953 dicto,
261 2879 404 2959 reliquata
428 2878 584 2939 trienninm
608 2878 780 2937 universam
805 2893 865 2935 nna
891 2902 895 2977 q
921 2874 1134 2953 praescriptum
1154 2874 1305 2955 Principis
1328 2878 1376 2937 sui
1402 2877 1550 2951 iacerem,
1575 2880 1727 2945 bubonam

60 2994 128 3036 eum
147 2974 188 3033 iis
208 2972 294 3043 locis,
313 2991 392 3051 quae
409 2976 500 3031 autea
514 2974 697 3049 receperant,
718 2966 864 3049 Vejsseu·
890 2986 894 3067 q
920 2984 957 3027 se
976 2966 1178 3045 contulerunt,
1199 2966 1328 3048 indeque
1348 2970 1470 3048 eodem,
1494 2992 1555 3053 quo
1574 2980 1727 3053 renuant,

59 3068 187 3151 stejuio,
215 3064 348 3139 Felicio,
379 3064 538 3135 Pernarie,
567 3080 605 3125 ac
632 3061 701 3123 aliie
725 3060 865 3122 omnibns
889 3072 894 3169 q
919 3058 1026 3123 itinere
1051 3061 1081 3121 in
1108 3058 1294 3123 dioscoriam
1318 3061 1359 3125 ad
1384 3062 1555 3147 Principem
1574 3088 1663 3131 sunm
1681 3090 1727 3131 re·

59 3160 136 3238 Regi
156 3159 368 3240 permitterent.
396 3156 581 3219 Ostenderat
598 3154 677 3227 Rex,
698 3152 808 3215 nuliam
826 3174 864 3215 se
890 3172 893 3293 q
920 3152 999 3213 versi
1017 3150 1147 3215 luerunt.
1179 3152 1290 3217 lisdem
1309 3158 1493 3237 temporibus
1512 3162 1634 3223 nautius
1653 3182 1725 3225 mor·

59 3255 141 3333 prius
165 3252 252 3333 pacis
276 3250 456 3311 mentionem
483 3250 547 3311 lieri
573 3269 746 3329 passurum,
774 3267 863 3329 quam
890 3302 893 3309 .
918 3245 960 3307 lis
983 3244 1192 3329 Christoplrori
1217 3246 1462 3315 Transsiluauiao
1490 3252 1637 3336 Principis
1664 3256 1725 3319 Re·

59 3346 199 3407 uniuersa
216 3342 346 3405 hironio
366 3342 492 3403 Monens
512 3344 670 3405 eessbaet.
711 3339 865 3421 Urgebont
889 3326 893 3347 ¹
919 3339 966 3417 gis
985 3339 1085 3401 fratris
1103 3340 1228 3413 allatus,
1253 3364 1344 3425 qunm
1363 3342 1442 3423 Regi
1466 3346 1526 3426 ipsi
1550 3368 1610 3409 nou
1629 3348 1725 3411 leuem

60 3440 182 3519 ireqati,
206 3444 240 3499 ut
257 3456 324 3497 cum
349 3438 398 3498 sni
417 3435 566 3517 Principis
586 3436 705 3499 nomine
723 3433 863 3497 osteude-
889 3424 893 3505 ξ
919 3430 1050 3495 dolorem
1081 3434 1193 3509 attulit,
1228 3444 1289 3495 tnm
1323 3436 1481 3509 Moerum,
1516 3442 1567 3519 qni
1599 3448 1726 3505 auocato

59 3539 152 3603 retur,
180 3529 251 3611 quid
275 3531 508 3611 praestitutum
532 3540 632 3601 esset,
661 3528 721 3591 sibi
745 3546 865 3609 quoqne
889 3508 893 3649 ἱ
918 3524 1007 3607 Regu
1036 3528 1129 3589 rebus
1154 3526 1388 3593 Troasllranicis
1420 3532 1469 3595 sni
1497 3534 1613 3595 interim
1645 3536 1725 3599 colii-

59 3626 129 3705 qnid
149 3626 188 3687 de
205 3622 316 3687 ablatis
334 3621 468 3702 Principi
486 3641 543 3683 suo
562 3620 756 3683 restituendis
774 3622 864 3685 animi
918 3620 1008 3699 gendi
1033 3622 1162 3701 spatium
1186 3622 1246 3682 sibi
1266 3620 1367 3685 datum
1384 3625 1419 3685 iri
1437 3627 1597 3704 cogitaret,
1622 3634 1655 3689 ut
1674 3650 1724 3711 pa·

59 3718 126 3781 ltux
146 3717 280 3789 baberet,
300 3715 561 3777 demonstraretur.
600 3714 793 3796 Repctcbant
811 3734 864 3775 aa·
889 3770 892 3775 .
919 3732 985 3775 cem
1010 3720 1101 3793 atque
1125 3734 1180 3775 cas
1200 3716 1285 3795 ipsas
1303 3715 1506 3789 conditiones,
1532 3740 1610 3799 quas
1636 3724 1725 3799 paulu

58 3818 117 3872 tem
136 3832 197 3871 uno
218 3808 382 3869 Polatiensi
402 3826 475 3887 agro
494 3814 630 3887 excepto,
650 3808 700 3887 qui
720 3808 863 3888 pristinae
889 3780 892 3847 i
919 3812 989 3867 ante
1007 3806 1046 3867 ab
1059 3826 1096 3869 eo
1107 3808 1277 3887 propositas
1294 3808 1392 3871 luisse
1404 3810 1602 3883 ostendimur,
1620 3812 1724 3875 iterum

57 3904 181 3967 ditionis
199 3900 315 3980 Regiae
336 3901 447 3975 luerat,
466 3900 588 3979 reliqua,
608 3920 686 3979 quac
704 3901 863 3981 superiori·
890 3932 893 3983 2
919 3904 1086 3970 revocaret,
1112 3900 1238 3961 maxime
1258 3902 1405 3961 animarit.
1443 3900 1556 3965 Verum
1576 3902 1724 3969 Transsii·

57 3998 115 4057 bna
142 3998 230 4055 anuis
256 3994 334 4055 bello
353 3999 441 4075 capta
461 4004 561 4063 erant,
586 3995 693 4054 omnia.
733 3994 862 4055 Demon-
888 4022 893 4165 Ι
919 3992 1033 4053 ranieis
1051 3993 1157 4065 rebus,
1178 4014 1216 4053 uc
1234 4014 1255 4055 a
1273 4012 1345 4057 cara
1363 3994 1435 4055 belli
1453 4008 1646 4077 aa'oearetnr,
1659 4002 1722 4083 jam

58 4096 180 4149 stratum
203 4086 265 4157 luit,
285 4088 325 4147 ila
343 4086 459 4165 Regem
479 4084 611 4168 Principi
629 4106 729 4147 corum
748 4086 800 4149 iiia
819 4106 863 4147 re·
918 4090 988 4147 auto
1014 4106 1033 4147 a
1056 4084 1143 4164 Rogo
1169 4086 1319 4164 prouisum
1349 4094 1422 4149 erat.
1473 4090 1618 4169 Cogitana
1645 4094 1722 4155 enim

56 4180 242 4249 stillaturam,
271 4181 299 4239 si
330 4187 446 4260 praeter
476 4178 639 4249 Voiisiunr,
673 4178 755 4260 qnod
783 4180 864 4243 nulla
888 4188 892 4211 ¹
919 4178 994 4241 ultra
1014 4178 1224 4241 incertudiuem
1255 4198 1351 4241 rerum
1377 4180 1568 4247 humanarum
1592 4194 1722 4249 aetatem

57 4272 227 4335 conditione
246 4270 425 4333 dlmissuurs
438 4272 508 4335 ilex
529 4280 624 4345 esset,
642 4280 771 4335 castarum
792 4262 891 4355 qnos}
918 4270 1019 4333 fratris
1038 4278 1220 4350 provectam,
1245 4273 1343 4352 ipsum
1368 4277 1517 4339 coutinuis
1534 4280 1721 4343 articulorum

57 4388 116 4447 quo
135 4364 327 4435 Sebiesaum,
348 4364 428 4444 quod
448 4366 479 4427 id
499 4368 618 4447 penitus
636 4367 714 4429 iutra
731 4366 862 4429 ditiones
918 4364 1071 4427 doloribus
1090 4366 1278 4438 coniectum,
1308 4374 1465 4451 autequam
1487 4370 1663 4437 Vursariam
1682 4374 1722 4435 od

57 4460 172 4537 llaqias
199 4459 289 4519 sitam
316 4466 416 4529 essct,
447 4481 507 4541 quo
533 4462 642 4523 certior
667 4480 703 4521 ac
728 4460 863 4523 stabilior
917 4460 1036 4521 comitia
1065 4460 1138 4531 iret,
1172 4465 1275 4523 auctor
1306 4460 1386 4525 tratri
1415 4484 1453 4527 ae
1484 4465 1721 4529 Prouincialibus

56 4574 113 4635 pax
133 4556 233 4627 essct,
257 4552 305 4613 rel
326 4550 497 4613 tradidisset
516 4552 611 4633 Regi,
635 4554 683 4615 vei
703 4553 862 4617 demolitus
916 4552 1027 4631 lucrat,
1055 4558 1089 4616 nt
1114 4553 1202 4615 lilium
1232 4556 1300 4637 ejas
1324 4556 1549 4637 Sigisrnundum
1569 4562 1600 4619 iu
1618 4580 1722 4619 omncs

56 4648 180 4715 luisset,
205 4645 285 4724 quod
306 4666 366 4725 quo
386 4646 483 4705 miuus
501 4652 664 4721 recusaret,
684 4646 800 4725 Regem
821 4650 860 4709 ui·
916 4668 1009 4711 cums
1034 4648 1203 4727 Principem
1227 4648 1427 4727 designarent.
1468 4650 1588 4723 Quibus
1612 4652 1651 4713 do
1677 4670 1721 4711 re·

56 4740 162 4801 eiasiur
194 4737 331 4799 Drissam
363 4738 586 4799 demoliturum:
618 4742 712 4821 partis
741 4750 861 4803 sumtus
917 4743 975 4805 irus
999 4764 1088 4823 quum
1114 4742 1221 4820 Legati
1246 4741 1418 4805 Alexander
1442 4742 1581 4807 Kondius
1600 4750 1632 4805 et
1650 4742 1721 4807 Via·

55 4830 166 4893 dciudo
195 4832 225 4891 in
254 4832 364 4893 bellum
396 4830 469 4893 tacti
497 4834 615 4895 nomine
646 4832 861 4914 quadringenta
915 4834 1031 4899 distans
1057 4834 1234 4897 Samborius
1257 4832 1435 4897 Varsarium
1463 4836 1504 4899 ad
1528 4836 1648 4917 Regem
1672 4858 1721 4901 re·

54 4946 208 4987 annorum
234 4926 325 4989 millia
349 4922 429 5004 Regi
455 4924 626 4987 retudisset.
667 4926 861 5005 impetrarunt
916 4928 1049 5003 cissent,
1079 4948 1116 4989 ea
1147 4929 1216 5007 ejus
1244 4928 1435 4998 anctoritate,
1465 4928 1583 4991 domam
1612 4942 1722 5013 maten

54 5018 178 5098 Legati,
203 5028 236 5079 nt
255 5020 293 5083 ud
314 5020 480 5099 Principem
504 5038 592 5081 sunm
612 5018 723 5081 referre
744 5038 781 5080 ca
799 5020 858 5079 sibi
915 5020 975 5081 illis
994 5022 1134 5093 reuersis,
1153 5020 1357 5083 communibus
1378 5020 1524 5085 ordinum
1543 5022 1653 5088 studiis
1672 5026 1719 5089 Si·

53 5112 174 5181 licoret,
203 5132 240 5173 ac
267 5120 300 5175 nt
324 5112 420 5193 Regis
444 5114 560 5173 nomine
585 5112 690 5174 eadem
709 5111 749 5175 ad
776 5112 858 5175 ilinrn
913 5112 1090 5193 giamaudus
1115 5116 1145 5175 iu
1165 5114 1334 5195 Principem
1352 5114 1469 5179 electus
1488 5118 1600 5181 inerat:
1630 5121 1720 5183 tristi·

52 5207 262 5267 scriberentur.
318 5206 383 5267 Sub
413 5206 490 5267 idem
523 5214 642 5287 ternpus
673 5204 858 5271 Boclrdmnns
914 5210 972 5269 bus
997 5206 1076 5269 iacta
1102 5207 1315 5289 Cbristopboro
1340 5207 1473 5293 Principi
1503 5212 1618 5275 bumana
1646 5220 1716 5273 tem·
