3742 5626
433 144 491 207 DE
511 140 747 205 RUSSCRUM
766 141 997 207 RELIGIONE
1017 144 1108 207 ss’i't'.
1130 142 1363 207 mrsrtarro.
1692 148 1731 207 ιι

64 308 188 387 anapia
207 306 330 369 Domini
346 305 424 367 desu
445 304 571 380 Christi,
590 322 679 383 quern
697 302 806 365 ludaei
825 304 867 363 in·
924 322 1042 367 causam
1064 308 1193 385 quaerit,
1218 307 1401 388 respondent
1427 306 1486 378 illi,
1509 330 1529 367 ιι
1548 310 1661 371 teneris
1680 330 1727 371 us·

65 406 220 463 nocentem
238 406 333 461 morte
351 398 537 461 mulctarunt.
577 396 653 458 Tum
673 394 772 457 denno
792 397 869 456 inter
924 414 1068 461 unescere
1087 400 1209 461 nultum
1228 406 1287 461 est.
1317 400 1474 463 Postremo
1492 399 1615 463 Flumen
1635 400 1729 463 inian-

63 494 191 572 genitns
210 500 242 553 et
261 492 392 573 suspiria
411 492 590 553 muliebriter
608 490 816 564 lamentantur,
836 498 869 549 et
924 488 1017 553 tulum
1037 490 1141 552 iterum
1153 490 1398 572 armprobensurn
1412 492 1728 567 blandeasnsculatur,

63 585 191 647 tundunt
210 590 333 666 pectora
351 585 465 665 palmis.
923 582 1063 662 illiusque
1083 594 1173 662 caput
1190 584 1231 643 ad
1249 602 1377 655 crucum,
1395 604 1472 665 qnae
1490 586 1593 667 templi
1614 586 1729 647 toribus

140 676 166 739 F
168 679 266 739 tannen
292 678 426 739 illicein
451 676 613 739 sacrarium
632 692 806 753 regressus,
836 672 867 731 in
924 674 1021 739 incisa
1046 682 1095 736 est
1123 696 1230 753 aragne
1258 677 1370 757 impletu
1397 684 1444 738 tar
1471 679 1580 749 vibrat,
1608 684 1640 739 et
1669 680 1729 739 nisi

65 790 117 833 ara
140 768 256 833 Nicolai
288 776 504 832 raemnanturu
530 768 667 849 deponit,
697 766 794 827 donec
821 782 868 825 re-
923 772 1021 834 testea
1041 768 1181 851 baptismi
1199 770 1279 829 ictus
1296 768 1433 839 audiant,
1458 770 1647 847 indignantur
1663 792 1728 852 pro·

65 864 148 929 uiant
177 864 228 942 qui
253 883 290 925 eo
319 866 454 935 utuntur,
484 861 565 941 quod
591 857 734 921 interdum
762 858 795 919 tit
820 874 868 917 sc·
924 864 1043 939 pterea,
1073 882 1170 940 neque
1197 882 1322 943 puerum
1351 868 1434 922 recte
1462 864 1559 923 sacris
1582 864 1728 923 initiatum

64 956 167 1033 quenti
186 955 245 1019 die.
283 954 425 1029 Culicem,
445 954 472 1013 si
494 956 593 1015 uinum
614 970 673 1011 ann
693 950 814 1017 babent,
833 968 868 1009 ex
924 952 1055 1013 creabant.
1078 954 1174 1016 Sacro
1194 956 1275 1015 tinitn
1291 954 1422 1017 Flamini
1437 960 1500 1015 tres
1519 974 1617 1035 panes
1635 956 1729 1034 (quos

65 1046 161 1111 calido
191 1047 318 1109 modona
343 1056 531 1109 consecrant.
570 1044 685 1109 l’suen
708 1064 780 1105 rere
799 1062 867 1123 nay-
923 1066 943 1107 ιι
967 1044 1064 1107 torma
1086 1046 1258 1127 pyramidali
1287 1046 1415 1109 Pirama
1434 1050 1553 1121 uncant)
1580 1048 1728 1127 porrigun-

65 1160 144 1199 rnum
170 1140 249 1201 domi
273 1160 348 1201 snae
368 1140 491 1220 pinsunt
506 1128 594 1197 'eires
620 1142 651 1197 et
670 1135 778 1196 deiude
796 1154 868 1215 que·
923 1142 971 1199 ιιι
990 1158 1059 1201 eum
1078 1142 1176 1201 anuis
1196 1140 1309 1219 aliquot
1332 1142 1499 1219 argenteis,
1527 1139 1728 1219 templumque

65 1231 127 1293 ties
147 1232 281 1295 caeleate
303 1230 376 1293 illud
394 1228 716 1291 conviviumaccndere
728 1228 868 1307 gaudent,
924 1229 1086 1295 clarulitnr..

66 1322 217 1385 sacerdoti
240 1324 367 1387 edomat
385 1330 418 1387 ut
438 1332 613 1395 consecret,
638 1327 671 1391 et
687 1340 754 1381 cun
775 1320 869 1385 calice

65 1416 232 1479 distribuat.

140 1510 276 1571 Peractis
298 1509 412 1579 sacris,
437 1508 512 1569 libro
537 1507 576 1569 ad
601 1526 719 1569 monum
737 1510 868 1567 resumta
1154 1508 1503 1573 SACERDOTES.

64 1600 219 1667 Paulmnm
229 1622 319 1663 unum
332 1601 380 1663 rol
389 1601 492 1683 plures
508 1600 705 1661 demurmurat
719 1600 868 1660 sacritica-

65 1694 124 1767 ins,
143 1714 321 1775 crucemque
336 1716 374 1757 ex
391 1698 514 1771 argento
527 1714 600 1775 puro
611 1692 719 1755 iactam
730 1692 869 1751 omnibus
1000 1692 1183 1755 Sacerdotes
1202 1692 1366 1757 Rntbanici
1392 1696 1528 1776 proprias
1545 1716 1653 1755 uxores
1675 1695 1726 1759 ba·

65 1786 186 1849 exbibet
204 1788 414 1857 osculandum,
440 1790 547 1867 postea
565 1806 651 1847 susm
672 1784 800 1864 quisquo
819 1782 869 1845 do·
926 1784 1015 1857 beru,
1035 1794 1067 1849 et
1088 1796 1159 1847 sum
1178 1790 1333 1869 conjuges.
1370 1790 1406 1849 Si
1426 1790 1495 1866 quis
1514 1786 1585 1847 dicit
1604 1810 1623 1849 ιι
1642 1788 1729 1869 Papa

65 1900 145 1941 mum
163 1878 336 1951 discedunt,
365 1884 396 1939 et
414 1877 572 1941 admodum
592 1880 650 1943 rari
667 1876 708 1939 ad
726 1878 869 1960 vesperti·
925 1879 1486 1959 matrimnuinmclerieorumimprobari,
1506 1880 1728 1941 excandescunt

64 1992 121 2036 uas
141 1992 250 2055 preces
269 1976 462 2035 revertuntur.
924 1970 967 2030 uti
992 1971 1104 2049 rapidis
1131 1992 1198 2033 eum
1224 1972 1320 2033 ferrea
1338 1972 1466 2033 dammis
1491 1974 1602 2033 lamina
1622 1972 1728 2051 Cyclo·

139 2066 279 2127 Pelociae
303 2072 400 2127 autam
428 2070 460 2125 et
484 2062 609 2133 Viinae,
634 2064 737 2145 umjori
762 2082 870 2145 ponpa
925 2082 995 2143 pum
1015 2067 1189 2143 excoquitur
1209 2066 1350 2143 flagrante
1368 2068 1494 2127 camino.
1520 2064 1650 2127 Reditus
1667 2086 1729 2125 eer-

64 2164 97 2221 et
114 2158 276 2239 splendore
294 2160 387 2219 rebus
406 2156 513 2217 diuinis
534 2160 649 2217 uncant.
691 2154 749 2219 Ubi
769 2154 867 2235 supel·
924 2160 974 2215 tor
994 2166 1026 2216 et
1045 2163 1127 2216 certa
1145 2158 1297 2238 stipendia
1319 2179 1376 2218 raon
1398 2159 1560 2237 accipiunt,
1580 2170 1611 2219 et
1630 2168 1728 2219 tamen

65 2252 195 2313 lactilom
218 2270 256 2313 ex
279 2271 352 2313 auro
378 2256 410 2311 et
432 2254 555 2327 argento
581 2248 733 2327 copiosam
757 2246 870 2309 babent
924 2246 1088 2311 anditemm
1108 2249 1307 2313 beneficentia
1324 2250 1485 2313 liberaliter
1502 2251 1630 2313 aluntur.
1671 2249 1728 2313 Cu·

64 2345 95 2405 in
124 2343 283 2405 Ecclesiis.
323 2341 432 2403 Vilnae
461 2341 580 2419 triginta
608 2340 719 2421 templa
747 2338 869 2413 lrabeat,
926 2341 1022 2403 adies
1040 2362 1163 2423 prorsus
1181 2344 1326 2421 igneum
1368 2344 1507 2405 Caerulsi
1526 2342 1635 2405 coloris
1653 2344 1729 2403 turri·

64 2436 161 2496 nursia
181 2435 245 2497 iero
264 2455 354 2513 apere
373 2434 501 2497 lateritio
520 2437 643 2495 stmctu.
926 2454 991 2498 cunr
1019 2436 1191 2517 plerunque
1217 2436 1367 2518 duplicem
1390 2435 1517 2509 babent,
1547 2434 1664 2515 capillis
1689 2435 1729 2497 nd

925 2526 1106 2595 humerosct
1124 2536 1232 2609 peetus
1247 2526 1488 2610 dependentibus
1506 2530 1640 2611 apprime
1659 2546 1728 2605 guu-

364 2674 367 2679 .
926 2620 1012 2683 deut:
1043 2626 1073 2683 et
1092 2642 1151 2701 quo
1171 2623 1298 2702 quisque
1318 2628 1367 2683 cst
1386 2622 1511 2701 nigrior,
1530 2632 1563 2681 et
1579 2620 1728 2703 adspectu

234 2694 469 2759 STATUAE
485 2694 699 2766 NUI‘Llfflr
926 2714 1127 2785 insanabilior,
1146 2720 1228 2777 tante
1247 2716 1349 2797 mejeri
1368 2715 1448 2792 apud
1466 2714 1608 2795 populuur
1629 2720 1677 2775 est
1697 2716 1727 2773 in

246 2832 312 2881 ggn
333 2834 519 2881 nggflqug
538 2832 623 2879 1³ch
630 2834 683 2879 ΛΕ,
925 2806 1105 2883 digitillum.
1136 2806 1223 2871 Raso
1243 2815 1398 2889 praeterera
1417 2809 1526 2867 t'erficu
1546 2812 1578 2867 ol
1596 2808 1729 2869 imrlrtsstt

926 2900 1019 2961 barba
1046 2900 1218 2977 grauitatem
1248 2920 1321 2981 qrrao
1349 2920 1386 2959 sc
1416 2898 1514 2961 serunt
1537 2898 1726 2977 singularem.

140 2990 266 3054 Statuas
285 2988 383 3051 uullns
402 2990 432 3049 in
452 2986 573 3067 templis
592 2998 784 3061 venerantur,
812 2986 869 3049 sed
928 2992 1015 3053 Vitae
1034 2990 1144 3069 alioqui
1169 2990 1246 3053 adeo
1271 2992 1402 3073 impuras
1426 2998 1459 3053 et
1478 2992 1669 3063 execrabilis,
1695 2996 1728 3053 ut

62 3082 234 3149 D-Nicolni
253 3088 284 3143 at
298 3080 416 3143 Mariua
436 3080 570 3159 Virginis
588 3080 766 3157 imaginibus
785 3102 867 3143 sern-
924 3105 985 3145 nnn
1001 3084 1138 3146 delubris
1158 3082 1304 3159 Deorum,
1328 3084 1386 3148 sed
1410 3086 1543 3166 pistrinis
1563 3082 1727 3145 moliturum

62 3196 119 3257 pes
137 3172 283 3255 quosdam
302 3184 472 3252 argenteos,
495 3172 630 3246 Corolia,
650 3179 682 3233 et
700 3172 777 3235 alias
795 3194 868 3235 exu-
923 3176 1031 3255 diguoa
1055 3174 1209 3237 adtirarare
1236 3180 1348 3257 possis.
1397 3178 1434 3239 Si
1460 3178 1581 3257 quotics
1605 3196 1726 3237 enorrun

61 3272 129 3331 rias
162 3266 240 3329 deno
270 3266 425 3327 dederunt.
475 3266 543 3327 Has
573 3286 693 3346 quoquo
724 3266 868 3347 picturas,
922 3268 1042 3351 aliquod
1061 3268 1202 3347 flagitium
1222 3276 1442 3350 perpetramut,
1470 3268 1511 3329 nd
1531 3270 1671 3349 poputum
1690 3292 1727 3329 se

62 3368 204 3441 tunquam
241 3360 372 3421 numinis
402 3358 516 3439 aliquid
548 3358 695 3421 babentes
727 3360 868 3439 religioso
922 3364 1000 3425 sutis
1017 3367 1188 3439 arroganter
1212 3369 1374 3434 excusant,
1401 3382 1498 3441 seque
1519 3360 1652 3429 Deorum
1671 3360 1727 3421 sra-

63 3454 174 3525 colnnt,
194 3458 225 3515 ot
243 3452 401 3531 quotannis
420 3452 450 3513 in
462 3452 553 3513 ans
566 3451 654 3513 durio
668 3452 715 3513 bis
733 3452 867 3525 abluunt,
922 3460 986 3517 tres
1005 3462 1037 3517 at
1058 3455 1183 3515 vicarios
1202 3475 1275 3517 esse
1290 3458 1385 3539 ajunt,
1402 3458 1444 3519 ita
1455 3452 1584 3535 quidem,
1602 3452 1725 3535 utquid-

62 3554 154 3629 atque
174 3546 292 3609 tandem
312 3564 418 3625 magam
436 3564 504 3607 cum
523 3566 633 3625 pompa
651 3546 804 3625 pristinum
823 3566 867 3607 re·
924 3546 998 3629 qnid
1014 3548 1144 3625 egerint,
1167 3546 1197 3607 id
1217 3548 1293 3609 coeli
1314 3548 1483 3621 Quiritibus
1500 3556 1616 3626 gratum
1636 3548 1729 3609 exsti·

63 3638 176 3704 ducunt
193 3638 233 3701 sd
251 3640 359 3701 locum.
924 3642 1003 3703 liaeo
1034 3640 1152 3701 arirrime
1183 3640 1328 3705 dubitent.
1371 3643 1405 3703 ln
1437 3640 1571 3701 tabernis
1599 3638 1727 3721 publicis

925 3735 1023 3797 riuum
1056 3732 1198 3793 adustum
1229 3740 1309 3795 tutos
1339 3732 1406 3795 dies
1439 3738 1552 3813 potunt.
1594 3732 1727 3809 Cumque

919 3828 982 3909 jaan
1002 3846 1059 3887 nse
1078 3844 1163 3885 nerrs
1175 3844 1232 3885 uec
1251 3825 1346 3903 pedes
1356 3826 1483 3887 odicium
1494 3824 1613 3895 ιιιὶιιιιι,
1632 3842 1727 3903 saepo

314 3912 543 3977 BAPTISM
551 3914 617 3977 US.
923 3918 1005 3981 volnt
1036 3918 1163 3979 emortui
1192 3918 1223 3977 in
1249 3916 1356 3979 nciliis
1381 3918 1488 3997 plateis
1512 3914 1670 3978 concidunt
1695 3922 1728 3979 ct

923 4012 1154 4075 obdormiscunt.
1196 4010 1334 4071 Cernrani
1359 4015 1440 4069 certo
1464 4010 1576 4071 milites
1601 4030 1659 4069 nnn
1679 4030 1728 4071 se·

136 4100 301 4163 Praeterea
315 4098 867 4179 mysticsnublutionissacramentnm
923 4102 981 4165 nel
1001 4106 1143 4185 jacentes
1167 4104 1396 4183 perminxerunt
1435 4100 1562 4163 Postero
1586 4100 1636 4163 die
1660 4122 1728 4165 cunr

62 4195 93 4255 iu
113 4214 170 4257 suo
191 4198 279 4255 coetu
301 4194 438 4263 retinent,
457 4194 499 4253 itn
518 4202 618 4253 tamen
637 4192 698 4251 ut
690 4212 720 4251 m
739 4192 798 4253 boe
818 4214 867 4255 nn·
922 4196 962 4259 ad
980 4194 1152 4277 peragenda
1176 4214 1264 4257 saera
1289 4196 1319 4255 iu
1346 4196 1486 4276 templum
1506 4196 1646 4267 redeunt,
1666 4216 1725 4257 non

61 4288 143 4367 gotio
163 4308 214 4367 per
232 4286 332 4347 emnia
350 4284 414 4347 iero
434 4306 522 4365 quam
542 4286 677 4367 proxime
695 4284 735 4345 ad
755 4284 863 4348 liema-
894 4290 1007 4358 aliter
1032 4288 1168 4349 coluntur
1192 4310 1212 4351 a
1234 4288 1345 4369 populo
1366 4296 1396 4349 et
1415 4296 1564 4361 amantur,
1589 4310 1677 4369 quarn
1697 4292 1726 4351 si

62 4400 176 4443 irenses
210 4376 364 4441 accedant.
402 4376 528 4441 Multum
558 4376 608 4439 bic
638 4376 768 4457 perditur
798 4362 896 4451 olei,
923 4402 1017 4463 nuper
1045 4402 1084 4443 cx
1109 4382 1235 4443 coneilio
1260 4382 1465 4443 immortalium
1483 4382 1614 4445 Deorum
1641 4383 1727 4443 nrissi

61 4492 173 4583 operae
191 4478 222 4533 et
241 4472 392 4549 unguenti
431 4472 508 4535 Post
526 4471 633 4551 longas
623 4470 774 4533 standum
800 4492 866 4533 cne-
922 4476 1077 4543 venissent
1096 4474 1196 4555 legati.

61 4568 212 4629 aemonias
230 4565 353 4627 Flamen
377 4570 440 4625 teto
465 4564 570 4643 congio
591 4562 768 4645 pertundere
786 4564 866 4627 solet

63 4660 222 4733 infantem,
240 4660 282 4719 ita
301 4660 456 4738 inquiens:
480 4656 605 4735 Baptiso
630 4662 661 4717 to
686 4676 739 4737 per
759 4678 864 4719 norrea

61 4750 171 4824 Patris,
192 4758 224 4813 at
242 4750 321 4821 Filii,
339 4756 370 4811 et
389 4750 495 4811 Sancti
514 4750 654 4829 Spiritus.
692 4750 722 4811 Α
741 4754 866 4831 patrinis
1219 4754 1428 4821 SCIIOLA.

62 4843 171 4907 deindo
191 4866 272 4905 moro
285 4845 382 4923 patrie
401 4844 485 4905 urrais
499 4842 611 4921 aliquot
629 4842 758 4903 tenellus
777 4848 865 4925 pusio

61 4934 264 4999 humectatur.
290 4942 321 4999 el
346 4936 416 4997 licet
440 4936 489 4997 bic
515 4954 623 5013 aspera
647 4934 744 4997 biems
763 4938 865 4999 erudc·
998 4940 1130 5003 serratas
1148 4958 1264 5015 semper
1289 4938 1408 5045 templis
1428 4936 1584 5019 arljuuetas
1603 4940 1723 5012 babent,

62 5030 178 5091 lissima
202 5032 332 5103 sueriat,
361 5036 460 5091 tannen
487 5034 569 5091 lanta
593 5025 756 5105 gelidarum
778 5032 898 5129 copia:
893 5010 930 5057 ¹¹
923 5036 952 5096 iu
973 5036 1033 5093 illis
1054 5034 1171 5109 triginta
1190 5052 1327 5093 arrurrrum
1352 5032 1476 5113 juranis
1500 5034 1591 5113 prima
1615 5034 1676 5095 litte
1660 5057 1721 5095 e-ra

64 5142 204 5203 aquarum
243 5140 325 5185 suam
363 5124 497 5185 subolem
536 5120 666 5183 ι.ιΙιΙιιιιιιι
725 5122 760 5181 Si
798 5106 898 5203 quisq
923 5146 986 5187 ruru
1007 5123 1174 5185 rudimenta
1192 5124 1341 5203 pueritiam
1363 5126 1460 5187 docet.
1489 5125 1591 5189 Littera
1592 5150 1620 5187 ιιι
1646 5128 1721 5205 ipso·
