3742 5626
787 214 1022 273 emeterio.
1708 218 1739 273 li

70 372 125 441 vis,
135 367 573 433 sineullisaedibusbebltunt.
595 367 752 447 Proprium
765 367 875 427 idiome
933 386 995 427 nrm
1015 368 1140 431 ieremm
1166 374 1294 435 solvunt
1333 373 1477 437 Mulieres
1497 392 1597 435 eorum
1619 369 1738 453 deepris

69 462 191 535 babent,
201 461 443 541 blabomctisque
452 466 563 523 sectam
578 460 801 539 conplectuntur,
813 460 874 539 qui.
933 478 1026 521 ceusu
1040 480 1153 541 ungues
1168 467 1252 543 nigro
1271 464 1371 527 colore
1387 464 1580 531 artificialiter
1594 460 1736 541 inliciunt,

71 553 139 619 dam
159 558 248 615 etiem
268 555 431 631 gentiliter,
450 552 579 626 (nullam
590 552 649 614 Dei
670 554 802 613 notitiam
823 551 873 611 be·
931 558 1094 633 apertoque
1114 557 1210 635 eapite
1230 567 1261 617 et
1280 558 1411 619 crinibus
1435 560 1537 641 passis
1556 574 1676 637 semper
1694 556 1735 615 in·

70 647 199 723 bootes)
219 649 329 709 vivunt,
373 644 490 707 Omnes
509 653 607 707 sutem
629 646 715 704 inuis
737 653 767 703 et
789 645 872 703 iutro·
932 640 1051 707 cedunt.
1072 644 1131 707 llis
1146 644 1222 707 allae
1239 660 1345 727 gentes
1356 650 1536 711 Czeremissi
1549 650 1733 710 intermixtae

69 742 157 802 ciniis
176 739 294 809 intenti,
316 744 347 797 et
366 739 544 799 carminibus
553 739 678 815 nitigicis
688 736 871 797 exorcismis
929 744 1009 809 suut,
1020 740 1069 819 qui
1081 735 1120 801 ad
1135 734 1329 803 differentiam
1340 740 1591 804 Czeremissorum
1606 740 1731 825 Septen·

70 852 129 911 que
148 832 275 893 inanime
294 830 384 891 dediti
405 838 484 893 sunt.
525 830 681 893 Adversus
701 831 871 905 sagittarum
928 826 1734 915 trionaiium,dequibussupresuperioresCneremissi,

69 926 249 1003 telorumque
268 926 369 1005 Jactns
394 923 542 1005 intrepidi.
594 920 702 983 Ferinn
725 940 815 983 carne
841 925 872 981 et
929 922 1170 994 sivemontani,a
1184 922 1732 1007 collibusquosinbabitmrteppellan·

69 1016 157 1077 melle
174 1016 276 1099 (cujus
287 1014 426 1077 alveariis
437 1014 721 1093 abundantimagou
734 1034 773 1075 cx
786 1020 871 1094 purte
927 1020 985 1073 tur.
1035 1012 1095 1077 ilic
1114 1012 1154 1075 dc
1178 1010 1289 1079 iiciiris
1314 1018 1564 1099 conterminisque
1583 1014 1732 1079 bloseovi·

70 1110 209 1171 victitant.
237 1105 321 1167 Pane
341 1110 419 1169 euim
439 1127 504 1169 raro
525 1114 655 1171 utuntur.
684 1106 801 1167 Omnes
811 1112 872 1167 tarn
928 1107 989 1167 tico
999 1108 1133 1187 imperio,
1153 1106 1287 1172 Tartaris
1299 1110 1535 1181 Cazaueusibus,
1547 1112 1732 1191 caeterisque

68 1203 118 1263 viri
139 1220 225 1281 quam
252 1199 380 1261 feminae
407 1220 497 1261 cursu
518 1200 698 1261 velocissimi
718 1204 797 1268 suut,
824 1217 871 1257 ea·
929 1198 1146 1279 campestribus
1157 1204 1186 1262 in
1198 1200 1288 1265 ordea
1298 1200 1466 1265 distributis
1478 1201 1565 1263 uobis
1575 1196 1732 1263 dicendum

65 1294 248 1373 gittariisque
268 1293 452 1373 peritissimi,
471 1314 569 1353 orcum
591 1312 738 1371 uunquam
758 1289 797 1349 de
810 1310 869 1349 ma-
897 1282 901 1321 ¹
929 1298 1027 1349 esset:
1047 1288 1104 1351 sed
1123 1312 1162 1353 ne
1180 1304 1245 1357 orto
1262 1301 1304 1358 rei
1325 1300 1595 1377 interrumperetur,
1615 1290 1654 1353 de
1672 1312 1731 1355 mo·

65 1389 153 1447 nibus
173 1386 340 1467 deponunt,
359 1406 417 1466 quo
433 1384 509 1445 adeo
521 1385 719 1454 oblectentur,
739 1383 871 1442 uietiam
897 1394 901 1523 Ι
928 1382 1027 1455 ribus,
1046 1382 1203 1463 religione,
1228 1396 1259 1449 et
1278 1392 1358 1451 vitae
1376 1382 1594 1451 consuetudine
1611 1382 1731 1448 Mosco·

63 1479 134 1539 iliis
150 1480 247 1539 cibum
261 1477 495 1539 obstinatissime
507 1477 695 1557 prohibeant.
718 1474 869 1553 nisiprius
897 1526 901 1547 ,
929 1478 1054 1537 vitamm
1072 1496 1169 1559 pauca
1193 1478 1382 1559 subjicienda
1403 1478 1505 1553 nobis,
1531 1499 1591 1541 uon
1616 1477 1673 1541 abs
1698 1497 1731 1540 re

64 1572 182 1649 siguum
210 1572 431 1650 praesignitum
458 1592 497 1631 ex
521 1588 591 1629 arcu
612 1571 720 1644 sagitta
740 1565 869 1628 ferirent.
928 1564 1075 1629 videntur.
1108 1566 1272 1631 liisautcm
1282 1570 1439 1641 absolutis,
1454 1570 1644 1635 Tartaromm
1655 1570 1731 1633 lines

64 1664 231 1725 Artificium
252 1664 394 1741 laborque
415 1684 513 1723 eorum
535 1662 616 1723 seras
636 1661 750 1727 veneri,
771 1666 801 1719 et
821 1680 867 1719 se·
928 1663 1086 1742 gentisque
1106 1681 1203 1724 mores
1222 1662 1353 1725 breviter
1371 1666 1560 1743 attingemus.

62 1759 146 1837 gittis
165 1757 270 1835 igere.
292 1776 413 1835 quorum
434 1776 522 1815 carno
534 1760 708 1825 vescuntur,
727 1754 867 1835 pellibus-

894 1796 899 1809 r

895 1816 899 1833 Ι

63 1871 122 1931 que
148 1851 327 1919 vestiuntur,
355 1869 391 1907 uc
418 1848 538 1909 easdem
560 1868 613 1927 pro
633 1848 741 1907 tributo
761 1868 868 1925 magno
894 1866 898 1903 i

62 1942 142 2005 uuu
161 1941 330 2003 noseorum
350 1941 489 2020 pendunt.
531 1940 794 2001 interveniendum
817 1961 866 2001 au·
950 1912 1013 2011 llll
1051 1912 1290 2015 liblildlllllll
1328 1916 1702 2041 iiisctliiiiittiit,

62 2043 132 2107 tem,
149 2042 293 2098 uariarum
304 2034 499 2095 instrumento
514 2030 640 2112 pedibus
651 2032 782 2103 inducto,
802 2034 867 2109 (eu
1121 2072 1300 2130 mmm
1320 2074 1533 2123 ammom

57 2133 112 2212 jus
138 2130 167 2189 in
194 2129 329 2189 Permise
355 2126 554 2206 descriptione
581 2146 672 2205 supra
697 2127 866 2185 meiuormi·
893 2176 897 2209 ,

61 2222 166 2297 mus),
191 2228 328 2283 utuntur:
357 2221 387 2279 in
407 2240 465 2299 quo
484 2217 647 2297 egilissime
667 2218 866 2278 velocissime·
1205 2248 1376 2319 pgppq·
1414 2252 1449 2317 fl·

63 2336 122 2395 que
141 2314 223 2375 ieras
242 2308 429 2391 insequendo
450 2310 592 2371 feruutur.
623 2306 704 2381 Quin
723 2331 794 2370 vero
816 2309 865 2371 bu·

60 2428 126 2469 rum
152 2413 299 2468 numum
325 2406 518 2464 instrumento
543 2402 724 2465 velocissimi
749 2424 865 2474 cursus,
1002 2406 1134 2471 Rutbeni
1148 2427 1252 2469 omnes
1268 2405 1631 2489 postqunmsemeifidem
1646 2404 1728 2469 chri.

59 2521 168 2561 omncs
188 2499 251 2559 lere
270 2494 519 2579 septentrionales
538 2502 653 2573 gentes,
675 2503 705 2557 et
726 2496 783 2577 ipsi
802 2494 865 2557 llio·
923 2504 1051 2563 suanam
1078 2498 1259 2563 Graecorum
1285 2502 1357 2571 ritu,
1385 2520 1464 2563 atino
1494 2502 1650 2563 restitutae
1675 2516 1730 2581 per

59 2594 210 2663 scoviiae,
227 2589 422 2669 Rutbeuiquo
437 2589 777 2658 coruuiunilerutuntnr,
796 2590 865 2651 ims-
926 2592 1077 2655 Cbristum
1106 2594 1213 2653 salutis
1232 2592 1294 2651 942.
1321 2600 1534 2673 susceperunt,
1558 2590 1617 2653 sub
1648 2588 1728 2673 Olga

60 2688 158 2767 ginem
184 2706 259 2745 usus
285 2704 384 2743 carum
412 2683 614 2763 subjiciemus.
663 2684 740 2743 Sunt
765 2689 865 2743 eutem
892 2674 896 2747 l
926 2685 1056 2747 liucissa
1072 2680 1301 2746 etVolodimiro
1317 2680 1454 2763 blioejus
1471 2680 1636 2745 blonnrcba
1650 2680 1727 2745 Rus·

59 2781 166 2857 longua
175 2777 321 2856 quaedam
330 2774 770 2853 ligncneseleuciougitudiuem
778 2777 864 2835 trium
923 2783 989 2840 siae
1009 2781 1038 2837 in
1055 2799 1091 2839 en
1109 2773 1149 2837 ad
1168 2776 1245 2835 bunc
1266 2794 1360 2853 usque
1381 2770 1458 2835 deur
1478 2777 1654 2835 virianimiter
1672 2772 1728 2835 lor·

60 2871 212 2931 cubituum
233 2869 451 2946 adaequantes,
472 2869 502 2925 in
522 2869 659 2927 auteriori
670 2875 752 2947 perte
764 2868 794 2927 in
805 2874 873 2927 mo!
923 2874 1261 2951 iiterquepersevcraut.
1298 2864 1442 2938 Quamvis
1456 2864 1575 2948 quidam
1586 2885 1729 2949 proceres

61 2963 131 3023 dun
151 2959 299 3021 traberum
319 2966 451 3028 erectae,
471 2957 591 3038 quidem
610 2979 680 3020 voro
693 2959 864 3019 bocinstru·
924 2962 1056 3023 ltussiac
1075 2959 1190 3021 l‘olono
1207 2956 1285 3037 Regi
1304 2956 1469 3041 subjectae,
1490 2955 1655 3021 doctrinam
1671 2956 1730 3021 bu·

58 3060 191 3117 mentum
217 3052 256 3114 ad
280 3072 356 3112 suae
375 3050 573 3131 proportionis
589 3057 733 3112 steteram
753 3052 783 3111 io
802 3053 864 3113 lon·
922 3055 1075 3119 therauem
1092 3062 1123 3115 et
1139 3050 1343 3131 Zviuglianam
1361 3060 1532 3133 sequautur,
1552 3048 1609 3113 sed
1622 3052 1729 3133 vulgas

57 3147 219 3229 gitudioem
246 3144 420 3213 coniciunt,
449 3163 507 3223 quo
533 3142 564 3207 in
584 3150 737 3225 utrumque
755 3142 864 3225 pedem
924 3166 1025 3219 omine,
1050 3147 1202 3225 majorque
1229 3163 1301 3227 prus
1328 3152 1496 3225 nmguatum
1520 3154 1551 3207 et
1576 3144 1728 3215 nobilium,

59 3240 178 3301 inducto
197 3237 387 3299 velocissime
407 3234 546 3295 seruntur·
922 3236 1010 3301 fidem
1030 3240 1192 3319 antiquitus
1211 3235 1391 3299 Graecorum
1407 3240 1464 3297 ritu
1481 3228 1663 3321 susceptam,
1682 3232 1728 3298 br·

923 3334 1009 3395 miter
1019 3334 1157 3393 retinent.
1189 3330 1244 3393 Sic
1256 3344 1373 3411 quoque
1384 3347 1488 3391 omnes
1501 3332 1640 3409 regiones
1651 3328 1727 3391 lius·

406 3492 415 3515 ,
591 3496 597 3509 ,
921 3429 997 3497 siae,
1016 3422 1173 3505 quaeaiba
1190 3419 1306 3491 dicitur,
1325 3420 1499 3485 dioscorum
1511 3422 1643 3507 Principi
1659 3420 1728 3484 sub·

258 3492 447 3589 llllllllld
479 3488 658 3589 Popllld·
918 3523 1032 3603 jectae,
1054 3514 1245 3579 Christianae
1263 3512 1350 3589 lidei,
1369 3534 1457 3597 mam
1476 3536 1495 3578 a
1515 3514 1642 3579 Graecis
1660 3536 1726 3579 sus·

923 3616 1082 3695 ceperunt,
1113 3608 1249 3687 vestigiis
1274 3606 1396 3671 tirmiter
1421 3610 1655 3688 unanimiterque
1686 3610 1726 3669 in·

136 3712 165 3769 A
178 3704 370 3785 Novogrodia
386 3702 534 3775 interiore,
555 3722 642 3783 quem
661 3706 804 3785 superius
813 3700 863 3765 de·
922 3708 1045 3767 sistunt·
1076 3698 1162 3761 Unus
1187 3708 1286 3761 autem
1311 3704 1405 3761 totius
1424 3698 1557 3763 linesiae
1582 3706 1727 3781 metropo-

56 3803 242 3883 scripsimus,
255 3796 410 3859 Orientem
419 3792 616 3857 etllleridiem
630 3814 746 3867 versus,
760 3804 865 3857 vastae
922 3795 1033 3861 litnnus
1053 3793 1124 3855 olim
1143 3801 1208 3853 erat
1226 3801 1287 3853 tarn
1298 3788 1482 3863 Moscorum,
1503 3789 1727 3853 inchoandum·

57 3898 253 3973 ingentesque
269 3896 427 3951 occurrunt
450 3885 562 3965 sylvae,
575 3906 650 3969 ques
664 3884 793 3949 Mordva
811 3906 863 3969 po·
923 3908 980 3968 que
993 3882 1285 3963 Ducibus,llegique
1295 3881 1475 3944 Polouorum
1486 3882 1729 3965 tributarius,qui

58 3984 122 4069 puli
141 3988 188 4045 sic
208 3981 295 4051 dieti,
316 3998 423 4059 magno
439 3981 526 4059 juxta
544 3978 664 4057 loigem
684 3977 801 4040 nuvium
822 3984 862 4039 in·
921 3978 1025 4049 sedem
1050 3996 1136 4039 suum
1158 3977 1252 4057 primo
1272 3976 1302 4035 in
1315 3974 1435 4055 liiJovie
1454 3974 1587 4037 Russiae
1606 3972 1728 4037 Litbua-

55 4078 174 4153 signem
189 4082 286 4135 tractu
308 4070 483 4133 inhabitant.
516 4066 627 4135 idioma
646 4072 796 4153 proprium
813 4070 862 4133 ba·
922 4092 1025 4133 uorum
1047 4066 1208 4148 Metropoli
1228 4066 1348 4129 eiulatu
1368 4067 1530 4143 retinebat,
1556 4066 1676 4131 tandem
1696 4070 1726 4131 in

57 4166 190 4235 baetin
212 4167 297 4247 pagis
317 4167 430 4244 passim
452 4160 572 4243 degrmt,
595 4162 863 4245 agriculturemquc
923 4162 1155 4231 Volodim'uiam,
1180 4166 1332 4243 postremo
1348 4162 1378 4221 in
1396 4158 1582 4225 llloseoviam
1604 4160 1727 4227 transle-

57 4264 207 4323 exerceut„
238 4253 339 4325 illeiis,
355 4252 539 4337 diversisque
556 4254 724 4317 animalium
734 4256 862 4337 pellibus
920 4266 950 4317 ta
971 4263 1028 4317 est.
1061 4254 1136 4313 Cum
1157 4260 1255 4313 autem
1273 4249 1534 4337 Metropolitanem
1550 4252 1727 4317 Moscoviae

58 4352 200 4435 pretiosis
218 4343 380 4409 abundant
411 4346 555 4409 llomiues
572 4358 643 4411 sunt
653 4346 718 4411 duri
733 4357 764 4409 et
780 4349 861 4409 belli·
919 4352 1047 4430 septimo
1073 4365 1131 4405 uuo
1159 4364 1275 4427 quoque
1299 4366 1378 4407 aritio
1399 4344 1541 4411 Rosciam
1572 4348 1728 4411 Litbuanis

58 4446 133 4515 cosi,
150 4440 351 4519 Turtarosque
368 4438 581 4503 latrocinantes
605 4440 697 4525 (quos
709 4443 739 4503 in
753 4444 861 4503 vicinio
921 4442 1143 4523 subjacentem,
1175 4458 1267 4499 cause
1298 4436 1508 4517 exigendarum
1536 4444 1726 4523 pecuniarum

58 4529 343 4610 babent)nlinibus
354 4534 419 4592 suis
434 4530 548 4593 lortiter
564 4534 740 4623 propulsant
759 4555 862 4597 omnes
923 4536 1073 4605 inviseret,
1094 4530 1253 4613 oblatuque
1273 4550 1379 4611 megm
1399 4536 1590 4613 pecuniarum
1611 4550 1725 4593 summa

59 4626 120 4689 iere
137 4624 254 4709 pedites
269 4620 409 4685 incedunt
437 4622 565 4685 arcubus
582 4625 718 4709 oblongis
735 4636 864 4701 utuntur,
922 4624 1101 4691 discederet.
1141 4622 1281 4687 Vitoldus
1303 4643 1427 4703 magnus
1448 4625 1627 4686 Litbuaniae
1649 4622 1725 4693 lius,

57 4716 265 4799 segitaudique
275 4720 382 4799 peritia
392 4714 515 4798 pollent,
531 4715 610 4779 ieras
620 4722 863 4799 praestantiores,
920 4740 954 4783 re
981 4716 1180 4789 considerata,
1212 4718 1373 4799 provinciis
1400 4722 1480 4787 suis,
1511 4738 1549 4777 ne
1575 4715 1725 4777 thesauris

58 4821 91 4873 ut
101 4811 229 4893 pellibus
250 4831 351 4871 cortun
369 4811 493 4888 integris
510 4820 542 4871 et
554 4812 674 4871 intactis
689 4814 862 4893 potirentur,
921 4810 1151 4881 exhaurirentur‚
1167 4808 1323 4869 consulere
1340 4806 1455 4877 volens,
1472 4806 1644 4889 Episcopis,
1664 4806 1726 4869 Ab·

57 4908 88 4965 in
106 4924 209 4965 nasum
219 4905 330 4981 sagitte
346 4904 438 4963 missa
456 4898 643 4967 interficiunt
675 4902 785 4963 Eorum
801 4907 862 4983 qui·
919 4900 1099 4983 butiburque
1118 4900 1250 4961 Russiae
1277 4901 1464 4967 conuocatis,
1486 4896 1603 4979 judicio
1626 4920 1725 4962 eorum

57 4994 128 5059 dum
146 4992 328 5059 blacborneti
352 5004 467 5057 sectam
486 4992 717 5075 amplectuutur,
743 4992 862 5075 quidam
919 4992 1136 5077 bletropoiitam
1156 4992 1185 5052 iu
1205 5012 1262 5051 aun
1281 4988 1398 5050 {tussia
1416 4988 1521 5069 elegit,
1548 4994 1599 5071 qui
1623 4994 1725 5055 sedem

56 5106 130 5149 vero
149 5088 180 5147 iu
199 5084 367 5151 idololatria
385 5094 587 5169 perseverant.
622 5082 753 5169 Vectigal
774 5106 866 5149 annu·
921 5106 1005 5149 suan
1027 5086 1133 5147 i’ilnae
1159 5084 1256 5161 (quse
1282 5086 1329 5142 est
1356 5078 1511 5149 Lituuoire
1537 5086 1729 5169 metropolis)

58 5200 109 5245 um
127 5199 233 5261 magno
250 5178 423 5243 Moesorum
441 5176 574 5265 Principi
581 5178 712 5264 pellibus
726 5174 865 5241 diverset-
927 5180 1033 5251 babet,
1064 5178 1093 5238 in
1113 5175 1238 5239 basilice
1257 5174 1295 5237 l).
1314 5174 1448 5261 virginis,
1479 5196 1557 5265 quse
1576 5174 1728 5241 Rationis
