3742 5626
736 110 1005 175 commisti.
1605 101 1611 111 ’
1679 111 1714 167 ὅ

65 278 183 341 civitate
203 281 234 337 at
252 278 368 345 meon,
391 271 484 334 tritus
501 290 593 352 snpra
611 267 756 348 Coiegam
774 267 865 329 milia·
889 285 895 355 p
920 266 968 337 iit,
988 269 1144 343 nmquam
1162 262 1214 343 qui
1233 262 1361 329 animum
1380 261 1535 327 deiciendi
1549 263 1721 353 nPrtneipe

65 371 163 442 nmis,
187 389 248 431 nou
268 363 369 447 procul
389 385 408 427 a
425 364 520 426 littore
540 361 644 425 Ossae
661 363 738 433 aits,
757 381 864 423 nornen
919 356 1051 420 haberet.
1092 354 1161 429 Qua
1179 375 1211 416 re
1228 354 1376 433 Princeps
1395 359 1575 433 comnotus,
1601 357 1717 423 Basiiio

65 464 165 526 umet
216 462 305 523 iiunc
323 458 515 541 principatum
532 455 668 517 ,ioannes
685 453 773 517 lines
790 453 863 514 Wo·
919 449 1047 521 mandat,
1062 449 1306 522 utiDernatrium,
1327 467 1503 529 quecunque
1514 456 1577 511 arte
1588 459 1718 535 captum,

65 557 191 619 rotinsiri
209 557 401 634 cognomento
421 548 609 630 possidebat,
628 547 673 609 rir
692 547 865 617 beiiieosua,
918 541 958 605 nd
977 563 1013 604 se
1031 541 1211 605 dioscoriam
1231 545 1366 604 mitteret.
1395 539 1494 624 Hujus
1503 543 1603 623 itaque
1613 543 1717 609 trude

63 673 103 712 ao
121 650 275 711 muitarum
293 665 386 708 rernm
405 644 588 724 experientia
605 638 775 710 exceliens,
804 658 863 717 quo
918 634 1088 697 Demetrius
1100 637 1129 696 in
1142 637 1295 697 venatione
1308 637 1524 697 circumventus
1536 635 1599 698 tuit.
1626 636 1717 703 Prae·

66 746 144 805 duce
156 741 287 803 Basilius
305 738 445 821 princeps
462 733 633 818 praecinras
651 752 744 814 saepe
764 729 864 793 exiro·
920 728 1040 791 uiseret
1065 729 1143 789 enim
1162 727 1295 789 Basilius
1313 730 1430 810 equites
1449 728 1591 808 quosdam
1609 732 1649 794 ad
1669 752 1718 796 ca·

66 838 164 899 stibus
183 835 320 897 victorias
336 833 547 914 mportavcrm.
598 824 662 887 Sed
679 845 758 887 anno
779 825 863 895 1521,
918 820 972 881 stri
990 821 1037 880 sui
1056 827 1172 901 portas,
1191 822 1241 902 qui
1262 842 1329 883 eum
1344 822 1414 902 iuga
1423 821 1550 886 eradere
1562 832 1719 891 mntem

64 952 125 1010 qun
144 937 272 1008 tenpore
291 948 345 989 ren
365 923 513 988 'i'araricee
532 919 617 985 Ocea
640 919 779 1000 trajecto,
802 937 863 978 rna·
918 913 1101 993 exciperent,
1119 935 1139 975 a
1157 917 1264 995 quibus
1276 920 1336 976 tuna
1350 921 1470 998 captus,
1491 917 1521 978 in
1532 916 1718 984 dioscoriam

65 1045 123 1102 gno
141 1023 273 1085 exercitu
290 1016 490 1087 dioscoriam,
515 1019 549 1075 nt
565 1030 658 1094 supra
676 1009 786 1072 dictum
805 1014 864 1081 est,
918 1005 1081 1080 deductus,
1100 1012 1189 1087 atque
1201 1008 1231 1068 in
1242 1008 1358 1071 vincula
1370 1013 1524 1094 conjectas
1536 1011 1603 1077 init.
1631 1012 1719 1077 Hanc

63 1119 226 1185 invasam,
245 1113 285 1176 ad
304 1130 432 1191 eumque
452 1104 646 1170 coercendum
665 1109 698 1166 et
709 1106 863 1182 reprimen-
918 1100 1051 1182 injuriam
1074 1101 1166 1172 iiius,
1195 1119 1282 1179 quem
1300 1103 1418 1164 unicum
1436 1102 1580 1178 maeno,
1607 1105 1718 1171 Derae-

63 1209 132 1270 dua
157 1208 330 1270 Demetrius
355 1204 442 1265 Knes
459 1200 590 1272 Bietatri,
619 1198 712 1263 horno
732 1197 864 1280 juvenis,
918 1194 1006 1264 trine,
1026 1193 1101 1256 adeo
1121 1193 1245 1255 moleste
1264 1196 1347 1266 tuiit,
1377 1201 1410 1257 nt
1428 1196 1468 1259 nd
1488 1196 1630 1262 Tartarea
1647 1221 1717 1263 eon.

63 1322 131 1363 cun
149 1303 283 1364 exemitu
301 1319 322 1360 a
339 1296 476 1375 Principe
496 1294 607 1354 nuens
627 1291 748 1362 inisset,
778 1291 864 1368 isque
918 1285 1017 1347 testim
1037 1286 1217 1366 confugeret.
1248 1287 1348 1369 thue
1367 1291 1443 1372 patri
1460 1291 1718 1377 iiiatamiojur‘nm

61 1395 191 1456 ioannis
207 1389 410 1459 Wnretinsiri,
429 1388 609 1465 aliorumque
629 1386 714 1448 aenis
731 1382 865 1445 consitiis
918 1379 1045 1440 ceterius
1057 1382 1235 1460 graviusque
1245 1381 1455 1455 ulcisceretur,
1477 1383 1718 1450 Christianafide

66 1487 226 1566 neglectis,
243 1485 310 1546 viso
328 1480 415 1543 iroste
433 1481 511 1561 turpi
529 1501 564 1541 se
578 1476 864 1559 iogaemandasset:
918 1472 1079 1551 abnegata,
1104 1474 1133 1533 in
1150 1471 1313 1535 Monumeti
1332 1476 1417 1536 ritum
1436 1477 1629 1542 circumditur.
1670 1484 1717 1543 in·

67 1581 264 1661 principsque
282 1575 545 1657 pustTartarerara
564 1572 746 1642 discessum,
765 1569 804 1630 de
820 1568 863 1629 iu·
916 1567 1003 1627 terim
1027 1565 1096 1627 dum
1119 1565 1199 1644 nppd
1219 1565 1360 1629 Tartaron
1383 1576 1498 1648 ageret,
1529 1574 1653 1647 accidit,
1683 1580 1718 1636 ut

63 1694 124 1750 gae
135 1671 287 1734 autoribus
297 1668 450 1747 diiigenter
462 1666 635 1745 inquirente,
649 1662 771 1726 Andrea
779 1661 862 1723 Prin·
918 1659 1044 1742 pueliam
1065 1658 1210 1740 quandam
1226 1663 1465 1724 venustissimam
1476 1663 1638 1745 deperiret:
1658 1689 1718 1748 qua

63 1766 143 1846 sipi·
162 1764 251 1825 fraus
267 1760 334 1840 (qni
354 1779 457 1820 revera
475 1760 541 1819 eins
561 1753 863 1836 iugaemateriacrat)
918 1772 984 1812 cum
1003 1751 1078 1814 aiios
1099 1753 1187 1834 potiri
1206 1774 1264 1814 uon
1284 1759 1404 1835 posset,
1424 1757 1601 1822 invitiseam
1612 1781 1716 1842 paren·

61 1858 189 1936 aliisque
206 1854 368 1923 amhtis,
386 1851 520 1913 doenum
531 1849 716 1911 Worotinski
736 1868 795 1909 non
814 1869 863 1909 so·
918 1847 997 1906 tibus
1012 1846 1087 1907 ciam
1107 1845 1238 1911 andus
1285 1847 1361 1909 Eam
1380 1869 1443 1910 rem
1461 1853 1555 1924 servi,
1580 1856 1631 1935 qai
1649 1875 1717 1917 enm

64 1954 125 2013 tum
146 1951 176 2010 io
193 1966 339 2010 stammam
358 1946 439 2007 venit
459 1944 606 2023 Principis
623 1942 863 2021 indignationem,
919 1959 955 1999 eo
975 1939 1140 2000 circumcisi
1159 1938 1289 2013 inerant,
1315 1942 1433 2023 poeitae
1452 1945 1624 2027 propinquis
1640 1949 1716 2012 cisra

62 2044 120 2105 scd
138 2048 244 2121 captus
261 2042 367 2111 etiem,
387 2044 476 2118 atque
495 2038 658 2119 principata
677 2056 733 2097 suo
754 2039 864 2096 exutus
918 2032 1096 2094 indicarunt:
1125 2054 1143 2094 a
1167 2035 1274 2113 quibus
1294 2035 1422 2115 quedem
1441 2044 1528 2100 node
1546 2039 1645 2103 subito
1663 2063 1715 2125 op·

63 2145 123 2199 est.
162 2134 317 2197 Postremo
337 2131 479 2194 dimissas
497 2130 615 2211 quidem
634 2128 689 2191 init
707 2149 747 2191 ex
765 2132 864 2188 erasto·
917 2145 1058 2206 prcssus,
1079 2146 1146 2189 cum
1167 2127 1265 2205 puella
1283 2130 1400 2207 sagittis
1419 2132 1581 2194 coniicitur.
1630 2134 1716 2198 Bast-

66 2232 129 2302 dia,
149 2251 187 2291 en
204 2234 303 2289 umen
317 2224 499 2296 conditione,
518 2222 719 2284 neMoscevia
731 2238 863 2300 unqnaar
918 2218 976 2281 iius
994 2220 1138 2302 Princeps
1162 2221 1263 2283 andita
1286 2223 1338 2285 fitii
1363 2223 1459 2304 ipsius
1478 2224 1621 2289 Demetrii
1646 2228 1717 2310 iuga

62 2323 264 2405 egrederetur.
297 2319 387 2381 iinne
403 2338 460 2379 nus
478 2337 595 2397 qnoque
615 2317 689 2377 inter
708 2315 863 2396 prunarios
918 2311 957 2373 nd
977 2311 1133 2384 Tartarus,
1164 2334 1268 2376 senem
1296 2317 1470 2379 arctioribus
1496 2320 1621 2384 vincariis
1646 2343 1715 2384 eon-

64 2420 146 2477 viros
163 2414 351 2483 Moswrine,
370 2413 400 2473 in
420 2411 488 2473 saia
506 2411 652 2491 Principis
671 2408 808 2469 vidimus.
917 2407 1019 2486 stringi
1045 2409 1147 2490 jubet:
1176 2409 1228 2488 qni
1258 2428 1315 2469 non
1346 2410 1437 2471 rnuito
1463 2419 1534 2494 post
1551 2422 1645 2478 morte
1664 2418 1715 2478 atii

143 2509 257 2570 Severa
274 2524 400 2585 magmas
419 2505 598 2586 principatus
617 2509 680 2575 est,
709 2503 797 2584 cujus
815 2519 863 2562 ca·
917 2499 996 2581 apud
1008 2500 1148 2562 Tartarea
1168 2503 1298 2579 cognita,
1318 2522 1436 2565 carcere
1445 2525 1637 2590 momoreqns
1646 2530 1715 2571 con·

64 2608 157 2664 son·
175 2597 385 2680 Novogrodeir,
415 2596 496 2659 irand
520 2599 562 2658 ita
581 2596 632 2658 din
651 2595 863 2657 Sererensium
917 2593 1029 2664 fectus,
1061 2593 1165 2654 eodcrn
1194 2616 1271 2655 anno
1298 2595 1347 2674 qui
1373 2617 1392 2656 a
1410 2602 1481 2658 nato
1501 2598 1716 2663 enneminta

64 2715 256 2858 iffi,
273 2689 863 2858 muttiitittitt
916 2691 996 2841 221:
1008 2687 1109 2840 ,iii
1121 2687 1542 2864 satiinffii'riffl
1543 2691 1714 2869 iffi.

65 2889 193 2940 trorsam
212 2881 242 2939 in
261 2878 428 2949 Meridiem,
460 2898 512 2958 per
530 2876 689 2955 Ceiugarn,
717 2875 863 2948 Woretin,
917 2893 975 2953 que
994 2871 1140 2952 Princeps
1159 2879 1190 2934 ct
1211 2874 1349 2936 Corsiraa
1367 2873 1531 2951 dominum,
1554 2884 1586 2941 et
1603 2899 1714 2960 germa-

66 2972 222 3034 Serensiro
241 2978 272 3034 et
291 2971 428 3042 Branski,
446 2976 566 3031 oenum
585 2968 793 3049 qninquaginta
811 2969 862 3028 mi·
917 2986 987 3027 num
1010 2987 1096 3028 sunm
1115 2966 1248 3040 tratrem,
1280 2973 1385 3049 captos
1403 2970 1433 3030 in
1452 2990 1573 3033 earcere
1593 2973 1712 3036 oceidit.

62 3066 189 3127 tiaribns
208 3065 278 3137 tier,
298 3065 480 3147 pervenitur:
503 3066 589 3147 enjus
608 3061 728 3124 latitudo
747 3060 787 3122 ad
804 3060 862 3121 Bo
887 3062 890 3113 1
918 3057 1074 3121 Caeterum
1099 3061 1344 3141 quemadmodum
1368 3083 1461 3146 saepe
1480 3064 1544 3129 ieri
1561 3066 1655 3139 sciet,
1682 3072 1717 3130 ut

63 3157 238 3240 rysthenera
256 3179 353 3239 nsque
368 3156 560 3240 protenditur.
591 3155 705 3217 Vestes
714 3155 862 3217 desertos·
917 3154 966 3233 qui
996 3153 1063 3215 eliis
1094 3155 1218 3216 insidias
1243 3160 1374 3229 struant,
1406 3157 1437 3217 in
1454 3156 1577 3220 eudem
1594 3161 1715 3224 tandem

66 3275 126 3333 qne
145 3254 257 3334 passim
270 3250 509 3333 eamposhatret:
529 3251 607 3311 circa
617 3249 745 3311 Branski
764 3253 862 3309 autem
917 3247 975 3328 ipsi
989 3263 991 3266 ·
1006 3247 1151 3310 incidant:
1180 3249 1221 3311 ita
1248 3254 1279 3310 et
1297 3247 1366 3310 huic
1385 3249 1558 3313 Semecaies
1583 3256 1713 3334 contigit.

63 3347 182 3426 syiram
201 3348 358 3424 ingentem.
389 3343 498 3405 Castra
515 3341 683 3424 oppidaque
701 3343 731 3403 iu
747 3346 864 3402 eosnnt
916 3339 992 3401 Nara
1022 3341 1089 3422 ipse
1114 3362 1233 3422 quoque
1257 3342 1336 3424 apud
1355 3344 1518 3424 Principe·
1539 3345 1716 3410 deiectionis

67 3441 231 3520 complura:
249 3440 325 3500 inter
350 3458 427 3519 quae
443 3435 605 3508 Starodub,
626 3435 756 3508 Putivio,
777 3435 863 3495 Caer-
917 3435 1037 3495 crimine
1065 3436 1252 3497 insimulatus
1283 3443 1340 3498 est.
1388 3436 1465 3500 Eam
1494 3441 1533 3500 oi)
1558 3459 1620 3501 rem
1645 3461 1714 3503 eram

72 3535 182 3612 nigow,
213 3533 375 3593 celebriora
400 3536 480 3591 sunt
530 3531 612 3610 Ager
630 3536 775 3610 quatenus
795 3528 862 3588 coli·
916 3526 1098 3589 dioscoriam
1113 3529 1368 3601 vocetusiuisset,
1388 3530 1497 3612 iliaque
1509 3533 1567 3594 nisi
1579 3534 1717 3614 publicae

66 3633 128 3696 tur,
148 3626 253 3686 tertiiis
271 3631 328 3684 est.
361 3623 472 3703 Syivae
490 3622 650 3694 hermetiis,
668 3621 814 3703 aspreoiis
834 3626 865 3681 ct
917 3619 984 3681 tidei
1005 3621 1106 3683 literae
1119 3621 1266 3704 Principis
1285 3622 1534 3706 ctiietropoiitae
1547 3627 1717 3708 jaramemo

65 3720 223 3789 nartibus,
247 3718 391 3796 metisque
411 3717 562 3796 plurimum
580 3717 739 3777 abundant.
779 3715 864 3777 Gens
917 3714 1120 3787 confirmatae,
1141 3716 1200 3777 sibi
1219 3718 1301 3798 prius
1321 3717 1519 3787 mitterentur,
1538 3738 1575 3777 eo
1594 3739 1629 3778 se
1646 3738 1717 3779 ven·

65 3818 186 3893 propter
203 3810 328 3872 assidua
345 3831 410 3871 cum
423 3809 555 3872 Tartesia
567 3810 688 3888 praetia,
708 3807 793 3869 ratde
804 3807 864 3870 bei·
916 3813 1011 3869 uru-
1035 3816 1224 3892 pernegaret:
1256 3811 1358 3870 missis
1379 3811 1570 3890 accepu‘aspne
1589 3832 1629 3874 ex
1648 3833 1716 3873 sen·

67 3907 171 3976 iieaaa,
219 3905 378 3967 Caetemm
401 3902 534 3966 Basilius
557 3903 697 3974 Joannis,
727 3907 760 3962 ut
788 3902 864 3963 aiios
918 3903 1012 3963 tenria
1030 3903 1138 3974 literis,
1162 3905 1198 3966 19
1216 3903 1342 3980 Aprilis,
1363 3903 1437 3962 152:
1455 3901 1715 3969 annidioseorinn

67 3998 239 4079 pierosqae‚
268 3999 311 4059 ita
340 3995 419 4059 itane
447 4018 563 4079 quoque
589 3998 779 4079 principatum
805 3996 864 4057 sibi
919 4013 985 4055 cum
1012 3997 1160 4066 venisset,
1188 3993 1347 4056 nnnoefiee
1369 3998 1537 4058 muneribus
1558 3999 1647 4060 etiam
1665 4001 1716 4061 ob·

67 4091 213 4173 micci,
231 4090 290 4153 troc
308 4088 406 4152 modo.
436 4090 530 4152 Erant
548 4089 607 4150 duo
626 4089 732 4152 Basitii
750 4111 790 4151 ex
809 4089 865 4150 ira·
919 4086 987 4149 tatis
1006 4087 1175 4169 aPrincipe
1194 4093 1341 4169 excepms
1360 4088 1431 4152 init:
1449 4090 1506 4152 sed
1526 4099 1718 4176 paucospost

66 4184 165 4244 tribus
184 4190 323 4265 nepotes:
342 4183 445 4245 trorum
463 4184 539 4244 aiter
560 4187 752 4262 cognomento
763 4180 865 4242 Seme·
919 4181 985 4242 dios
1005 4187 1125 4262 captus,
1145 4183 1174 4242 in
1194 4201 1340 4243 careum
1351 4185 1519 4266 conjicitur,
1537 4186 1588 4249 nbi
1605 4197 1636 4248 et
1646 4193 1719 4250 mne

65 4279 159 4347 caica,
178 4276 526 4357 castrumNerugredeir:
545 4276 618 4337 aiter
637 4297 706 4336 vero
716 4273 864 4337 Staradnb
919 4272 1111 4338 detinebatur.
1166 4274 1297 4338 Canum
1326 4278 1505 4360 captivitatis
1534 4301 1607 4341 sarae
1639 4281 1716 4341 hanc

65 4372 215 4432 civitate·
248 4370 378 4432 tenebat.
427 4370 540 4432 Putivio
570 4375 669 4431 antem
694 4367 865 4430 Demetrius
918 4366 1015 4431 inisse
1039 4370 1137 4453 ajunt,
1169 4369 1249 4451 quod
1269 4371 1369 4433 iiteres
1388 4371 1428 4433 ad
1448 4392 1545 4452 ragan
1566 4372 1717 4442 Poteniae,

64 4463 186 4543 quidam
205 4462 351 4547 Princeps
368 4463 552 4546 possidebat.
604 4461 696 4523 Porro
716 4461 865 4524 Basitinm
919 4462 1027 4541 quibus
1045 4484 1081 4525 se
1096 4461 1213 4525 adeum
1222 4463 1348 4526 deiicere
1359 4465 1437 4527 retis
1445 4469 1616 4548 scripserat,
1634 4486 1717 4547 prae

64 4557 248 4628 &necatas
266 4575 334 4618 eum
352 4562 492 4618 manuus
512 4557 541 4617 in
562 4559 662 4628 armis,
681 4575 806 4636 eamque
825 4556 864 4617 ob
888 4544 891 4553 ’
919 4556 996 4617 tecto
1015 4554 1176 4618 Kioniensi
1194 4560 1344 4620 misisset:
1370 4559 1419 4638 qui
1439 4561 1595 4637 resignatis
1614 4558 1718 4629 titanis,

64 4670 127 4710 re·
147 4647 279 4713 Tartaris
298 4650 400 4712 terrori
412 4655 512 4720 esset,
530 4655 614 4710 unta
623 4649 763 4728 regnandi
774 4650 865 4711 iibido
920 4669 988 4712 cum
1006 4651 1137 4730 iniquum
1158 4653 1226 4732 ejus
1237 4672 1308 4732 erga
1317 4653 1476 4733 principem
1489 4671 1575 4712 suurn
1586 4651 1716 4711 animum

65 4744 231 4814 invaserat,
259 4749 293 4804 nt
312 4744 504 4825 principata!
522 4743 607 4802 sotus
626 4749 794 4824 expeteret:
815 4763 865 4804 ne·
920 4745 1124 4822 cognovisset,
1155 4746 1292 4806 continrm
1317 4766 1373 4806 eas
1396 4744 1525 4821 Principi
1543 4741 1718 4806 Moscoriae

62 4856 124 4917 qne
143 4836 268 4914 quievit,
298 4835 393 4897 donec
413 4834 558 4897 Basiliam
577 4834 774 4897 Staraduirsiri
791 4835 864 4896 aiiii·
919 4838 1009 4898 misit.
1060 4836 1122 4899 Atii
1153 4857 1222 4899 vero
1254 4839 1396 4900 rationem
1415 4837 1511 4915 magis
1530 4837 1716 4899 verisimilem

62 4929 232 4991 cussinum
250 4929 403 4991 redderet:
421 4949 516 5008 eoque
525 4927 666 5011 depulso,
684 4930 865 5009 provinciam
918 4929 1053 4992 aderunt.
1086 4929 1179 4992 &ins
1199 4930 1278 4991 enirn
1298 4929 1467 4990 Seaaecaica
1486 4930 1516 4991 in
1535 4935 1596 4991 toto
1618 4930 1715 4993 Mosci

62 5042 150 5085 aaa·
175 5029 350 5104 occuparet3
379 5042 439 5101 quo
462 5023 574 5106 ejecto,
603 5021 788 5085 Demetrirua
806 5022 866 5085 uu
920 5022 1045 5104 imperio
1074 5026 1243 5105 supererat,
1272 5023 1321 5104 qui
1347 5026 1445 5085 casos
1472 5029 1503 5086 et
1531 5023 1715 5107 principatus

62 5118 113 5178 ris
130 5132 294 5194 aggresm
313 5126 377 5177 est:
397 5134 486 5196 qaeu
504 5115 585 5198 apud
594 5116 764 5199 Principem
781 5114 865 5179 deta·
919 5112 1110 5198 maur
1142 5114 1265 5194 quibus,
1295 5123 1327 5180 nt
1353 5116 1469 5181 iaciiias
1487 5117 1568 5181 aune
1586 5119 1716 5201 ejiceret,
