3742 5626
800 214 965 275 novans.
983 216 1091 275 iiiiii.
1750 220 1769 274 ii

84 370 757 453 0000001000000000000000000000
783 370 823 431 de
854 370 897 431 iit-
955 372 1018 448 regi
1040 368 1235 449 sigismundo
1254 375 1393 453 Augusto
1414 376 1535 455 exponit
1570 384 1602 435 et
1621 394 1708 455 opem
1726 372 1765 437 ab

85 468 160 527 teris
185 465 363 545 interceptis
391 460 515 543 sliisque
543 462 680 525 consiliis
700 472 793 525 antea
820 482 897 524 com·
955 482 992 523 eo
1012 462 1154 543 postulat·
1178 462 1369 547 Quapropter
1389 466 1437 527 bic
1459 485 1576 546 quoque
1603 484 1694 546 supra
1714 463 1765 526 bo·

84 560 441 621 memoravimusrmonet
460 554 732 637 Arcbiepiscopum
746 552 915 636 locopub·¹
954 558 1064 617 minum
1085 556 1162 615 0000
1183 556 1328 621 liberandi
1348 556 1579 639 Archispiscopi
1604 576 1699 621 causa
1716 576 1763 619 co·

84 652 133 713 lici
155 652 253 713 bostis
273 648 411 719 babeant,
431 667 596 729 omnesque
615 647 746 720 videant,
767 670 805 709 ue
825 644 896 729 quid
953 652 1006 727 git,
1026 652 1153 729 primum
1173 652 1243 729 quia
1262 648 1412 730 negligere
1432 670 1467 710 sc
1484 671 1577 731 posse
1588 650 1698 713 iactam
1708 667 1765 711 suo

84 742 259 825 respublica
283 739 450 803 detrimenti
471 745 584 823 capiat.
619 739 819 823 Respondent
836 760 896 801 om·
953 742 1135 803 consobrino
1157 744 1296 821 injuriam
1305 751 1443 821 negaret:
1464 739 1574 803 deinde
1590 741 1670 825 quod
1685 746 1763 825 epia·

85 856 150 909 nes,
166 835 245 898 beiio
257 831 512 915 compescendum
525 833 644 897 bostem
657 840 787 917 patriae:
807 832 895 895 simui
952 842 1078 917 copatus
1106 832 1251 913 Bigensis
1284 832 1443 897 bilbaniae
1471 834 1584 897 iinitimi
1602 856 1637 897 se
1667 846 1762 920 patro·

87 929 194 991 auxilia
213 926 320 1007 singoli
340 946 398 989 sua
419 926 597 1007 policentur.
633 926 724 999 Quod
743 926 894 989 decretum
952 946 1021 989 num
1040 926 1246 1009 profitereture
1266 926 1388 987 interim
1407 926 1668 1005 littrstombergius
1693 946 1763 1010 quo·

85 1020 136 1083 ubi
155 1017 614 1103 accepissetibrcbiepiscopus,
634 1016 674 1082 ad
690 1019 895 1083 defensionem
952 1039 1010 1101 que
1036 1021 1159 1085 militine
1186 1020 1333 1097 lingister
1363 1018 1510 1083 adversus
1543 1028 1700 1101 unumque
1727 1040 1763 1081 se

83 1134 120 1175 sa
139 1122 240 1177 contra
261 1117 321 1175 vim
341 1112 456 1177 illatam
474 1112 617 1194 parabat.-
637 1123 668 1175 et
685 1134 760 1176 suos
769 1123 895 1177 utarma
950 1114 1060 1185 munit,
1087 1116 1218 1194 equitnm
1246 1110 1463 1176 Germanorum
1490 1132 1527 1173 ex
1558 1108 1673 1175 ditione
1698 1130 1763 1182 sue.

83 1209 225 1288 principis
257 1210 306 1269 sui
332 1202 437 1267 mendi
463 1226 555 1269 causa
580 1210 764 1287 corriperent
807 1224 895 1286 quom
952 1212 984 1265 et
1000 1202 1218 1286 Dorpatensis,
1237 1206 1454 1279 llabselensis,
1480 1204 1682 1279 Revaiiensis,
1703 1206 1763 1287 spi·

83 1298 215 1363 inaediia
235 1318 330 1361 causa
349 1316 474 1378 prorsus
497 1299 685 1360 innocentem
712 1296 812 1362 invadi
833 1316 894 1357 cer·
950 1315 1110 1378 scopornm
1129 1299 1247 1361 auxiliis
1265 1295 1305 1363 ad
1324 1308 1394 1361 octo
1413 1300 1514 1367 miliia,
1535 1318 1674 1379 magnum
1691 1300 1762 1361 item

83 1402 196 1462 nerent,
216 1388 400 1453 hortabatur.
423 1388 657 1453 Contramiiitiae
666 1390 814 1471 Magister
824 1394 892 1451 mis·
921 1430 924 1457 i
951 1386 1115 1469 peditatum
1135 1393 1226 1469 cogit.
1248 1390 1343 1451 Simul
1362 1411 1437 1454 suos
1457 1389 1603 1473 quosdam
1624 1389 1760 1452 homines

84 1489 129 1545 sis
147 1482 188 1547 sd
207 1482 366 1562 subjectos
385 1484 508 1563 imperio
521 1482 751 1565 archiepiscopi
772 1482 892 1545 ordines
919 1472 924 1587 j
949 1501 1017 1543 cum
1035 1485 1162 1564 pecunie
1181 1482 1335 1545 bubecam
1352 1488 1451 1557 mittit,
1477 1484 1581 1547 urbem
1610 1484 1761 1546 Saxoniac

86 1578 192 1639 litteris
224 1596 262 1638 eo
280 1595 341 1655 quo
354 1577 478 1656 principi
490 1593 547 1636 sno
563 1574 693 1639 devincti
704 1584 891 1639 sacramento
919 1604 922 1649 Ι
949 1576 1132 1648 maritimam,
1152 1576 1201 1657 gui
1221 1573 1341 1656 pedites
1360 1580 1534 1655 praesertim
1554 1576 1699 1639 collectos
1729 1580 1760 1637 in

84 1676 197 1738 essem,
217 1687 323 1729 omnes
343 1666 498 1729 liberabat.
533 1668 628 1729 Simul
647 1672 739 1751 prisci
760 1667 889 1731 ioedcris
917 1656 922 1759 l
945 1667 1102 1729 liironiam
1122 1672 1195 1729 mari
1216 1675 1464 1748 transportarent.
1487 1666 1621 1729 Poionus
1634 1672 1761 1748 primum

84 1780 138 1823 cos
157 1763 296 1841 pactique
317 1758 605 1823 commonefaciebat
632 1780 690 1841 quo
700 1772 889 1833 converrerat,
916 1764 921 1881 Ι
945 1762 1108 1821 anstistitem
1135 1757 1310 1841 quaemdnm
1336 1778 1403 1819 oum
1423 1758 1593 1841 hujusmodi
1612 1758 1760 1823 mansdatis

82 1862 115 1916 ut
132 1856 160 1915 si
182 1850 302 1934 quaudo
321 1854 476 1933 pruisquam
500 1854 568 1931 ejus
581 1857 713 1932 regionis
725 1859 890 1937 principum
944 1853 982 1915 sd
997 1852 1117 1913 militine
1131 1851 1333 1929 magistratum
1346 1853 1450 1913 mittit:
1473 1852 1641 1913 Guiibcium
1658 1851 1759 1919 armi-

83 1946 176 2007 moliri
196 1942 244 2005 nei
264 1940 411 2007 adversus
439 1944 689 2025 unamaliquam,
710 1947 759 2007 uei
779 1948 888 2027 piures,
946 1948 1122 2027 episcopum
1142 1946 1271 2007 libertati
1293 1946 1508 2024 quamprimum
1519 1948 1699 2019 restitueret,
1710 1946 1760 2009 ab·

82 2038 130 2101 vel
148 2041 316 2099 universam
335 2032 463 2117 denique
484 2037 694 2119 rempublicam
720 2060 770 2103 ras
789 2061 884 2103 novas
946 2040 1007 2101 laia
1026 2038 1175 2111 redderet,
1195 2039 1254 2099 sibi
1276 2041 1521 2116 compositionem
1543 2046 1672 2099 ortorum
1682 2040 1760 2101 inter

82 2128 385 2213 depmebenderetnr:
419 2131 488 2209 ejus
523 2128 636 2192 subditi
662 2132 890 2195 0011000000-
946 2138 1090 2213 uirosque
1109 2131 1298 2193 discidiomm
1320 2134 1511 2212 permitteret.
1534 2128 1761 2202 Quuminiacta

82 2226 163 2307 piius
188 2222 259 2287 fidei
286 2229 478 2285 sacramento
504 2227 598 2284 teneri
619 2226 748 2295 scirent,
773 2246 829 2287 nec
849 2230 890 2288 iu·
948 2246 980 2285 rs
1001 2227 1121 2305 lagatus
1130 2226 1314 2295 revertisset,
1333 2245 1386 2285 rex
1397 2224 1543 2303 Magistro
1554 2224 1677 2286 militias
1690 2242 1755 2287 cun

79 2322 164 2399 justa
183 2324 340 2380 conantem
366 2314 426 2377 ulla
447 2336 480 2375 re
500 2318 651 2396 juvarent.
687 2315 755 2379 Hac
778 2338 812 2379 re
832 2318 881 2383 iac
947 2318 1015 2379 suia
1035 2319 1145 2381 balium
1165 2318 1331 2389 denuntiat,
1350 2324 1380 2379 et
1400 2336 1467 2379 curn
1491 2318 1687 2399 amplissimis
1708 2340 1756 2381 co·

83 2421 153 2482 mm,
173 2420 207 2472 ut
226 2406 387 2471 destitutus
408 2428 428 2471 a
447 2412 515 2470 suis
535 2408 810 2493 Arcbiepiscopus,
834 2412 890 2475 Co·
947 2412 1007 2491 piis
1027 2432 1081 2492 per
1098 2412 1290 2473 Lithuaniarn
1311 2430 1398 2471 snam
1417 2411 1658 2473 adliironiorum
1679 2410 1757 2473 boas

83 2503 279 2584 quanlrusinm
298 2522 370 2564 sesa
388 2504 545 2584 reciperet,
566 2501 662 2565 iocum
683 2523 739 2585 per
757 2526 793 2567 se
803 2502 891 2569 valde
948 2504 1112 2565 contendit.
1153 2509 1188 2567 iu
1208 2505 1266 2566 imo
1285 2523 1382 2565 rerum
1395 2508 1477 2564 siaiu
1493 2501 1685 2565 Christianus
1693 2502 1755 2565 Fri·

84 2599 236 2669 munitum,
257 2591 363 2659 sedin
385 2614 443 2675 quo
463 2594 503 2659 00
528 2594 735 2679 perferendam
757 2594 888 2659 obsidio·
946 2596 1039 2657 derici
1056 2596 1095 2659 F.
1104 2597 1256 2659 Bonorum
1266 2596 1540 2675 Norrcgiorumque
1558 2616 1623 2666 rcn,
1642 2596 1755 2675 reiigio-

83 2710 150 2751 nem
176 2687 342 2751 000000οι
370 2708 473 2767 pamm
499 2700 682 2751 commeatus
705 2698 888 2771 suppeteret.
948 2710 1003 2751 sus
1024 2696 1056 2751 at
1075 2690 1369 2769 optimusprinccps,
1389 2688 1498 2765 insigni
1510 2687 1549 2749 ad
1561 2695 1703 2767 utrosque
1716 2686 1755 2747 ls-

83 2782 259 2863 Fugientam
285 2782 408 2843 militiae
433 2780 580 2859 Magister
605 2802 673 2843 cum
692 2786 824 2845 exercitu
843 2804 891 2846 va·
917 2830 921 2853 ,
947 2784 1066 2859 gationc
1086 2784 1188 2852 missa,
1211 2782 1249 2841 dc
1270 2780 1449 2841 revocandis
1468 2780 1506 2841 ad
1527 2799 1631 2859 pacem
1650 2782 1757 2841 animis

84 2872 146 2936 iido
173 2877 370 2955 persequitur,
405 2881 436 2934 et
467 2893 567 2935 arcem
598 2872 756 2937 obsidione
789 2878 892 2955 cingit.
948 2875 1066 2953 agebat.
1086 2874 1127 2935 ili
1145 2896 1235 2955 quum
1255 2874 1439 2953 aliquamdiu
1451 2874 1531 2953 apud
1543 2878 1684 2953 utrosque
1697 2892 1755 2933 non

87 2966 213 3028 Factum
234 2965 293 3027 lroe
318 2986 422 3027 mense
443 2963 602 3036 Quinctili,
621 2986 701 3029 anno
728 2968 813 3027 1550.
834 2969 891 3031 Ar·
947 2968 1015 3027 sine
1033 2966 1129 3029 lructn
1150 2969 1301 3047 egissent,
1327 2969 1460 3029 accessit
1478 2964 1505 3029 F
1506 2964 1659 3026 erdinandi
1681 2964 1755 3027 Cas·

82 3060 306 3141 corepiscopos,
326 3061 377 3139 qui
399 3054 543 3119 liberandi
562 3062 609 3120 sui
627 3060 891 3125 rationemnniiam
947 3062 1027 3121 saris
1045 3059 1192 3139 designati
1212 3060 1339 3138 100000,
1357 3063 1472 3121 missus
1489 3059 1657 3131 aconitiis,
1676 3079 1755 3139 quse

82 3160 226 3222 cerneret,
247 3149 296 3211 die
311 3148 480 3212 obsidionis
492 3160 599 3213 octavo
616 3149 798 3215 deditionem
808 3152 890 3217 lacit.
945 3154 1106 3231 Augustae
1126 3154 1265 3215 Tiberine
1284 3153 1498 3227 (Ratisbonam
1523 3150 1613 3211 bodie
1635 3152 1753 3225 nocant)

83 3246 285 3326 Posteaquam
318 3246 347 3303 in
379 3243 507 3305 bostium
539 3252 718 3326 potestatem
745 3250 882 3315 venisset
946 3245 1142 3318 habebantur,
1163 3268 1265 3309 iriense
1283 3247 1426 3309 ianuario
1447 3246 1517 3306 anni
1538 3242 1623 3305 155⁷.
1667 3242 1754 3303 venit

81 3336 236 3401 custodiae
257 3334 427 3399 mandatur:
445 3338 533 3399 simui
544 3341 643 3399 omnis
656 3341 724 3419 ejus
738 3337 812 3400 ditio
823 3360 889 3401 cnm
946 3346 977 3401 et
991 3339 1193 3401 -l'nmeraniae
1211 3340 1329 3401 Ducem
1351 3341 1468 3401 nornine
1488 3338 1622 3415 legatus,
1649 3334 1754 3397 transi·

83 3429 201 3513 oppidis
223 3440 255 3491 at
273 3429 393 3493 arcibus
419 3438 596 3513 occupatur,
615 3451 653 3494 ac
678 3430 752 3493 iisco
778 3430 889 3495 addici·
944 3432 1035 3511 gandi
1055 3435 1163 3511 negotii
1184 3452 1287 3495 causa.
1325 3433 1387 3495 Diu
1412 3434 1503 3495 rebus
1523 3429 1599 3489 ultro
1620 3430 1752 3507 citroque

83 3538 138 3586 tur.
159 3524 263 3585 Mitius
283 3542 351 3585 cum
361 3522 578 3605 tibristopboro
587 3524 792 3605 illegsiburgio
812 3523 889 3589 duce
944 3527 1074 3603 agitatis,
1094 3525 1226 3587 tamdem
1246 3526 1365 3588 militiae
1386 3524 1530 3605 blagistor
1546 3518 1753 3583 incastral’o·

82 3628 191 3687 actum,
209 3614 264 3679 sed
285 3624 385 3679 minen
405 3614 503 3679 sidem
523 3620 613 3679 ctiam
632 3616 727 3681 additi
758 3622 807 3701 qui
824 3617 887 3679 dili·
945 3619 1004 3679 loni
1024 3638 1091 3679 cnm
1110 3618 1347 3699 Arclriepiscopo
1369 3616 1507 3678 custodia
1525 3614 1649 3675 liberato
1662 3614 1752 3683 vonit

81 3720 186 3789 genior
201 3710 404 3782 observarent,
424 3732 461 3771 ua
481 3720 589 3793 posset
607 3710 696 3773 elabi.
723 3710 889 3775 puniatur
945 3712 995 3771 ubi
1006 3710 1114 3771 deindo
1127 3732 1185 3791 pax
1198 3712 1247 3773 bis
1258 3711 1322 3775 lere
1334 3709 1562 3773 condicionibus
1576 3706 1674 3769 initur.
1690 3702 1753 3765 Pri·

81 3804 131 3865 bic
149 3803 217 3865 linis
238 3824 309 3865 csse
328 3801 398 3864 belii
419 3804 608 3885 amarisque,
628 3801 684 3865 sed
701 3804 789 3884 longe
801 3804 889 3869 aliter
944 3824 1021 3865 mum
1041 3806 1164 3867 miiitiae
1178 3804 1323 3883 Magister
1335 3800 1534 3865 Guiibclmum
1544 3796 1751 3877 Arcblepioco·

81 3918 132 3959 res
152 3893 273 3957 cecidit.
295 3894 372 3957 Nam
391 3894 442 3956 ubi
462 3906 581 3978 captum
608 3896 806 3959 Gnilbelmum
832 3898 888 3959 Ar·
945 3916 1016 3977 pum
1035 3899 1155 3957 omnino
1175 3900 1204 3958 in
1220 3899 1363 3973 integram
1373 3894 1530 3963 restituito,
1551 3891 1750 3969 damnumque

80 3990 315 4069 cbiepiscopum,
336 3985 455 4050 fratrem
475 4006 646 4067 germanum
662 4010 759 4060 suurn,
777 3990 888 4051 Borus·
944 3989 1045 4051 00ῐο0
1065 3995 1259 4067 compensato.
1279 3985 1399 4051 lleiude
1419 3984 1534 4045 Polono
1556 3982 1617 4063 rcgi
1634 3988 1751 4044 sumtus

79 4086 147 4143 siae
167 4080 238 4141 lius
255 4078 400 4141 Albertus
418 4084 552 4163 accepitr
578 4102 646 4145 mox
665 4080 706 4145 00
723 4102 806 4147 arma
827 4090 889 4145 tum
945 4082 975 4141 in
995 4081 1212 4161 expeditionem
1234 4077 1501 4141 lactosroinndito.
1539 4076 1655 4137 Graves
1668 4082 1751 4137 erant

77 4192 156 4239 suos
176 4180 290 4243 evocat,
309 4182 370 4233 tum
390 4176 519 4253 eqnimm
539 4174 673 4257 peditum
694 4194 753 4257 qne
766 4174 889 4239 Germa-
944 4172 1130 4253 basquidenn
1142 4174 1393 4251 Fiirstornbergio,
1410 4170 1467 4233 ssd
1487 4169 1606 4251 quando
1625 4168 1710 4231 aliter
1719 4168 1750 4229 id

81 4286 184 4329 norum
205 4268 309 4344 copias
337 4274 465 4345 minutas
489 4276 592 4351 potest
616 4272 762 4331 maximas
787 4268 889 4331 fratris
944 4268 1088 4347 temporis
1105 4268 1154 4345 agi
1175 4287 1235 4329 non
1254 4274 1377 4347 poterat,
1396 4270 1550 4346 acceptae.
1579 4262 1646 4325 lloc
1662 4260 1749 4325 modo

82 4366 112 4423 iu
129 4358 296 4421 libertatem
315 4356 589 4425 vindicandicausa
604 4361 778 4425 mmerihit
791 4360 890 4433 Quam
944 4358 1115 4431 thesaurus.
1134 4379 1224 4441 quem
1244 4356 1393 4437 publicum
1418 4356 1583 4429 habebant,
1610 4378 1630 4419 a
1647 4354 1749 4417 multis

80 4451 199 4536 qnidam
225 4447 263 4512 ad
297 4448 503 4513 collectionem
527 4457 675 4519 0000000
706 4474 828 4537 operam
858 4458 887 4519 ei
944 4454 1032 4517 annis
1053 4454 1202 4523 inacus,
1220 4472 1327 4532 magno
1353 4473 1420 4513 cum
1441 4450 1621 4529 reipublicae
1641 4448 1748 4509 00000

81 4556 201 4609 emenus
221 4542 350 4607 navabat
377 4544 513 4607 ioannes
546 4548 691 4611 Albertus
716 4548 886 4629 ldegaibur·
944 4546 999 4607 init
1018 4544 1193 4617 exbarrsius.
1212 4546 1443 4607 ctbivoniorum
1456 4545 1573 4604 nitriino
1586 4542 1673 4601 vires.
1693 4542 1747 4599 ita·

81 4643 160 4721 8011,
180 4646 211 4699 ei
230 4638 337 4699 litteris
357 4644 389 4697 ei
413 4640 505 4699 mnu
528 4638 713 4705 clarissimus
736 4646 887 4727 priuceps,
941 4646 1143 4720 quassantes
1168 4648 1241 4701 suoi
1259 4638 1406 4719 deinceps
1439 4656 1564 4715 magnac
1592 4634 1683 4693 totius
1703 4652 1746 4693 ro·

80 4750 203 4813 quarum
223 4750 321 4793 rerum
342 4727 461 4793 laudem
482 4734 570 4812 pauci
588 4734 677 4795 simul
696 4745 767 4797 sunt
782 4754 886 4799 conse·
943 4755 1005 4795 rom
1023 4738 1123 4795 status
1135 4734 1322 4803 mutationes,
1342 4752 1418 4811 quas
1432 4750 1510 4789 0000
1529 4726 1588 4803 (00
1599 4726 1747 4805 promisso

80 4826 157 4895 wll.
182 4822 389 4905 christophori
409 4820 559 4905 designati
574 4822 718 4903 lligsnsis
742 4830 887 4891 antistitis
944 4834 1046 4889 nostro
1062 4825 1300 4899 satisfaciamus)
1322 4824 1424 4884 ordino
1457 4816 1599 4881 narraturi
1630 4836 1745 4879 sumus.

80 4917 181 4989 isaim,
201 4936 259 4997 qno
279 4937 346 4978 curn
365 4926 457 4999 nupia
477 4924 542 4981 erat
563 4918 655 4981 Anna
681 4918 799 5001 Sophia
823 4918 884 4985 iiiia
942 4918 1019 4981 Nan
1038 4918 1219 4979 redeundum
1239 4918 1358 4981 tandem
1381 4916 1469 4974 etiam
1489 4910 1527 4975 sd
1541 4908 1746 4975 rosaitioseis

86 5010 251 5073 borussiae
263 5008 486 5075 DucisAlberti
506 5032 525 5075 a
544 5014 643 5095 priora
663 5014 805 5093 conjuge.
831 5014 886 5077 iio
942 5018 1056 5091 gestas.
1078 5010 1195 5073 ilicin-
1214 5032 1233 5070 a
1253 5010 1340 5069 nobiti
1360 5017 1410 5068 cst
1433 5006 1516 5067 initio
1543 5008 1743 5069 commentarii

78 5102 151 5185 pbia
170 5100 317 5163 inierint
343 5102 497 5167 Danornm
515 5108 597 5187 regis
622 5104 693 5169 lilia.
726 5104 885 5173 Praeterea
942 5104 1042 5185 bujrrs,
1063 5112 1132 5184 post
1150 5114 1309 5185 pugnatum
1330 5102 1454 5163 ieiieiiar
1462 5098 1608 5161 adversm
1618 5096 1744 5163 linceos

77 5197 278 5263 ealamimtem
297 5195 396 5261 nanis
415 5218 469 5279 per
487 5200 685 5263 1000010000
704 5196 884 5265 rusum
941 5199 1018 5263 doce
1037 5196 1257 5273 Piciemburgio
1275 5196 1424 5275 praelium.
1445 5214 1549 5279 pacem
1559 5194 1695 5257 insanos
1706 5196 1745 5257 so

1659 5346 1689 5389 ⁴
