3742 5626
504 246 558 311 llll
578 244 718 313 BELLO
737 240 1266 317 moscov1rlcu.uusntv.
1672 250 1725 313 tdl

52 422 118 477 toto
146 410 315 475 obsidionis
340 418 474 493 tempore
499 429 704 473 renrarrsurum
735 426 862 493 pronun·
920 409 1022 469 turrim
1042 406 1148 469 bootes
1168 407 1367 485 collocarent,
1390 408 1551 493 fossasque
1570 408 1723 489 duxerant,

53 510 176 583 ciasset,
196 514 288 587 utque
304 503 383 567 idem
393 506 452 587 ipsi
465 502 607 577 iacerent,
626 504 783 565 universos
797 500 863 561 bor·
921 504 1152 583 oppugnationis
1170 501 1329 563 consilinm
1348 506 1467 565 omnino
1483 502 1638 567 dimissum
1658 506 1723 569 luit

54 608 135 663 tatem
156 598 275 673 fuisset,
296 600 380 659 initio
405 596 563 659 aJoauue
587 596 739 659 Zborovio
769 594 862 669 iacto,
919 593 994 656 Erat
1014 596 1133 671 triginta
1152 596 1271 655 circiter
1288 592 1478 657 aPleseovia
1496 616 1642 678 passuum
1662 600 1724 663 mil·

52 694 158 775 reliqui
178 710 294 761 omues,
312 688 412 772 quoad
432 692 500 771 ipse
519 698 669 765 maneret,
688 708 725 751 se
743 708 862 770 quoque
919 684 999 747 libus
1018 690 1067 749 via
1087 706 1146 769 qua
1166 690 1196 747 in
1216 688 1371 749 Livoniam
1390 696 1422 749 et
1441 686 1549 767 Rigam
1574 694 1648 769 itur,
1673 696 1723 757 im·

53 792 297 869 perseveraturos
314 786 523 867 promiserunt
542 780 860 844 Zamosciiconsilinm
920 781 1035 842 minens
1055 782 1266 843 monasterium
1285 778 1420 841 Peczura
1439 780 1612 859 altionem,
1637 790 1724 866 quasi

54 876 193 941 maueudi
212 884 330 939 secreto
351 878 441 940 amici
452 874 670 959 improbabant,
689 874 861 949 monebant,
919 872 1120 954 sepuleretum
1140 871 1268 950 dictum,
1297 873 1392 934 Divae
1411 872 1562 953 Virginis,
1581 880 1669 957 cujus
1688 899 1726 941 eo

53 970 179 1047 videret,
199 990 287 1053 pram
307 972 338 1031 iu
356 988 474 1041 serem
493 972 673 1052 susciperet,
698 988 766 1029 cum
785 969 861 1049 peri·
918 966 948 1027 in
968 966 1036 1029 loco
1057 988 1094 1029 es
1113 964 1220 1028 arbore
1238 973 1356 1027 erratm
1376 962 1503 1045 effigiem
1518 978 1665 1049 repertam
1677 992 1725 1035 cn.

54 1064 113 1125 culi
133 1064 259 1145 plenam,
278 1070 340 1125 tum
360 1081 437 1144 quae
456 1064 484 1123 si
497 1082 589 1124 secus
603 1058 735 1137 caderet,
755 1080 861 1139 magua
919 1060 992 1131 lunt,
1011 1060 1170 1139 religione,
1195 1061 1426 1139 sanctitatisque
1454 1078 1492 1121 ae
1518 1062 1724 1127 miraculorum

55 1178 121 1219 eum
141 1154 251 1219 invidia
271 1158 339 1237 ejus
359 1158 545 1237 superiorum
563 1174 661 1215 rerum
679 1154 804 1233 gloriam
819 1155 861 1233 ip·
920 1150 1102 1234 quorundam
1121 1150 1201 1213 larua
1218 1152 1432 1225 clarissimum,
1460 1151 1499 1215 ob
1519 1172 1644 1237 eamque
1663 1156 1726 1239 plu·

55 1254 121 1313 sius
145 1270 262 1312 omrrem
287 1256 462 1329 corruptura
491 1258 586 1310 esset.
626 1246 669 1309 lio
696 1267 785 1309 unum
811 1246 862 1307 ille
919 1246 1002 1305 riuris
1022 1266 1060 1307 ac
1078 1244 1272 1325 amplissimis
1291 1244 1496 1325 proventibus,
1516 1244 1554 1308 de
1571 1246 1726 1329 Novogro-

55 1340 268 1425 respoudebat,
287 1344 457 1404 existimare
473 1360 509 1401 se
521 1338 630 1401 bonum
642 1342 862 1421 imperatorem,
920 1335 959 1399 da
980 1338 1124 1401 Livoniea
1144 1338 1225 1415 agris
1236 1336 1387 1399 nonnullis
1397 1336 1551 1413 detractis,
1571 1342 1659 1423 eique
1679 1363 1726 1407 as·

56 1433 242 1516 eundemque
262 1434 371 1497 bonum
392 1435 486 1495 civem
507 1454 567 1494 uon
586 1452 671 1505 auae,
690 1428 747 1493 sed
766 1429 863 1513 publi·
918 1432 1047 1509 signatis
1066 1450 1085 1491 a
1102 1427 1280 1491 llloscoviac
1298 1430 1385 1493 Duce
1404 1429 1539 1494 ditatum.
1569 1432 1648 1497 lluic
1663 1436 1726 1499 ldo·

56 1548 111 1589 eae
132 1525 269 1607 dignitati
288 1525 411 1589 studere
435 1524 562 1587 debere:
592 1528 619 1587 si
639 1546 672 1585 rc
693 1522 803 1585 iniecta
823 1520 862 1585 ab
918 1526 964 1585 sei
985 1520 1165 1603 praesidium
1186 1524 1398 1603 innposuerant.
1437 1524 1549 1603 dlaguo
1569 1524 1599 1587 id
1616 1531 1725 1593 iucom-

56 1618 215 1683 obsidioue
234 1617 478 1683 abscendeuduru
497 1622 549 1693 sit,
574 1640 592 1680 e
617 1638 650 1679 re
681 1624 752 1679 erata
785 1636 863 1677 eom·
921 1614 1010 1677 modo
1037 1620 1067 1677 in
1092 1636 1128 1677 ea
1154 1618 1306 1677 vicinitate
1331 1620 1444 1677 uostris
1470 1627 1544 1680 erat.
1583 1618 1662 1685 Nara
1695 1632 1728 1687 et

58 1710 176 1777 modius
197 1712 335 1789 lentinum,
355 1711 395 1775 ad
415 1732 451 1773 se
471 1710 590 1792 peccati
610 1712 678 1791 ejus
693 1710 862 1791 opinionem
920 1708 1114 1791 pabulatores
1134 1716 1256 1769 uostms
1280 1704 1522 1789 frequentissime
1548 1714 1727 1797 excipiebat,

57 1803 206 1880 recidere,
236 1826 325 1888 qnam
350 1800 390 1867 ad
410 1802 525 1883 Regem
554 1812 607 1865 aut
637 1801 863 1885 liempubiieam
920 1805 1027 1865 itinera
1045 1800 1215 1871 infestabat,
1235 1820 1331 1883 coque
1351 1802 1419 1883 ipso
1445 1810 1580 1884 tempore
1604 1806 1727 1889 impedi-

57 1901 238 1961 universam.
264 1897 368 1963 Allato
384 1898 449 1977 jam
469 1904 540 1957 ante
560 1892 864 1957 allueeC-urlandiae
921 1902 1021 1959 merita
1039 1916 1058 1955 s
1078 1892 1227 1957 rronrrullis
1248 1896 1431 1975 praemissu,
1457 1904 1519 1959 tum
1545 1906 1727 1965 mercatores

58 2000 89 2055 et
108 1990 292 2072 Rigeusibus
317 1989 454 2071 pulvere,
484 1996 555 2049 ante
575 1988 673 2068 Regis
695 1986 864 2051 discessum
922 1986 1068 2070 quosdam
1087 1986 1239 2066 lligenses
1258 1996 1441 2049 excusserat.
1469 1987 1607 2069 Adquos
1620 1988 1728 2057 muron

58 2084 156 2149 denuo
177 2086 428 2166 oppugnationem
448 2088 565 2143 terrtm
585 2084 681 2143 visum
707 2080 774 2143 luit.
813 2079 865 2145 Ab
923 2103 959 2142 ea
970 2079 1168 2163 pertinebant,
1178 2100 1302 2161 quorum
1317 2101 1376 2141 nou
1389 2090 1473 2143 eraut
1485 2084 1584 2164 pauci,
1603 2088 1729 2149 maxime

58 2198 94 2240 ea
115 2185 210 2259 porte,
229 2196 288 2257 qua
308 2174 416 2237 Poloni
434 2182 523 2235 orama
544 2172 865 2236 eruunitiouibussuis
925 2192 1005 2246 vero,
1026 2176 1077 2255 qui
1107 2169 1317 2254 impedirrrenta
1348 2192 1405 2235 sua
1437 2177 1629 2255 praemissuri
1658 2179 1729 2241 illae

59 2290 159 2333 muros
179 2276 413 2351 quassaverant,
438 2266 543 2329 lrostcs
568 2265 674 2331 erebro
699 2286 865 2349 propugua·
924 2274 1019 2343 eraut,
1048 2274 1083 2327 ut
1112 2262 1143 2327 id
1176 2266 1336 2347 potestatis
1361 2286 1436 2327 serae
1461 2266 1584 2345 iaceret,
1603 2290 1622 2333 a
1642 2270 1729 2353 Rege

60 2362 128 2426 cula
148 2362 247 2441 lignea
267 2360 450 2441 objicerent,
479 2357 643 2440 eademque
668 2359 763 2422 fossis
789 2380 867 2421 eom·
924 2357 1155 2421 contendebant.
1196 2356 1425 2441 l’ropouebatur
1447 2358 1487 2423 ab
1515 2360 1609 2427 altera
1634 2374 1731 2447 parte,

60 2459 254 2517 muniverant.
274 2456 378 2534 ltaque
396 2454 427 2513 iu
440 2454 624 2533 superiorem
636 2453 789 2535 aliquanto
801 2474 866 2534 par·
925 2452 1017 2513 milite
1037 2473 1074 2515 es
1093 2452 1323 2533 oppugnationis
1342 2458 1402 2513 mm
1422 2450 1591 2533 diuturnae,
1611 2476 1649 2519 ao
1669 2458 1731 2521 irri-

59 2562 120 2613 tem
138 2546 179 2611 ad
204 2546 338 2611 dextram
363 2544 576 2607 mentitionibus
601 2546 771 2619 translatis,
797 2542 868 2607 indo
924 2554 974 2607 tae
994 2542 1147 2607 laboribus
1167 2542 1295 2607 noudum
1322 2554 1474 2625 recreato,
1505 2568 1612 2613 trovam
1642 2550 1732 2615 ullam

58 2660 175 2703 rursum
195 2642 351 2703 tormentis
369 2658 471 2701 muros
491 2638 707 2719 percutiebant
747 2636 811 2701 Sed
830 2658 867 2701 eo
925 2640 1033 2701 tentari
1053 2658 1112 2699 nou
1130 2640 1208 2699 satis
1238 2646 1302 2699 tutu
1334 2658 1439 2721 posse.
1479 2638 1546 2703 ilex
1574 2642 1732 2705 multorum

59 2756 177 2817 quoque
196 2734 264 2795 loco
290 2753 397 2794 novum
422 2732 692 2813 propugnaculum,
719 2740 867 2793 tormenta
925 2732 1074 2793 continuis
1085 2728 1225 2813 precibus
1234 2733 1343 2801 victus,
1362 2730 1597 2795 Fareusbclrium
1616 2756 1654 2797 eo
1667 2740 1731 2799 urit·

61 2848 132 2889 vero
141 2824 219 2889 sdeo
228 2823 353 2905 grarmia
367 2825 475 2886 bostes
485 2832 697 2905 opposuerant,
716 2830 758 2897 ut,
777 2844 868 2904 quum
924 2826 972 2883 tit.
991 2822 1070 2885 Huic
1090 2818 1220 2891 mandat,
1240 2828 1274 2883 ut
1293 2822 1353 2883 situ
1373 2822 1432 2885 loci
1451 2826 1582 2905 cognito,
1601 2826 1673 2909 quid
1683 2832 1731 2891 sui

60 2914 211 2999 quoddam
226 2916 427 2997 septuaginta,
451 2914 577 2977 alterum
596 2918 749 2995 octoginta
766 2914 868 2999 pondo
925 2914 1043 2976 consilii
1062 2916 1113 2987 sit,
1132 2914 1289 2977 certiorem
1307 2934 1344 2977 se
1363 2912 1464 2991 iaciat,
1487 2918 1516 2981 si
1542 2939 1731 3003 nonmagna

60 3008 170 3089 globos
190 3010 411 3091 Jseulareutur,
442 3010 530 3069 ιιίιιιιι
554 3026 666 3087 aggere
690 3008 868 3089 repletarum
926 3010 1048 3087 negotio
1068 3010 1229 3091 potiturum
1254 3026 1290 3069 se
1316 3026 1353 3069 eo
1379 3010 1576 3085 existimaret,
1608 3014 1731 3077 militem

61 3102 194 3165 corbium
214 3100 393 3177 militarium,
411 3108 445 3163 ut
464 3120 502 3161 ex
520 3099 625 3163 ordine
643 3101 763 3181 positas
775 3108 870 3179 erant,
927 3108 1133 3183 tormentaque
1152 3099 1195 3163 illi
1214 3102 1457 3177 summissurum;
1475 3104 1504 3165 si
1523 3100 1730 3181 difficiliorem,

60 3198 180 3267 seriem,
211 3214 272 3255 uuo
299 3196 362 3255 ictu
380 3200 584 3276 penetrarent.
623 3192 758 3273 ilungari
790 3192 870 3275 quod
928 3214 1018 3275 quam
1038 3206 1072 3255 ut
1090 3214 1127 3255 eo
1146 3200 1281 3275 tempore
1298 3196 1415 3275 suscipi
1428 3192 1562 3275 deberet,
1582 3218 1731 3281 expugua-

60 3285 175 3351 aditum
195 3290 227 3349 in
246 3288 359 3359 turrim,
378 3306 456 3367 quae
474 3283 516 3349 ad
537 3284 672 3349 Velicam
691 3284 809 3359 flumen,
839 3294 872 3351 et
927 3290 1039 3351 tionem
1060 3286 1187 3349 loturam
1202 3284 1363 3367 judicaret,
1384 3289 1501 3369 integra
1519 3310 1553 3355 re
1573 3288 1613 3353 ad
1631 3310 1667 3353 se
1685 3314 1730 3357 re-

62 3382 243 3443 nnntuonee
260 3396 363 3441 eorum
382 3377 561 3459 pertinebat,
579 3382 658 3443 satis
678 3378 770 3441 latum
789 3388 872 3462 pote·
929 3376 1016 3443 diret.
1056 3376 1279 3445 Farerrsbelrius
1298 3382 1405 3461 paueis
1425 3402 1494 3445 cum
1519 3382 1669 3465 equitibus
1694 3406 1732 3449 en

62 3474 204 3546 laceram,
224 3470 313 3534 rrodo
332 3474 392 3553 ipsi
411 3492 466 3553 per
485 3474 587 3535 ruinas
606 3494 660 3535 eas
679 3470 787 3535 bostss
803 3492 871 3555 pro·
929 3470 1093 3554 proiectus,
1114 3472 1144 3533 iu
1171 3474 1278 3534 itinere
1297 3476 1327 3533 iu
1346 3472 1477 3537 bostium
1502 3478 1618 3559 equites
1643 3476 1732 3560 longe

63 3564 223 3649 pellebant,
243 3562 331 3627 modo
350 3561 389 3627 ab
410 3564 471 3625 illis
487 3562 685 3645 pellebantur.
725 3564 871 3629 Conversi
930 3566 1040 3647 plures,
1060 3568 1110 3647 qui
1132 3566 1265 3627 l'eesnrs
1285 3574 1390 3629 contra
1408 3568 1599 3649 pabulatores
1612 3576 1734 3635 nostros

63 3660 153 3723 eur·
171 3656 212 3721 sd
232 3678 333 3721 muros
354 3676 391 3719 ea
415 3678 452 3719 ex
473 3665 558 3738 parte
577 3676 596 3719 a
615 3656 724 3719 Veliea
752 3656 872 3719 dumirre
930 3662 1057 3737 egressi,
1075 3658 1134 3719 sub
1154 3656 1186 3719 id
1205 3666 1324 3739 tempus
1344 3658 1491 3731 redibant,
1510 3658 1630 3733 incidite
1660 3684 1732 3745 quo·

63 3750 197 3815 dohbris
215 3760 247 3813 et
255 3747 413 3813 securibus
423 3748 614 3811 subruendos
626 3748 760 3824 luerunt;
780 3752 871 3831 aqui·
929 3770 993 3811 rrum
1012 3750 1081 3813 aliis
1100 3752 1211 3821 eaesis,
1230 3753 1340 3813 ceteris
1360 3750 1536 3833 profligetis,
1561 3754 1664 3833 praelii
1683 3756 1732 3817 bu·

63 3846 122 3907 bus
141 3864 230 3927 φιιιιιι
248 3845 374 3925 primum
393 3860 471 3921 aqua
490 3844 616 3923 pioeque
636 3840 772 3915 lerveuti,
789 3844 871 3905 aliis·
924 3844 978 3923 jus
998 3850 1143 3923 proventu
1163 3844 1314 3917 invitatus,
1334 3851 1365 3904 et
1383 3842 1464 3925 quod
1483 3863 1540 3905 nee
1558 3844 1643 3909 losse
1655 3844 1734 3911 adeo

63 3958 122 4020 que
142 3934 262 4017 ignibus
280 3934 310 3995 in
331 3954 387 3997 eos
406 3932 519 4005 edusis,
537 3942 673 3997 avertere
693 3956 749 3999 eos
769 3937 870 3997 eonati
930 3954 1047 4014 magna,
1067 3956 1124 3997 uec
1143 3934 1385 4017 propugnaculis,
1404 3944 1457 3997 aut
1474 3938 1535 3997 situ
1554 3958 1736 4023 magrropere

63 4030 171 4091 lrostes
190 4026 327 4099 luissent,
348 4026 481 4106 ssurrgari
501 4026 692 4091 nibilominus
702 4050 739 4091 co
750 4048 871 4109 proces·
931 4028 1072 4087 munitum
1085 4038 1232 4103 cerneret,
1250 4036 1341 4109 utque
1352 4026 1440 4089 benuo
1452 4028 1587 4091 militarie
1599 4030 1676 4095 bene
1696 4032 1736 4097 de

62 4126 188 4195 sissent,
207 4128 241 4181 ut
259 4126 344 4199 parte
356 4121 431 4179 muri
444 4118 575 4181 inleriori
586 4128 701 4199 egesta,
714 4124 869 4203 superiore
932 4138 1079 4179 successu
1108 4124 1339 4201 oppugnationis
1369 4130 1516 4201 speraret,
1540 4130 1735 4205 oppugnatio·

61 4224 204 4293 tarrquam
223 4208 375 4275 testudine
394 4221 575 4291 tegerentur,
595 4212 733 4295 laedique
744 4214 871 4295 amplius
931 4232 998 4272 nem
1010 4214 1148 4293 semeipit.
1170 4214 1262 4275 blittit
1279 4212 1322 4275 illi
1342 4212 1409 4275 Rex
1423 4214 1604 4279 Germanum
1615 4220 1737 4283 militem

64 4306 104 4369 ab
124 4304 195 4377 illis,
215 4324 292 4385 quae
311 4304 342 4365 iu
362 4324 416 4367 eos
435 4306 637 4379 mittebantur,
656 4326 715 4369 non
736 4315 873 4387 possent,
932 4324 999 4366 eum
1013 4308 1170 4367 tormentis
1186 4305 1301 4387 aliquot
1314 4306 1495 4387 majoribus,
1515 4312 1565 4391 qui
1579 4318 1738 4377 coniunctis

65 4400 171 4461 bostes
192 4397 272 4477 ligna
281 4398 384 4477 justae
397 4396 619 4477 crassitudinis,
637 4400 744 4463 lerreis
756 4398 872 4461 aculeis
932 4400 1015 4479 prius
1026 4398 1239 4461 munitionibus
1250 4402 1323 4461 muri
1340 4408 1454 4481 partem
1470 4402 1599 4485 aliquane
1616 4412 1738 4469 stravis-

65 4489 197 4571 undiqus
222 4490 372 4551 borrentio
403 4491 520 4553 eatenis
545 4490 650 4555 lerreis
674 4490 714 4555 ad
739 4492 874 4573 praelon-
932 4500 990 4567 set,
1000 4513 1055 4575 per
1065 4496 1168 4555 ruinas
1181 4496 1344 4577 irrumpere
1356 4494 1739 4577 coniuratumjonrquevil·

66 4604 136 4665 gam
154 4580 261 4645 sudem
282 4588 384 4663 aptata
409 4602 447 4643 ex
470 4584 543 4643 urbe
567 4604 658 4665 supra
685 4606 802 4661 merres,
833 4582 873 4647 ad
932 4584 1048 4647 belmas
1068 4586 1211 4649 Ketlerus
1224 4586 1321 4649 Ducis
1334 4586 1512 4651 Curiandiae
1534 4590 1633 4652 iratris
1651 4590 1740 4667 iilius,

66 4696 145 4759 quos
164 4676 326 4755 lluugarus
343 4672 533 4737 subruendos
554 4680 745 4753 constiterat,
772 4682 815 4741 ita
833 4680 873 4739 vi·
933 4678 1055 4759 (laspas
1074 4678 1305 4758 etllejnboldne
1317 4680 1526 4753 Tisenlronsii,
1551 4702 1588 4741 se
1606 4682 1657 4743 alii
1677 4688 1740 4765 qui·

68 4768 209 4843 brabant,
229 4778 264 4831 ut
278 4790 314 4831 ex
335 4790 372 4831 ea
388 4770 557 4849 jactatione
569 4768 695 4831 verbere
706 4770 815 4833 subtus
826 4768 876 4833 de·
933 4768 1001 4831 dam
1023 4772 1053 4831 in
1074 4776 1176 4833 turrim
1196 4776 1358 4853 proximam
1386 4780 1559 4844 evaseruut,
1591 4782 1681 4857 atque
1710 4780 1739 4839 in

69 4868 150 4923 torto
167 4870 310 4943 tauquam
330 4860 459 4942 dagello,
479 4864 529 4943 qui
549 4864 681 4943 iuopero
698 4872 792 4937 eraut,
812 4884 875 4923 ver·
934 4864 1022 4921 imam
1048 4862 1117 4941 ejus
1144 4874 1257 4945 portem
1283 4886 1337 4947 per
1360 4864 1462 4927 scalas
1480 4884 1516 4925 se
1535 4862 1741 4933 demittebant.

68 4952 252 5027 berareutur,
273 4958 449 5037 magnisque
460 4952 655 5017 incommodis
670 4953 873 5029 allicerentur,
936 4956 977 5014 lis
996 4954 1035 5015 ab
1056 4956 1282 5037 insequentibus
1292 4956 1406 5027 fractis,
1427 4976 1463 5017 ue
1474 4978 1528 5039 per
1538 4960 1638 5021 rerinss
1652 4966 1741 5025 etiam

68 5068 126 5109 nec
144 5056 244 5112 tamen
262 5048 424 5129 ilungarus
443 5048 573 5117 reuisit,
597 5068 656 5127 quo
675 5044 714 5111 ad
734 5050 876 5129 majorem
936 5065 1024 5127 quum
1044 5056 1167 5129 propter
1184 5052 1341 5127 erigeretias
1361 5070 1478 5123 eertum,
1503 5060 1564 5111 turn
1585 5052 1664 5133 quod
1691 5056 1740 5117 bo·

67 5144 138 5223 ejus
149 5144 225 5203 muri
238 5148 352 5223 partem
363 5141 540 5212 stravisset;
559 5136 598 5201 ad
611 5150 781 5213 extremum,
796 5138 877 5221 quod
937 5148 1001 5201 stes
1021 5160 1125 5201 omnies
1146 5142 1271 5206 corrierti
1291 5152 1394 5205 eontra
1414 5164 1467 5204 cas
1486 5164 1521 5205 se
1540 5146 1739 5219 obverterent,

68 5234 108 5297 ab
129 5252 166 5295 es
183 5252 302 5313 quoque
321 5242 406 5313 parte
425 5254 503 5297 uova
523 5234 745 5315 praepugnaeula
773 5242 877 5295 contra
938 5232 1017 5297 nulla
1038 5234 1217 5317 irrumpendi
1238 5236 1380 5301 inernltntc
1401 5238 1483 5299 militi
1504 5246 1619 5306 relicta.
1639 5242 1689 5317 qui
1710 5244 1743 5299 in

1332 5342 1372 5400 lb
