3742 5626
94 184 153 245 m
655 180 895 245 REJNHOth
917 180 1241 245 flfflnunstatnn

97 348 194 409 blicae
213 366 267 428 pro
288 364 325 407 se
345 346 472 426 quisque
494 345 644 417 studeret,
674 365 711 407 uc
740 347 838 407 animo
865 344 905 407 ad
963 344 1061 405 mines
1080 347 1142 423 egri
1162 346 1229 427 ejus
1248 364 1353 405 omnes
1372 344 1411 405 ad
1431 348 1643 405 sacramentam
1664 360 1772 403 erece-

97 441 222 521 qnacris
239 438 676 521 pericuiaexcipicndeparato
691 446 785 510 esset,
805 439 905 501 fausta
963 442 1019 499 rat.
1066 436 1207 519 Quinque
1237 444 1335 500 auten
1365 438 1527 517 antiquitus
1554 436 1704 497 territorio
1733 434 1773 495 ad

97 554 234 617 quaeqae
251 552 290 595 sc
310 531 418 603 seticis,
438 536 528 613 utque
549 535 675 612 utrique,
693 534 812 612 temoni
824 532 904 593 dorni
963 530 1151 593 Zaroiociam
1171 534 1328 611 pertinent.
1368 530 1522 591 Venerunt
1546 530 1576 590 in
1602 528 1652 589 bis
1676 526 1774 587 Vero·

96 626 229 688 mensuri
254 630 374 696 essent,
403 643 492 703 quam
518 627 567 705 qni
595 627 625 687 in
645 625 754 687 bellun
773 628 842 687 ituri
862 628 905 687 its
963 624 1126 687 nccienses
1144 623 1456 700 aduocato,Poionico
1475 643 1557 683 moro
1577 624 1636 683 sibi
1656 632 1772 682 erecto.

98 724 316 797 remgererent,
326 724 360 781 ut
371 738 442 781 mox
450 718 530 781 lacta
542 721 688 803 utrimque
699 718 905 799 gratulatione,
963 716 1116 799 Oppidum
1140 724 1241 780 autern
1261 717 1429 778 Voronccia
1455 724 1503 778 cst
1528 736 1620 797 supra
1645 714 1772 776 Zavoio·

98 813 128 872 in
151 820 270 873 mutuos
290 812 465 893 complexus
484 822 612 886 ruerent,
631 822 774 894 precatus
784 813 823 874 iis
832 811 904 873 fuit:

98 904 137 966 ed
158 924 248 985 qnam
267 924 371 966 vocem
390 904 498 986 plausu
515 926 536 968 e
556 906 747 969 circumfusis
763 906 905 983 excitato,

99 997 305 1061 cancellarius
324 1019 391 1060 cum
416 1000 512 1078 ipsum
534 998 669 1080 plausu·
688 1000 797 1061 laetum
817 1018 904 1060 omen

97 1091 187 1153 tutari
206 1112 388 1169 successus,
407 1111 444 1154 ac
463 1112 523 1153 non
542 1092 672 1153 diuturni
690 1092 767 1165 ‚betti
787 1092 903 1171 Regem

97 1186 236 1267 occipere
252 1184 359 1247 intulit.
399 1185 466 1247 Sub
486 1184 564 1247 idem
577 1184 766 1248 conitiorum
786 1192 905 1267 tempus

97 1275 228 1340 Sueciac
249 1278 328 1353 Rex,
354 1278 464 1358 quibus
482 1279 617 1359 partibus
637 1279 696 1341 bac
714 1278 905 1361 expeditione

97 1371 208 1431 betium
230 1390 355 1433 orsurus
374 1370 445 1432 Rex
465 1377 558 1443 osset,
578 1392 633 1453 per
650 1374 767 1435 litteras
786 1372 906 1452 aRego

98 1464 269 1544 quaerebat.
309 1462 376 1525 Rex
395 1484 450 1545 pro
470 1484 518 1541 oo,
537 1464 617 1545 quod
639 1476 712 1527 ante
736 1464 775 1528 sd
795 1465 904 1526 beitun

98 1556 157 1617 boc
175 1558 302 1619 maximo
321 1556 451 1619 Succine
471 1556 539 1619 Ros
559 1557 696 1621 hortatus
722 1580 759 1621 so
785 1558 905 1631 fuisset,

97 1670 135 1712 ec
154 1658 256 1712 mutua
274 1650 500 1713 necessitudine
519 1650 676 1714 celandum
694 1672 763 1713 eum
780 1652 904 1713 consitis

98 1764 154 1806 sue
174 1762 232 1804 non
254 1752 348 1815 retus,
372 1743 560 1807 Picscoviaru
588 1766 625 1805 sa
644 1766 682 1807 eo
707 1766 786 1807 anno
811 1746 855 1805 ire
873 1746 905 1805 in

97 1838 196 1899 animo
206 1836 318 1899 babere
333 1838 361 1899 et
371 1836 520 1899 ostendit:
539 1840 713 1919 petentique
722 1838 820 1917 iegato
836 1840 905 1921 ejus

99 1934 132 1991 ut
150 1930 289 2007 mititem,
317 1950 406 2012 quen
432 1932 463 1991 in
484 1929 645 1993 Germania
669 1930 906 2011 intercipiendae

98 2023 257 2103 togetionis
283 2024 498 2087 Moscoriticac
526 2023 566 2085 ad
585 2022 743 2108 Principes
762 2026 905 2088 Christia-

98 2136 155 2177 nos
173 2118 288 2179 missae
308 2136 402 2179 causa
420 2118 587 2199 scripturus
604 2116 673 2179 Rea
692 2123 787 2195 esset,
804 2120 905 2179 rotun·

98 2216 159 2271 tste
179 2209 276 2290 Regis
296 2232 348 2291 per
367 2210 497 2271 ditiones
515 2230 552 2271 ac
576 2216 681 2291 portus
707 2213 775 2295 ejus
795 2210 905 2273 ducere

99 2302 157 2363 sibi
176 2302 296 2375 diecret,
322 2304 451 2375 litteras,
477 2322 597 2383 quarum
618 2306 791 2365 anctoritate
811 2302 841 2363 id
863 2304 904 2365 ia·

99 2414 168 2456 cere
186 2404 303 2477 posset,
333 2394 424 2457 dedit.
464 2394 576 2457 lisdem
603 2398 786 2475 temporibus
817 2396 904 2459 Pbiio

99 2488 205 2560 Gnitu,
225 2489 274 2568 qui
286 2488 419 2551 bucensi
438 2488 587 2568 pracsidio
602 2488 806 2551 Praefectnsa
818 2490 905 2569 Rege

99 2580 211 2657 tuerat,
238 2600 277 2641 ue
303 2580 389 2643 nites
413 2583 477 2643 otio
501 2600 538 2643 ac
564 2580 680 2646 desidio
704 2584 821 2644 interim
841 2602 904 2644 cor·

99 2678 296 2757 rumperetur,
317 2672 473 2735 Cboirunm
491 2673 737 2748 Moscoriticurn,
757 2674 836 2756 qnod
856 2696 904 2737 cn·

98 2772 161 2829 stre
179 2786 273 2849 supro
291 2766 437 2829 bovatam
456 2766 576 2830 fluvium
596 2768 688 2829 situm
712 2774 775 2841 est,
801 2766 905 2829 Marti-

99 2880 169 2922 nnm
189 2860 324 2923 Curtium
344 2866 376 2921 et
396 2861 566 2923 Gabrielem
587 2862 794 2923 Heinbconem
805 2862 904 2937 misit3

98 2956 148 3035 qui
168 2974 260 3035 quum
285 2974 326 3014 ex
351 2956 479 3035 cuptiuis
504 2957 731 3035 cognovissent,
763 2956 903 3039 oppidum

963 811 1038 872 maer
1059 810 1099 872 ad
1118 810 1249 873 Sorcan
1268 810 1378 871 flumen
1398 810 1499 885 situm,
1520 813 1699 889 propterque
1719 808 1771 868 du·

963 904 1052 967 minis
1070 906 1138 987 ejus
1157 905 1415 986 opportunitatem,
1434 902 1514 985 quod
1526 906 1557 963 in
1568 901 1708 963 Veiican
1721 901 1771 961 du·

962 998 1190 1077 men,·indeque
1210 999 1270 1059 sub
1290 996 1450 1059 Picscovia
1476 998 1506 1057 in
1524 996 1623 1058 lacum
1642 994 1771 1057 Peibam

962 1110 999 1153 ac
1017 1092 1116 1153 sinum
1137 1088 1364 1153 Finaiandioun
1386 1090 1495 1161 induit,
1522 1090 1713 1150 commerciis
1737 1108 1772 1149 sc

961 1184 1158 1247 habitatorum
1177 1204 1300 1247 numero
1320 1184 1447 1264 amplum
1468 1182 1611 1243 oiimfuit.
1631 1180 1770 1243 &sirus

963 1276 1044 1358 quod
1062 1278 1235 1362 adjunctum
1255 1278 1401 1340 babuerat
1426 1278 1456 1337 in
1481 1282 1526 1337 tot
1544 1277 1712 1336 vicinorum
1737 1294 1771 1336 ac

963 1372 1226 1433 munitioni-orum
1246 1371 1367 1433 aiiomm
1389 1374 1475 1451 copia
1494 1368 1644 1431 desertum
1667 1388 1689 1427 a
1708 1366 1770 1431 blo·

963 1467 1027 1527 scis
1052 1465 1159 1527 iuerat.
1207 1470 1312 1547 itaque
1340 1484 1409 1525 cum
1434 1462 1543 1545 oppido
1570 1461 1652 1523 nulio
1680 1480 1770 1543 opere

963 1559 1075 1620 munito
1100 1557 1279 1639 praesidium
1304 1556 1523 1619 Zeroiocienso
1547 1555 1638 1616 tacito
1664 1556 1770 1636 potito·

963 1672 1027 1713 mm
1047 1654 1229 1731 cogitarent,
1254 1670 1313 1732 qno
1338 1650 1368 1711 id
1389 1656 1459 1711 ante
1480 1648 1695 1723 incenderent,
1715 1668 1768 1709 ιι-

964 1746 1042 1807 ximo
1061 1754 1171 1817 autem,
1200 1744 1279 1825 quod
1307 1743 1448 1826 oppidani
1480 1742 1519 1804 ad
1551 1746 1769 1803 sememonten

963 1844 1171 1915 conveneuant,
1190 1844 1224 1899 nt
1241 1836 1280 1899 ud
1300 1836 1497 1899 deterrendos
1507 1836 1584 1898 aiios
1594 1836 1700 1895 earnis
1710 1854 1770 1895 eru·

963 1932 1062 1993 cintus
1081 1931 1221 2001 exennia
1241 1932 1272 1992 in
1298 1952 1353 1993 eos
1373 1930 1512 2001 ederent,
1539 1932 1639 2011 copiis
1659 1928 1769 2009 aliquot

963 2024 1099 2085 collectis
1118 2026 1273 2107 repentina
1294 2025 1474 2085 excursione
1495 2020 1686 2105 opprimendi
1705 2022 1769 2105 ojus

964 2136 1057 2179 censa
1076 2123 1291 2183 convenerantr
1311 2136 1410 2177 verum
1430 2138 1463 2178 ro
1488 2116 1528 2178 ab
1552 2115 1706 2179 aduocato
1724 2134 1768 2175 co-

962 2211 1055 2289 gnita,
1074 2231 1139 2271 cusa
1159 2210 1211 2272 iiic
1230 2211 1259 2271 in
1280 2228 1403 2272 munere
1421 2230 1458 2273 ae
1477 2214 1557 2271 metu
1578 2228 1637 2270 suo
1661 2208 1767 2269 nonin

963 2304 1092 2383 vigilans
1116 2304 1271 2364 certiorem
1292 2322 1360 2365 mox
1379 2304 1529 2365 Sibrieuar
1549 2302 1697 2381 iecisset,
1722 2304 1769 2369 bic

962 2396 1125 2478 profligatis
1144 2395 1278 2473 bloscis,
1302 2394 1400 2457 iocum
1420 2396 1449 2456 in
1469 2414 1528 2474 quo
1554 2402 1687 2459 caeterum
1710 2398 1769 2459 sue-

963 2494 1017 2559 rat,
1036 2509 1104 2551 cum
1114 2489 1230 2551 Kiraiio
1249 2500 1385 2571 occupat,
1405 2488 1618 2573 praesidioque
1636 2492 1666 2552 ei
1678 2492 1766 2575 inpo-

963 2582 1032 2657 sito,
1052 2584 1194 2644 corbibus
1214 2582 1388 2643 militaribus
1406 2602 1461 2664 pro
1479 2590 1612 2663 tenpore
1635 2604 1766 2647 courme-

963 2676 1014 2749 uit,
1033 2677 1263 2757 agrestibusque
1283 2676 1367 2756 ipsis,
1386 2676 1496 2754 quibus
1514 2674 1680 2737 tennione
1692 2682 1762 2737 notu

963 2776 1058 2848 erant,
1077 2768 1264 2841 ducentibus,
1284 2768 1406 2828 crebras
1426 2766 1667 2831 indeeabostico
1676 2788 1764 2849 prac-

963 2863 1020 2925 des
1039 2864 1109 2942 egit.
1148 2860 1237 2923 Pbiio
1259 2858 1559 2923 CnitaCboiareneis
1575 2864 1769 2925 excarreionis

963 2961 1106 3038 proventu
1126 2956 1268 3017 invitatus
1279 2954 1382 3015 eodem
1396 2952 1516 3015 Sibrion
1533 2974 1571 3017 ac
1581 2956 1691 3019 ricinis
1701 2958 1769 3019 aiiis

98 3052 167 3109 ante
185 3045 313 3109 blesens
331 3066 415 3107 more
435 3066 493 3109 suo
510 3048 694 3122 incendisse,
714 3069 751 3109 ex
769 3068 904 3111 eonem
963 3048 1122 3131 praesidiis
1140 3050 1201 3110 sibi
1216 3048 1376 3131 adjunctis,
1396 3046 1531 3109 Priscam
1542 3046 1681 3111 Bessum
1692 3070 1767 3131 quse

99 3140 220 3201 domum
246 3140 304 3201 sub
331 3144 430 3201 castro
457 3139 497 3202 ad
526 3143 672 3203 excubias
701 3142 835 3221 agendas
865 3142 905 3203 ab
963 3144 1003 3206 ad
1021 3162 1158 3222 magm
1170 3140 1527 3222 Norogardirmspectat,
1548 3144 1686 3205 excurrit.
1703 3141 1763 3205 st·-

99 3232 188 3295 boste
206 3231 347 3305 relictam,
367 3238 457 3294 noctn
477 3236 637 3315 progressi,
656 3254 725 3297 curu
746 3242 902 3317 antequam
963 3258 1023 3315 gna
1041 3236 1100 3297 boc
1119 3238 1187 3297 loeo
1205 3234 1380 3297 Moscoviac
1399 3234 1469 3296 Dux
1493 3236 1659 3298 salinarum
1681 3238 1764 3297 recti-

99 3327 256 3395 iiiuxissct,
276 3346 313 3386 eo
333 3328 552 3407 pervenissent,
573 3329 675 3390 Curtio
693 3326 809 3388 domurn
823 3348 907 3408 prae·
963 3332 1043 3411 gutia
1060 3329 1160 3401 babet,
1179 3328 1346 3408 frequentia
1365 3330 1436 3388 item
1455 3348 1491 3389 ae
1509 3330 1611 3411 ampla
1631 3348 1768 3391 conrum-

98 3424 239 3487 tervectn,
259 3438 296 3477 sc
315 3438 335 3479 a
353 3424 436 3499 tergo
458 3421 593 3481 excubiis
611 3440 647 3481 so
667 3421 836 3503 objiciente,
861 3422 905 3483 tu·
964 3424 1011 3485 cia
1029 3428 1109 3484 sunt.
1149 3420 1300 3504 Oppidum
1320 3423 1466 3501 magistu
1487 3422 1652 3485 salinam
1671 3442 1709 3485 ac
1723 3442 1770 3483 sc

98 3530 197 3592 gnque
216 3512 246 3570 in
266 3516 396 3573 castrum
416 3513 577 3575 interclusa
597 3534 702 3575 omnes
719 3514 905 3591 concidente,
962 3518 1105 3596 gotiorum
1124 3534 1202 3578 usus
1221 3516 1429 3587 constitutum,
1456 3520 1550 3595 utque
1574 3516 1648 3577 ioco
1674 3538 1693 3579 s
1713 3516 1773 3579 bai·

100 3604 236 3667 Holubco
258 3612 389 3665 castrum
414 3604 554 3667 incendit.
595 3608 645 3669 Ab
671 3607 731 3670 aiis
755 3616 838 3689 parte
859 3612 904 3671 Si·
964 3612 1021 3671 bus
1040 3614 1163 3682 remoto,
1184 3609 1264 3670 nuito
1286 3630 1375 3689 opere
1394 3608 1536 3669 munitum
1561 3610 1636 3671 sinc
1657 3612 1773 3689 negotio

98 3700 198 3760 bricus
223 3698 450 3760 Zoroioeionsis
480 3699 623 3781 praesidii
655 3702 825 3782 praefectus
851 3705 904 3766 bo·
962 3704 1082 3786 diripuit
1109 3705 1313 3783 repletumque
1332 3702 1451 3763 mititem
1472 3702 1584 3783 praeda
1606 3702 1739 3763 reduxit.

733 4006 1085 4033 —u-m.
1112 4016 1133 4023 .-

659 4382 864 4461 urnen
909 4382 1208 4480 Quaeres

832 4556 1036 4583 *¹*—

177 4804 293 4866 Sciatis
302 4803 342 4867 ad
351 4824 429 4877 eun,
447 4824 534 4884 quem
547 4805 691 4887 superiori
711 4804 786 4867 iibro
807 4810 906 4867 oston-
966 4810 1061 4877 recta,
1094 4804 1165 4867 inde
1190 4804 1309 4869 Viluam
1333 4808 1537 4890 proficiscitur.
1579 4810 1713 4874 interim
1744 4806 1780 4873 ed

100 4892 213 4966 dinus,
232 4896 351 4959 modum
371 4900 515 4975 comitiis,
540 4898 609 4961 Rex
628 4899 766 4971 mititem,
786 4897 906 4979 quando
967 4897 1211 4981 Cbristopborun
1240 4900 1359 4963 fratrem
1389 4904 1554 4985 Principem
1586 4902 1781 4967 Transsiba

101 4987 131 5044 in
151 4985 387 5066 supplementum
413 4990 452 5052 ad
476 4992 586 5054 betium
607 5012 682 5073 opus
702 5002 782 5065 erat,
801 4994 906 5055 Zamo-
967 4992 1033 5051 niae
1052 4991 1091 5052 dc
1109 5013 1188 5054 nono
1208 4995 1339 5073 equitum
1358 5017 1396 5057 ne
1415 4996 1543 5076 peditum
1564 4995 1782 5077 ilungarorus

99 5078 195 5139 sciuar
221 5097 307 5158 quen
333 5082 486 5145 celerrimo
512 5088 659 5157 scribere,
684 5093 857 5166 matureque
875 5088 906 5147 in
966 5084 1084 5145 deiectu
1113 5087 1224 5147 scribit.
1276 5088 1415 5150 Germani
1446 5089 1547 5151 militis
1579 5090 1784 5171 conquirendi

100 5170 291 5233 iaitburniam
324 5173 473 5237 adducere
501 5180 596 5257 jubet.
651 5179 722 5257 ipse
755 5180 905 5241 ΙῖιιιιΙιιιιιιι
965 5176 1170 5239 Fareusbebio
1201 5202 1254 5259 per
1280 5182 1393 5243 litteras
1419 5185 1566 5259 negotium
1591 5182 1706 5251 datur,
1735 5184 1783 5263 qui
