3742 5626
54 5020 60 5053 l

546 250 673 314 ultan
694 248 876 313 ioannis
896 246 1117 324 Bastarnis,
1136 248 1262 316 mnan
1281 248 1336 314 lll.
1712 242 1768 303 tt.

100 412 259 495 tactusquo
280 416 342 498 jam
362 422 432 475 ante
453 413 561 475 belluas
586 414 784 477 Sarmaticum
802 419 905 475 tantus
964 412 1098 489 dicebat,
1133 416 1241 475 eximia
1281 414 1425 495 probitate
1466 412 1672 489 constantique
1709 406 1768 469 dds

99 510 176 578 erat,
196 513 229 567 nt
250 528 307 567 non
327 512 386 567 tam
405 510 522 569 timeret
542 508 664 579 bostes,
689 528 776 589 quam
801 508 904 567 timon
962 504 1049 566 valde
1076 508 1265 575 instrnetum,
1290 510 1321 565 et
1341 503 1530 584 superhaec
1553 504 1662 585 opibus
1679 500 1767 562 ussi·

99 599 156 661 dus
182 601 248 680 ipse
274 599 412 661 hostibus
444 610 538 662 esset.
583 600 755 661 Extarernnr
786 618 906 680 queque
963 600 1020 660 mis
1047 598 1134 677 longe
1154 600 1407 680 potentissimum,
1426 603 1583 679 propterca
1602 598 1632 657 in
1652 592 1769 665 dit'fieil·¹

100 692 269 774 Principum
295 694 441 756 amicitias
468 694 507 755 ad
532 692 672 756 tuendam
704 694 832 754 neminis
856 693 903 751 sui
934 710 938 765 ς
962 691 1042 751 libus
1061 697 1092 752 et
1112 694 1227 771 magnis
1247 713 1343 753 rernm
1354 692 1481 752 emnium
1497 688 1768 770 perturbationibus

100 786 270 863 dignitatem
297 788 540 848 ambitiosissime
565 789 737 867 quaerebat.
776 784 853 847 Nam
873 788 905 844 et
963 785 1072 845 lirmam
1094 788 1211 845 connino
1231 806 1317 866 spem
1337 788 1367 845 in
1388 784 1605 844 illiusamicitia
1622 800 1774 862 reponem·

98 876 332 940 blaximiliunum
363 879 401 942 ll.
436 880 596 942 Caesarem
628 881 658 940 io
694 880 824 941 levorem
857 878 904 938 sui
932 904 936 981 Ι
963 876 1027 938 ι1ιιι
1049 898 1121 939 csse
1141 880 1272 960 patabat.
1314 878 1378 939 Sed
1398 876 1538 937 dicebant
1558 880 1628 935 tnnc
1647 874 1700 934 viri
1720 892 1768 933 ss·

99 970 325 1045 sollicitaverat,
351 978 382 1032 et
409 971 568 1035 Persarum
598 972 702 1051 Reges
733 971 903 1035 Sebacbnm
932 1010 935 1045 ᾗ
963 973 1079 1049 pientes
1104 974 1180 1031 inter
1205 970 1347 1053 quasdam
1373 972 1511 1031 nationes
1535 974 1647 1029 tantam
1671 984 1769 1027 rerum

101 1062 261 1139 Theman,
282 1074 314 1125 ct
331 1064 533 1127 blabometem
559 1066 777 1129 llodabendnnr
796 1064 904 1125 beneb-
932 1056 936 1159 l
962 1064 1218 1125 dissimiltudinem
1251 1084 1337 1141 esse,
1366 1070 1400 1125 ut
1428 1083 1550 1140 prorsus
1581 1062 1621 1123 ab
1651 1060 1766 1121 illomss

99 1158 155 1217 ciis
169 1158 383 1239 obsequiisque
402 1158 559 1221 devinctos
577 1160 715 1223 babebat.
761 1158 906 1219 Britanni·
933 1164 936 1205 Ι
963 1158 1148 1219 abstinuisse
1183 1160 1359 1218 commercio
1394 1158 1482 1234 longe
1518 1154 1685 1217 consultius
1718 1151 1768 1219 sii,

101 1270 155 1312 cac
180 1256 278 1313 sutesr
299 1251 438 1329 Reginae
458 1252 535 1315 adeo
555 1255 689 1335 impense
720 1252 849 1326 tacebat,
874 1254 907 1309 ut
964 1270 1051 1330 qnam
1082 1252 1261 1313 arctissimis
1289 1252 1374 1313 etiam
1406 1249 1550 1328 adstringi
1587 1245 1769 1307 foederibus·

101 1348 132 1403 et
156 1362 221 1403 eum
247 1344 329 1405 illins
356 1344 453 1423 legate
474 1347 504 1405 in
531 1348 658 1407 intimam
682 1345 905 1405 familiaritatem
963 1342 1040 1405 Nam
1067 1349 1098 1405 et
1122 1342 1282 1405 Germania
1300 1366 1319 1407 a
1337 1344 1452 1405 Mescis
1477 1348 1538 1403 tam
1557 1339 1662 1423 proeul
1682 1336 1770 1397 dissi·

102 1442 239 1515 recepto,
265 1456 373 1497 arcana
397 1458 493 1498 rernm
514 1438 627 1500 liberali
654 1437 761 1499 liducia
781 1454 906 1497 eommu-
964 1446 1099 1512 morat,
1120 1446 1153 1497 nt
1173 1438 1261 1497 etiarn
1282 1439 1308 1497 si
1329 1436 1418 1498 raldo
1438 1436 1541 1511 vellet,
1569 1434 1704 1496 barbaris
1728 1436 1770 1491 ts·

102 1530 229 1605 nicaret,
250 1535 281 1589 et
299 1550 406 1609 magna
426 1552 465 1591 ex
485 1537 570 1613 parte
590 1530 724 1592 consiliis
742 1532 809 1613 ejus
824 1548 906 1607 rege·
964 1550 1033 1589 men
1052 1528 1197 1609 prodesse
1208 1550 1266 1589 nen
1285 1530 1407 1591 multam
1427 1538 1546 1608 posset,
1575 1526 1771 1589 etbioseiene

103 1628 191 1683 retur.
232 1621 307 1683 Nam
332 1625 360 1684 is
384 1630 448 1684 erat
472 1630 572 1685 aetate
596 1628 687 1702 atque
712 1626 773 1683 oris
804 1622 907 1683 babitn
965 1628 1072 1700 gentes
1097 1621 1173 1683 adeo
1198 1642 1337 1684 morosae
1365 1642 1401 1683 nc
1426 1622 1610 1699 foedifragse
1635 1628 1667 1681 et
1691 1620 1769 1679 inse.

103 1808 189 1868 ιΐίιιιι
221 1808 372 1871 literanis·
396 1810 538 1885 scientia,
570 1814 601 1869 et
629 1808 785 1869 muitarum
813 1828 908 1867 rernsa
965 1818 1016 1870 tae
1039 1808 1180 1880 luissent,
1199 1814 1298 1869 tamen
1319 1809 1439 1868 inutiles
1458 1806 1628 1867 viderentur
1654 1802 1693 1864 ad
1712 1822 1770 1861 ers-

105 1902 286 1981 esperientis
307 1906 490 1982 perornatus,
511 1901 620 1981 quibus
639 1904 772 1965 virtutum
789 1900 909 1960 delibus
967 1921 1034 1961 nem
1056 1902 1221 1961 amicitiam.
1266 1900 1407 1961 Ultimum
1433 1902 1471 1964 ad
1497 1921 1563 1961 cum
1583 1898 1712 1977 legatum
1732 1892 1772 1954 ad

104 1993 184 2075 apnrl
205 1995 446 2055 immanissimam
466 1993 632 2073 Principem
646 2000 748 2055 tantus
761 1997 909 2068 eraserat,
968 1996 1087 2056 comitia
1107 1993 1342 2055 Ratisbonensia
1361 1996 1456 2069 arisit,
1483 2012 1570 2072 qnem
1596 1988 1772 2053 Maximilla·

105 2078 139 2146 nt
163 2087 192 2145 in
224 2087 293 2146 lrelli
313 2088 459 2168 pacisque
479 2089 607 2165 negotiis
628 2088 699 2148 nibil
721 2088 840 2147 neruiue
860 2083 909 2145 de·
967 2108 1025 2149 nus
1046 2089 1075 2147 in
1093 2088 1203 2169 palatio
1222 2108 1313 2147 aureo
1334 2086 1447 2167 fulgore
1470 2084 1693 2165 resplendente,
1712 2080 1773 2143 Ra·

106 2190 255 2253 cerneret,
274 2179 354 2259 qnod
373 2178 412 2240 nd
432 2180 558 2241 Pontum
576 2184 660 2261 prius
680 2202 738 2241 non
758 2185 841 2240 esset
861 2178 910 2239 de·

106 2272 211 2341 lnbrsr,
239 2273 267 2331 in
293 2292 352 2352 qno
372 2292 507 2351 magnam
528 2275 585 2335 vim
611 2274 735 2334 rationis
755 2278 843 2354 atque
864 2292 911 2333 so·

106 2362 210 2424 tertiae
230 2364 259 2422 in
279 2364 488 2445 expendendis
507 2366 759 2446 absoluendisqne
783 2367 912 2445 negotiis

106 2455 313 2517 admirabatur.
353 2460 386 2517 in
406 2458 548 2519 secundis
568 2460 704 2521 iamneae
722 2460 841 2519 llotlbus
860 2460 912 2519 mi·

106 2568 169 2609 nrm
198 2550 228 2608 in
252 2548 370 2611 medum
395 2552 492 2611 animo
518 2542 709 2623 efferebatur,
741 2558 772 2613 et
800 2552 913 2632 gloriae

109 2646 151 2703 ita
176 2642 305 2724 cupidus
331 2652 408 2716 erat,
436 2650 469 2705 ut
488 2664 526 2703 ea
548 2645 643 2706 selum
664 2646 703 2706 de
722 2666 815 2706 causa
834 2644 913 2705 bella

107 2738 197 2815 longe
214 2736 392 2815 gravissima
410 2738 593 2819 susciperet,
619 2746 650 2797 et
669 2738 741 2797 illud
761 2744 914 2819 spectaret

106 2830 266 2905 imprimis,
293 2838 327 2888 ut
345 2830 426 2889 sieut
457 2830 547 2909 prisci
586 2828 703 2909 quidem
741 2830 851 2891 beares
882 2832 912 2891 in

108 2920 188 2981 lama
220 2920 476 2999 celebrationesque
507 2920 654 2980 bortrinnm
686 2928 780 2981 essct.
825 2922 915 3001 igitur

110 3034 176 3074 cusr
208 3013 247 3071 sb
275 3012 466 3074 adolentibus
496 3012 656 3073 Alexandri
682 3012 862 3077 Macedonis
881 3017 913 3075 ti·

108 3106 171 3167 tule
192 3124 400 3187 nonnunquam
421 3106 568 3167 salutatas
588 3106 704 3179 luisset,
727 3110 855 3189 ejusque
874 3110 914 3167 ei·

110 3218 161 3259 res
180 3198 314 3276 corperis
332 3206 364 3259 et
380 3198 470 3258 onisii
490 3198 718 3279 magnitudinem
739 3202 849 3281 pariter
873 3202 914 3261 in·

111 3294 226 3370 signem
257 3290 356 3369 dignis
388 3288 427 3351 ad
456 3294 572 3352 coelum
593 3292 732 3353 laudibus
750 3292 846 3353 cllerri
865 3314 914 3355 an-

111 3382 253 3455 divisset,
279 3390 386 3463 eaptus
410 3384 490 3446 irrani
512 3385 651 3467 cnpirline
669 3387 744 3445 tanti
765 3386 915 3448 bellatoris

110 3484 180 3539 acts
198 3496 356 3559 superare,
381 3476 580 3559 Elephantem
605 3498 693 3558 qaem
714 3482 880 3559 nuperrime
897 3500 915 3541 a

110 3570 252 3633 Scbscbe
273 3569 390 3629 'l'bnma
408 3568 569 3631 Persarum
589 3570 675 3648 ltcge
695 3570 772 3632 done
791 3576 916 3635 missum

111 3668 283 3745 acceperat,
302 3664 344 3721 ita
364 3660 482 3723 domare
502 3663 622 3732 statuit,
641 3668 675 3723 ut
694 3684 730 3723 ee
747 3684 814 3724 curn
827 3666 916 3727 satel-

111 3757 214 3817 litibns
233 3760 456 3836 praetereunte,
481 3774 579 3833 genua
604 3756 764 3817 coelestim
786 3757 917 3820 disceret

111 3850 275 3911 incurvare.
329 3850 431 3927 itaque
450 3847 550 3908 multis
569 3851 723 3909 mensibus
754 3870 818 3911 eam
849 3870 916 3910 con·

112 3940 299 4005 suemdinem
332 3938 488 4017 diligenter
512 3940 697 4016 observarit,
722 3948 755 4002 ut
779 3944 916 4005 rutilante

113 4036 236 4113 primum
256 4052 361 4093 aurore
390 4032 517 4093 bellnam
547 4034 576 4095 in
608 4040 802 4116 conspectum
829 4056 916 4097 sunm

113 4124 235 4195 adduci,
256 4126 383 4207 ejusque
401 4124 526 4187 frontem
546 4128 719 4189 acutissimo
734 4128 811 4189 terro
824 4134 917 4191 trans·

114 4217 260 4277 verberari
276 4219 411 4297 juberet,
432 4220 559 4281 tntnrnm
577 4226 675 4291 ratus,
696 4226 729 4281 ut
752 4227 796 4283 tot
816 4242 917 4283 cruen-

113 4313 155 4371 tis
175 4310 284 4369 ietilrns
304 4312 461 4387 admonita,
480 4316 662 4374 venerationi
681 4312 831 4397 Principis
849 4338 917 4397 pau·

113 4404 193 4467 istim
213 4412 413 4465 aasrrcsceret.
452 4406 515 4466 Sed
534 4408 563 4467 in
583 4412 642 4467 tam
661 4405 790 4467 dementi
814 4428 918 4490 propo·

117 4499 176 4561 sito
203 4496 343 4573 multum,
363 4518 399 4557 ac
429 4497 480 4558 diu
511 4498 637 4560 ridicule
663 4498 821 4575 fatigatus,
852 4496 918 4562 cum

114 4592 224 4653 trustra
243 4590 401 4669 vestigium
420 4590 539 4670 aliquod
559 4592 588 4651 in
610 4594 694 4653 bmte
714 4600 833 4673 pectere
853 4614 920 4655 sen·

968 2182 1056 2261 gibus
1076 2186 1107 2240 et
1126 2180 1331 2257 Principibus,
1351 2182 1401 2260 qui
1419 2180 1460 2240 illi
1480 2178 1618 2253 aderant,
1643 2178 1773 2257 stipatus

969 2274 1088 2335 audivit.
1126 2274 1247 2335 Literss
1265 2272 1410 2335 Basilidis
1431 2273 1515 2334 bilari
1536 2272 1633 2331 l'ronte
1645 2268 1774 2349 aceepit,

970 2367 1057 2429 etde
1077 2372 1157 2428 statu
1178 2388 1272 2427 rernm
1293 2365 1493 2427 blescicarum
1513 2385 1580 2425 cum
1598 2360 1773 2423 sumerebu-

969 2462 1120 2522 mnnitatis
1138 2460 1355 2537 significatione
1375 2459 1466 2520 multa
1485 2460 1648 2539 quaesivit3
1664 2454 1774 2517 deinde

970 2555 1009 2616 de
1021 2552 1168 2616 Basilidis
1187 2554 1329 2629 moribus,
1349 2558 1457 2625 aetate,
1478 2550 1705 2623 consuetudine,
1735 2546 1774 2609 de

970 2648 1050 2709 lilius
1085 2648 1221 2727 imperio,
1258 2646 1298 2707 de
1338 2646 1463 2706 liliorum
1500 2666 1622 2706 numere
1652 2662 1774 2725 percen-

969 2747 1052 2802 tatus
1095 2746 1153 2801 est.
1214 2740 1339 2800 blunera
1382 2740 1484 2810 etiam,
1532 2756 1610 2817 qnae
1659 2736 1776 2813 legatae

970 2833 1012 2893 illi
1039 2831 1206 2902 deferebat,
1233 2832 1363 2912 aceepit,
1390 2838 1421 2890 et
1446 2850 1532 2908 qnam
1560 2834 1642 2906 grata
1661 2834 1775 2903 essent,

973 2925 1072 2986 mnltis
1092 2926 1189 3002 signis
1209 2920 1356 2999 ostendit,
1376 2942 1470 3004 seqne
1490 2924 1588 2983 emnia
1607 2924 1775 2983 constantis

973 3020 1060 3079 amici
1080 3014 1179 3077 officia
1205 3018 1339 3077 vicissim
1359 3016 1401 3076 illi
1421 3021 1640 3098 praestaturum
1662 3014 1775 3097 pellici·

972 3118 1022 3173 tns
1052 3117 1108 3171 eat.
1155 3106 1220 3171 Sed
1238 3128 1298 3169 non
1324 3108 1434 3170 marites
1459 3114 1529 3191 pest
1553 3106 1620 3169 dies
1647 3110 1777 3189 optimus

971 3204 1137 3283 imperator
1152 3202 1242 3262 vitam
1264 3222 1331 3263 cum
1351 3208 1444 3263 morte
1464 3202 1671 3277 commutavit,
1689 3204 1777 3283 eujus

972 3296 1109 3357 interitus
1136 3297 1222 3375 ipsos
1248 3292 1325 3357 adeo
1350 3294 1467 3375 legates
1494 3302 1524 3356 ct
1543 3294 1701 3355 unirersos
1727 3292 1776 3355 bo·

974 3391 1070 3449 mines
1091 3385 1257 3448 incredibili
1278 3406 1411 3449 moerore
1427 3388 1540 3449 atllisit.
1580 3385 1678 3449 Tanta
1698 3406 1777 3449 nam·

974 3500 1032 3565 qne
1045 3488 1111 3543 erat
1130 3480 1312 3542 humanitate
1330 3478 1494 3563 praeditus,
1512 3488 1548 3541 nt
1566 3486 1663 3541 utrum
1683 3484 1778 3561 magis

974 3574 1056 3637 multi
1085 3573 1165 3634 iliius
1189 3576 1325 3635 virtutem
1351 3580 1531 3647 metuerent,
1559 3594 1598 3635 arr
1617 3572 1779 3636 bonitatem

973 3674 1115 3737 amarent,
1136 3672 1221 3727 esset
1230 3666 1377 3747 explicatu
1389 3664 1600 3725 dillicillimnm.
1634 3664 1680 3727 lta
1692 3666 1779 3729 Basi-

975 3757 1052 3821 lides
1077 3760 1191 3837 ingenti
1219 3776 1276 3837 spe
1302 3756 1463 3819 inretratns
1482 3756 1678 3819 acerbissime
1697 3760 1779 3821 itlius

976 3852 1126 3931 Principis
1143 3858 1266 3909 mortem
1286 3850 1361 3922 tulit,
1382 3870 1438 3910 nec
1458 3849 1550 3911 multe
1569 3858 1641 3931 pest
1659 3854 1689 3913 in
1708 3851 1780 3915 belli

977 3942 1133 4003 Sarmatici
1153 3942 1262 4021 Syrtes
1282 3944 1445 4003 miserrime
1466 3944 1597 4023 impegit,
1616 3962 1721 4025 eoque,
1739 3950 1779 4011 st.

976 4042 1026 4097 cnt
1045 4042 1133 4095 entm
1145 4036 1381 4111 memoravimus,
1402 4032 1441 4095 ad
1454 4033 1541 4095 tinem
1553 4034 1698 4117 perrlneto
1713 4060 1781 4104 enm

975 4127 1222 4209 Stcpbarrollegc
1232 4127 1392 4189 amicitiam
1404 4128 1505 4205 coluit,
1516 4130 1565 4189 eui
1578 4130 1782 4200 nobilissimos

980 4222 1094 4303 aliqnot
1113 4220 1249 4281 lalcecee
1270 4240 1337 4281 cum
1362 4220 1556 4283 narratoribus
1583 4242 1673 4288 aurea
1693 4236 1780 4291 reste

977 4311 1104 4387 indutie,
1134 4312 1224 4395 panio
1248 4320 1318 4375 ante
1344 4320 1469 4375 mertem
1488 4336 1543 4397 per
1560 4316 1658 4381 liliam
1677 4320 1781 4403 Pilgri·

978 4407 1135 4469 seviciam
1160 4402 1240 4468 done
1269 4406 1360 4469 misit.
1399 4406 1491 4471 Pacis
1510 4418 1643 4491 tempere
1662 4432 1730 4477 enm
1751 4420 1781 4478 in

977 4499 1138 4581 pmvineiis
1157 4502 1255 4560 omnis
1275 4508 1382 4581 pacata
1400 4510 1431 4562 et
1450 4500 1530 4562 laeta
1547 4509 1672 4581 teneret,
1692 4508 1782 4569 ritsrn

977 4594 1008 4652 in
1018 4592 1245 4667 venationibus,
1264 4597 1295 4654 in
1315 4594 1398 4663 alea,
1419 4594 1587 4666 inchoem,
1609 4596 1638 4657 in
1658 4596 1781 4662 libidine

115 4704 171 4747 eus
192 4685 401 4763 quaesivisset,
427 4704 484 4743 nee
498 4684 597 4745 bellna
616 4688 784 4767 majestatis
808 4688 920 4771 opinio·
978 4696 1068 4767 atque
1088 4688 1220 4749 ementis
1238 4686 1421 4767 spectaculis
1440 4686 1638 4749 libentissime
1648 4688 1782 4755 uadum·

59 4824 62 4835 .
117 4798 182 4839 nera
212 4778 357 4858 obsequio
386 4798 443 4837 sue
468 4778 688 4859 comprobaret,
720 4778 920 4858 indignatione
978 4778 1042 4842 bat.
1081 4780 1114 4839 ln
1133 4776 1342 4840 venationibus
1360 4784 1458 4839 autem
1480 4776 1630 4841 disemum
1654 4782 1694 4843 sb
1714 4784 1783 4849 alils

117 4867 227 4931 deinde
262 4890 427 4946 accensus,
457 4870 486 4929 in
526 4871 622 4932 frusta
651 4890 715 4931 sam
752 4870 922 4953 discerpsit.
983 4869 1178 4952 Principibus
1204 4868 1451 4932 consuetudinem
1478 4870 1641 4935 observare
1661 4876 1782 4943 solebat

117 4960 193 5023 Cnm
214 4964 415 5025 blasimiliano
436 4965 568 5024 (laesere
587 4963 694 5025 leedns
715 4970 747 5025 et
763 4965 923 5026 amicitiam
981 4972 1012 5025 ct
1030 4962 1061 5023 bi
1080 4962 1201 5045 quidem
1220 4982 1357 5042 magnum
1376 4982 1470 5045 saepe
1488 4984 1629 5045 equorum
1650 4976 1681 5030 et
1695 4990 1783 5037 vens·

115 5056 232 5117 tirmare
250 5058 459 5137 percupiebat.
480 5078 545 5118 enm
567 5058 646 5119 enim
666 5056 835 5139 Principem
851 5078 923 5121 esse
981 5060 1107 5119 ticerum
1133 5074 1241 5119 eanum
1270 5076 1421 5119 nnmerum
1453 5058 1605 5121 inrrsitstis
1633 5062 1783 5128 snmflbns
