3742 5626
104 162 162 221 298
686 154 905 219 ANTONIUS
925 154 1191 220 POSSEVtNUS

106 326 277 390 tinerentur‚
298 320 437 390 dorecil,
456 319 565 399 quibus
585 340 604 379 a
617 318 733 380 Senatu
750 318 910 381 curalllos·
968 319 1077 381 deindo
1097 320 1136 381 ad
1156 324 1256 401 portas
1275 320 1472 399 Magistratus
1498 320 1631 393 aderat,
1659 318 1732 377 inrle
1756 324 1776 377 ia

106 436 205 477 eorum
224 412 320 476 inerat
339 412 418 481 data,
437 430 494 471 nos
519 412 609 475 enixe
634 418 782 490 rogarunt,
808 434 847 474 ne
871 414 910 474 alr
967 412 1151 475 Praetorium
1196 413 1495 475 bonorificentissime
1543 410 1776 473 deducebantur.

106 512 209 573 borum
235 508 328 569 latere
349 502 584 566 discederemus.
624 502 800 577 Quaedam
829 506 910 577 dunt,
966 509 1122 569 tormentis
1141 507 1301 589 displosis,
1326 507 1499 569 tibicinibus
1533 506 1774 585 personantibus

106 610 138 665 st
157 618 260 665 comm
275 598 446 659 discessum
466 616 609 677 urgerem,
628 618 702 661 ecce
722 598 840 671 Graeci,
859 599 910 679 qni
966 602 1127 673 conviviis,
1150 606 1182 663 ot
1206 600 1452 681 exquisitissimis
1478 598 1586 679 epulis
1615 598 1773 659 tumea

102 700 163 780 jam
184 692 296 756 multos
315 696 385 751 ante
404 710 501 753 onnes
509 691 656 753 Venetiae
674 693 908 771 commigrarunt,
966 692 1108 755 Admonti
1129 694 1256 767 nobiles,
1275 714 1295 755 a
1320 694 1427 773 quibus
1447 693 1535 753 saria
1557 690 1710 753 licentius
1728 690 1772 751 lle

106 790 182 851 elam
201 804 268 847 cam
287 782 406 847 Moscis
425 790 558 863 egemnt,
579 792 612 845 ut
630 784 669 847 ed
688 804 772 847 suam
804 785 909 847 aedera
965 789 1011 848 sci
1032 790 1181 867 petebant,
1201 790 1265 871 Ιῇιιιιι
1291 785 1372 849 baud
1401 786 1489 848 lacile
1516 784 1771 847 assentiebantm:

104 882 252 965 proticisci
277 876 402 949 vellent,
426 898 560 948 sacram,
591 883 622 938 et
647 878 770 959 reliqua,
792 878 908 941 Graeco
965 900 1025 959 quo
1050 880 1168 951 lactura
1195 886 1228 941 ut
1253 880 1328 941 intra
1363 878 1521 941 cancellos
1556 876 1699 961 pudoris
1720 898 1770 939 ses

103 976 160 1036 ritu
183 971 320 1035 anditari.
368 968 494 1032 Nobiles
519 978 619 1033 antem
639 971 909 1043 adolescentes,a
964 972 1065 1035 Musei
1075 975 1249 1055 reciperent
1263 973 1387 1035 Arimini
1400 990 1465 1033 eun
1477 990 1651 1043 essemus,
1661 972 1693 1031 in
1703 972 1769 1033 don·

103 1068 219 1129 Senatu
243 1064 284 1125 iis
308 1084 362 1146 per
386 1064 535 1126 civitatem
559 1062 745 1127 deducendis
770 1066 909 1138 attributi,
962 1066 1114 1129 Praefecti
1150 1066 1295 1139 civitatis,
1316 1068 1385 1149 pias
1410 1064 1570 1145 imagines
1602 1080 1763 1127 emerserant

105 1180 172 1223 cnm
198 1156 342 1229 nonnoni,
377 1157 449 1237 quid
473 1157 596 1219 baberet
622 1178 660 1220 ea
684 1178 734 1221 res
760 1160 909 1231 momenti,
965 1166 999 1221 ut
1017 1161 1156 1241 parvulas
1176 1160 1319 1241 quasdam
1339 1179 1423 1231 suas,
1449 1160 1513 1219 ritn
1537 1156 1722 1219 liutbeniee
1736 1160 1762 1217 dr

102 1250 341 1336 perpendissent,
364 1254 531 1334 jusserunt,
549 1258 582 1313 ut
601 1248 697 1313 aedes
720 1252 909 1313 ornatissime
965 1254 1070 1331 pictas,
1089 1260 1280 1335 apponerent.
1321 1252 1379 1313 llis
1403 1252 1538 1323 ablatis,
1568 1254 1767 1333 cumprime

103 1350 325 1429 appararentur,
343 1344 546 1425 postridieque
556 1347 624 1427 ejus
643 1343 713 1416 diei,
732 1344 906 1407 asebisma-
964 1348 1223 1429 reposuissemus,
1248 1344 1375 1425 nequid
1401 1366 1439 1407 ea
1472 1346 1506 1405 iu
1537 1366 1576 1405 re
1609 1344 1765 1406 insolentia

104 1440 174 1500 licis
194 1436 321 1499 Graccis
333 1434 465 1499 Rntbeni
485 1436 667 1500 schismatici
687 1440 905 1521 exciperentur.
963 1440 1039 1500 inter
1057 1439 1230 1501 Catlrolicos
1247 1444 1379 1518 agerent,
1401 1439 1505 1499 minus
1527 1444 1651 1519 postea
1670 1438 1764 1497 licente

105 1530 197 1603 (laod
215 1548 283 1591 eum
302 1530 342 1593 ad
361 1550 451 1592 aures
465 1550 551 1593 meas
569 1534 767 1613 pervenisset,
787 1529 827 1594 ad
845 1552 904 1591 mo·
962 1552 1036 1594 sese
1060 1554 1193 1613 gessere.
1240 1533 1313 1593 lnde
1342 1532 1382 1591 ad
1405 1530 1632 1593 Beatissimae
1662 1530 1763 1607 Virgini

103 1624 266 1687 nestoriam
283 1642 496 1706 approperans,
514 1626 632 1685 invenio
644 1623 779 1696 lilrrsees,
801 1631 831 1686 ct
846 1624 903 1685 Vc·
961 1626 1163 1698 Lauretanae,
1189 1626 1409 1687 celeberrimum
1440 1622 1653 1695 Sanctitate,
1679 1644 1712 1685 ar.
1730 1644 1760 1703 ps

103 1726 203 1789 netes,
227 1736 288 1779 una
305 1736 374 1779 aaut
403 1716 531 1779 Graecis
561 1717 601 1779 ad
629 1718 731 1779 borum
764 1718 904 1797 templum
960 1719 1022 1801 puli
1042 1739 1205 1790 concursu,
1232 1719 1328 1779 locruu
1354 1718 1577 1799 pervenimus,
1608 1718 1662 1777 ubi
1682 1716 1758 1777 balae

100 1810 309 1895 procedentes,
328 1828 474 1891 qnosego
486 1809 605 1883 allatas,
625 1810 673 1873 Τιι
684 1810 904 1891 milri,inqrrarn,
960 1818 1036 1883 rant,
1057 1831 1117 1891 qno
1137 1813 1340 1874 miraculorum
1350 1811 1508 1882 memoria,
1529 1808 1758 1889 frequentioris

100 1904 215 1967 Jacobe
224 1902 398 1967 lllolrenlne
415 1904 463 1983 (id
483 1912 548 1965 crat
566 1906 703 1987 primario
716 1904 831 1983 Legata
853 1923 902 1963 no·
960 1906 1084 1977 nntium,
1104 1912 1134 1967 et
1152 1906 1306 1987 perpetuis
1325 1902 1437 1987 precati
1467 1902 1594 1963 onibus
1622 1904 1754 1963 nenlraa

100 1996 185 2077 mon)
203 1994 330 2059 traditas
349 2016 394 2069 es,
414 2018 432 2059 a
451 1996 589 2079 Principe
608 2006 670 2069 tuo,
691 2005 722 2059 te
748 2006 781 2059 nt
799 2016 902 2075 gesse
960 2018 1019 2079 que
1051 2000 1180 2061 animum
1205 2002 1374 2079 pascerent.
1421 1996 1583 2075 Denique
1616 1998 1754 2077 temperari

101 2093 154 2163 ris,
172 2110 231 2173 qna
249 2090 305 2151 tibi
325 2092 441 2151 ratione
460 2092 647 2152 monstrabo:
674 2090 722 2152 'l'o
741 2090 781 2153 ad
802 2090 902 2152 Ponti·
960 2110 1026 2152 mea
1055 2094 1289 2173 praemonitione
1314 2090 1393 2171 apud
1428 2090 1587 2150 civitates
1617 2088 1752 2149 lronrrrdm

102 2184 187 2247 tieem
207 2182 370 2245 Maximam
390 2204 449 2243 non
469 2182 508 2245 ad
529 2181 663 2245 Graecos
682 2182 811 2247 adduce.
842 2186 899 2246 lta·
959 2182 999 2243 ad
1019 2180 1149 2243 Tiberim
1178 2205 1272 2265 prope
1297 2184 1465 2263 Ilergetum
1487 2182 1665 2265 oppidum,
1688 2180 1746 2243 alr

102 2296 160 2356 qne
178 2276 243 2337 redi
261 2274 300 2337 ad
313 2273 473 2358 hospitium
487 2285 583 2349 tnum3
603 2276 633 2337 id
644 2277 724 2357 quod
735 2274 816 2338 iecit.
837 2277 902 2339 Sed
959 2282 1040 2337 strae
1060 2276 1259 2339 Beatitudinis
1278 2275 1472 2337 cubiculariis
1484 2274 1710 2338 humanissime
1722 2296 1744 2331 rr

102 2368 230 2431 Graecis
250 2368 309 2429 boc
326 2368 531 2449 indignissime
551 2370 723 2441 terentibus,
743 2376 833 2449 atque
851 2370 902 2431 ali·
960 2370 1048 2449 cepti,
1068 2374 1099 2430 et
1117 2370 1248 2443 salutati,
1266 2370 1409 2451 postridie
1435 2370 1627 2451 progressi,
1652 2382 1748 2447 sequen
1799 2362 1804 2373 '

101 2462 212 2543 quibus
239 2460 374 2543 injuriam
404 2461 601 2543 Reipublicae
632 2462 695 2523 sreri
720 2464 902 2544 putantibus,
960 2462 1089 2543 denique
1121 2461 1171 2523 die
1195 2463 1321 2524 Romam
1348 2464 1508 2538 renimns3
1541 2464 1631 2525 unde
1652 2462 1746 2523 amn

100 2554 180 2635 qnod
200 2572 268 2615 carn
293 2554 458 2633 imperasse
482 2554 629 2627 dicerent,
654 2562 686 2615 ut
714 2576 750 2617 eo
775 2556 902 2617 «ledaco
961 2554 1108 2625 nobilitas,
1127 2562 1290 2637 praeeunte
1308 2555 1489 2619 blarelrieno
1514 2558 1650 2629 tamin,
1666 2554 1745 2615 arar

99 2652 210 2719 rentar,
227 2644 354 2708 Graecis
373 2646 524 2731 respondi,
543 2650 593 2710 nra
613 2651 801 2711 constitisset
812 2650 902 2713 Grae·
960 2668 1084 2729 egressa
1103 2654 1165 2721 est;
1185 2646 1286 2710 lilesci
1306 2670 1376 2709 verr»
1394 2650 1711 2715 bonorificentissime.
1725 2666 1745 2705 τ

100 2760 155 2803 eos
174 2758 241 2802 enm
262 2738 404 2803 Ecclesia
424 2742 581 2804 Catbolica
600 2745 814 2815 consensisse,
839 2750 901 2805 turn
959 2742 1197 2823 frequentissimo
1215 2744 1335 2823 populu,
1355 2742 1508 2823 displosis
1532 2746 1682 2812 omnibns.
1698 2760 1744 2821 qn*

99 2856 215 2899 meare
233 2844 370 2915 agerent,
390 2854 490 2898 eornm
517 2836 675 2897 desideriis
699 2838 900 2899 satisfactura.
958 2837 987 2895 in
1007 2834 1086 2895 mole
1107 2840 1191 2896 erant
1209 2835 1342 2907 Adriani,
1361 2838 1598 2909 touucutimad
1617 2832 1746 2899 enaim

99 2930 176 2991 llum
201 2934 300 2991 antem
326 2930 455 2989 caeteris
481 2932 608 2991 seorsim
639 2930 795 3002 arllribitis,
822 2931 901 2991 lrarrrl
960 2928 1123 2989 Columnae
1141 2934 1203 2989 tum
1222 2928 1357 2989 absentis
1376 2928 1532 3011 prolatium
1561 2930 1677 2993 arlrlnrli
1692 2936 1745 2987 ml·

98 3024 217 3085 omnino
236 3023 458 3103 persuaderem,
477 3022 516 3083 ad
528 3021 670 3083 Senatum
692 3024 765 3085 aelii:
786 3028 836 3105 qui
857 3045 899 3085 ra·
958 3022 1004 3083 Eo
1025 3024 1054 3081 iu
1074 3023 1186 3103 prelatio
1206 3020 1306 3083 lautiis
1330 3024 1502 3103 praebitis,
1535 3025 1742 3101 adlribitiaqurr

97 3116 230 3177 tionibus
248 3114 367 3185 auditis,
388 3116 531 3187 Graecos,
557 3119 607 3195 qui
635 3124 830 3197 conquestum
851 3140 899 3180 ve·
960 3116 1070 3179 samibn
1092 3115 1128 3175 li.
1142 3114 1182 3177 V.
1202 3114 1440 3194 diligentissimis
1461 3116 1661 3181 administris.
1679 3120 1747 3191 ded

97 3214 211 3279 nerant,
232 3210 384 3289 sapienter
402 3212 602 3289 compescuitr
623 3230 731 3290 resque
750 3216 814 3271 tota
840 3232 898 3271 uon
958 3210 1035 3279 aliis,
1061 3210 1111 3287 qui
1136 3214 1238 3287 prorius
1266 3208 1474 3280 custodirent,
1506 3210 1626 3289 singna
1646 3206 1746 3265 dunas.

97 3304 195 3364 solum
220 3301 360 3379 impedita
385 3308 447 3371 est,
473 3323 573 3363 rernm
598 3305 687 3364 etianr
712 3304 898 3365 occasionem
958 3302 1026 3363 dnm
1046 3322 1083 3363 ex
1103 3298 1213 3378 Algido
1238 3300 1346 3361 Vestra
1361 3300 1543 3365 lieatiturlo
1557 3300 1686 3363 amuel.
1701 3316 1747 3373 w

97 3394 241 3473 praebuit,
261 3398 344 3453 utet
370 3392 504 3473 plerique
531 3394 709 3456 Graecorum
736 3402 843 3467 asinam,
870 3404 901 3457 et
958 3394 1061 3455 urbem
1081 3390 1216 3453 curribus
1235 3396 1322 3463 vecti,
1342 3394 1561 3475 puleberrinra
1582 3412 1701 3475 quaeque
1719 3390 1751 3445 ri·

97 3486 232 3549 sebisnra
249 3484 373 3567 propius
391 3493 555 3558 cernerent,
575 3488 680 3568 reliqui
704 3508 774 3549 vero
801 3490 899 3553 corda·
958 3489 1074 3549 sebant.
1115 3486 1213 3548 Mirati
1233 3494 1303 3547 surrt
1323 3488 1351 3546 in
1375 3488 1488 3565 primis
1519 3510 1631 3557 eruam,
1655 3486 1750 3562 diligen

99 3582 191 3641 liores
210 3578 418 3657 intelligerent,
431 3580 539 3660 ecquid
558 3582 626 3643 mali
646 3583 763 3643 indeed
783 3584 822 3655 id,
842 3604 899 3663 que
957 3583 1037 3651 tiara,
1057 3582 1194 3657 ingentes
1212 3586 1364 3659 srrmptus,
1389 3582 1560 3643 caritatem
1589 3602 1659 3661 erge
1674 3598 1750 3657 ιφ·

97 3675 136 3735 dc
155 3674 306 3753 agebatur,
325 3692 476 3751 emergere
497 3680 611 3756 posset,
631 3696 697 3737 cum
718 3678 794 3735 iuter
809 3674 899 3737 Grae·
958 3686 1018 3746 tos,
1038 3674 1184 3745 «illicinae,
1205 3672 1580 3753 matriculaqucdistineta,
1599 3689 1632 3735 et
1646 3689 1744 3754 piram

97 3788 162 3835 cos,
180 3768 231 3846 qui
250 3765 389 3827 Vencliis
411 3774 641 3840 commorantur,
667 3788 815 3851 persaepe
840 3770 900 3831 siut
958 3771 1010 3829 tim
1029 3766 1205 3847 hospitalem
1228 3766 1333 3827 Sancti
1354 3764 1499 3847 Spiritus
1520 3769 1657 3835 domun,
1680 3786 1711 3825 ae
1724 3783 1744 3822 rr

97 3860 316 3941 expuleratores,
341 3862 391 3939 qui
416 3860 455 3921 ad
481 3861 609 3939 persidos
633 3864 730 3923 omnia
754 3862 900 3924 delerant.
958 3862 1039 3941 liqna
1063 3862 1176 3943 majora
1197 3858 1400 3919 Nosorloelria.
1455 3860 1549 3924 Nilril
1584 3883 1657 3923 reru
1679 3875 1747 3919 rer·

97 3954 166 4014 dnm
185 3972 256 4013 rere
274 3952 383 4023 Ilionei,
402 3954 613 4029 aurcislllagni
634 3955 775 4035 ponderis
794 3956 901 4035 torqui·
958 3956 1073 4017 animos
1099 3954 1167 4035 prius
1193 3952 1319 4023 inllerit,
1345 3972 1433 4031 quam
1465 3958 1577 4037 pietas
1605 3956 1671 4023 illa,
1691 3966 1746 4031 qv

99 4048 158 4105 lrrrs
176 4044 317 4106 (lenatia
341 4044 521 4127 Republica,
542 4066 599 4107 suo
625 4049 794 4129 interpreti,
820 4046 901 4108 i'ade
958 4048 1058 4110 varlare
1077 4047 1116 4109 ad
1135 4046 1242 4114 omrria,
1262 4051 1323 4105 turn
1343 4046 1400 4125 ipsi
1420 4066 1557 4129 quoquc
1579 4071 1641 4109 uus
1657 4052 1685 4110 in
1701 4042 1744 4123 ips

101 4139 264 4216 (inquiunt)
284 4138 324 4197 ad
345 4136 472 4209 Ducem,
492 4145 522 4199 ct
541 4140 641 4211 dicitu,
661 4142 699 4202 ad
719 4164 775 4201 nos
795 4152 828 4201 ut
853 4162 900 4201 se·
960 4140 1077 4202 liiuscis
1097 4138 1280 4198 videbamus.
1321 4138 1498 4201 Seminaria
1524 4166 1612 4205 rero.
1637 4150 1666 4203 et
1683 4134 1737 4197 t'ed

99 4232 201 4301 ricuur,
219 4228 336 4309 aliaque
355 4232 454 4290 nrittat
473 4252 491 4291 o
511 4232 735 4295 suotbesauro:
756 4236 902 4313 iuterpres
958 4236 1007 4312 gia
1030 4233 1171 4292 variarum
1192 4233 1323 4309 gentium
1343 4252 1410 4291 eum
1439 4235 1586 4297 suiriude
1615 4238 1729 4295 irrrisere

98 4336 198 4384 tameu
217 4342 278 4382 rem
299 4322 347 4396 (ut
366 4332 430 4383 crat
448 4326 612 4401 ingenuus)
636 4326 802 4389 declinarit.
844 4328 901 4387 Ve-
954 4329 1016 4408 jam
1036 4327 1099 4385 orbi
1118 4332 1259 4385 terrarum
1279 4327 1345 4403 ipsa
1363 4324 1517 4401 religiono
1540 4328 1672 4391 dirimam
1687 4324 1733 4383 ds

102 4420 192 4479 netiis
211 4422 311 4477 antem
340 4415 492 4475 solventes
518 4418 542 4477 F
545 4418 690 4481 errariam.
717 4421 786 4480 iude
805 4422 900 4481 Bono-
960 4422 1032 4483 nari,
1053 4440 1108 4480 nec
1127 4440 1196 4478 verr·
1217 4440 1288 4479 seme
1308 4417 1393 4477 solus
1412 4438 1493 4479 esse
1506 4422 1732 4483 (aristis-su

101 4516 180 4573 uiam
201 4510 344 4577 venimus,
366 4510 415 4567 ubi
438 4508 547 4569 Vestra
561 4508 752 4571 Beatitudine
767 4516 902 4593 jubente,
961 4514 1062 4573 dicere
1080 4512 1228 4585 solebant)
1251 4512 1379 4589 cogitare
1398 4512 1609 4591 inceperunt:
1627 4527 1656 4575 et
1677 4512 1730 4571 br·

104 4620 212 4665 cuneta
236 4610 378 4684 pateruae
405 4603 536 4661 earilatis
561 4610 730 4681 argumenta
760 4606 902 4666 liberalis·
961 4608 1087 4665 urrruium
1115 4626 1207 4664 rerum
1233 4606 1331 4684 capita
1350 4606 1380 4661 iu
1407 4604 1539 4667 tabulas
1570 4598 1728 4685 singulis&

101 4700 175 4757 sime
196 4696 276 4757 edila
295 4706 362 4755 suut
384 4696 422 4754 ab
444 4696 808 4758 illustrissimolirrrrliuali
829 4702 903 4759 l'ae·
962 4702 1019 4759 bns
1044 4698 1225 4765 relierebaut,
1259 4695 1296 4754 ad
1325 4716 1410 4753 suum
1438 4694 1630 4781 Principem
1652 4700 1722 4759 attus

101 4794 147 4849 siu
162 4790 291 4868 {regatur
311 4794 373 4847 lrrnr
393 4797 424 4847 et
443 4790 580 4849 cilicinae
599 4792 729 4858 clausae,
749 4803 838 4871 alque
854 4793 904 4851 lru·
963 4790 1042 4870 qrrrrrl
1063 4790 1182 4867 quidem
1202 4791 1230 4847 iu
1252 4790 1355 4847 itinere
1367 4808 1494 4867 quotque
1516 4794 1630 4855 iia-irat.
1647 4803 1727 4861 ml'

104 4902 192 4941 turres
211 4884 278 4960 plus
299 4902 386 4959 quma
416 4883 552 4943 orriiuarii
579 4883 669 4943 babili
696 4884 814 4963 lieliqui
841 4886 904 4945 lllu-
964 4884 1166 4945 Litlruaniaur,
1190 4882 1352 4941 Pulurriam.
1379 4878 1578 4950 illoraviaru.
1603 4883 1729 4947 ltaliae

103 4974 242 5033 strissinri
264 4974 384 5051 Legati,
406 4975 611 5037 Vercelleru-is
630 4978 659 5035 in
680 4980 822 5042 Auaritia,
849 4982 904 5037 Cu·
964 4978 1158 5043 Germaniam,
1172 4974 1293 5033 ltaliam.
1315 4974 1487 5037 Sor-iulatis
1500 4992 1635 5041 uestrae
1652 4976 1732 5035 lidi*

105 5064 205 5125 luuruu
224 5066 252 5123 iu
274 5066 405 5127 Picaeuo
429 5068 506 5129 idem
537 5084 737 5148 procurarunt.
781 5072 904 5131 Militum
963 5074 1129 5130 lustrarent.
1170 5070 1334 5143 Anglieum.
1354 5066 1436 5143 ‹ptrud
1460 5086 1512 5131 est
1537 5074 1668 5135 llo-ne.
1685 5070 1728 5128 S*

104 5158 253 5217 collentes.
275 5177 291 5211 e
312 5162 479 5221 civilatibus
499 5164 715 5243 oluiaruprime
738 5164 905 5235 qrrurlilraut·
965 5164 1074 5222 narium
1095 5184 1130 5217 eo
1153 5162 1244 5221 irradia
1265 5160 1394 5221 almund
1415 5179 1512 5225 ι·ιιιιιΙ
1545 5168 1631 5247 qumi
1653 5162 1727 5228 ,lare
