3742 5626
503 214 633 279 Vl'l'AE
648 212 833 280 obsutus
851 214 1076 295 costumis,
1095 215 1222 281 Lissa
1240 214 1295 280 lll.
1669 216 1727 277 tii

56 377 252 440 acerbisainne
282 377 481 451 vociferando,
511 380 603 458 regiis
628 385 762 441 extrema
785 396 854 456 sup·
918 380 1035 439 reniam
1056 379 1262 453 ostentabant,
1292 381 1377 458 quasi
1398 381 1428 441 in
1448 384 1532 463 parte
1551 378 1662 458 glorin
1680 398 1724 441 re·

56 470 145 552 plicia
163 473 338 543 minaretur,
365 477 474 553 puncto
494 473 636 555 temporis
655 471 771 533 sertum
791 489 859 531 euru
917 478 1079 553 ponerent,
1098 473 1125 535 si
1145 471 1233 550 longe
1252 471 1449 532 nobilissimis
1468 473 1538 533 viria
1553 474 1617 555 jam
1636 471 1725 554 plane

57 564 87 625 in
106 563 196 643 longe
217 566 371 626 maximam
390 565 585 627 calamitatem
604 566 745 648 conjecit.
766 562 861 623 Erant
917 570 1002 644 parta
1020 565 1143 626 uictoria
1167 566 1381 647 pepercissent.
1422 563 1468 626 Ea
1494 586 1545 627 res
1570 566 1723 629 existima·

57 658 86 717 in
112 656 239 719 hirenis
264 678 372 735 parrae
401 658 601 720 Sarmatarum
634 656 860 719 Germanorum·
917 658 1028 719 tionem
1053 657 1199 719 Basilidis
1225 676 1332 736 magna
1358 658 1448 719 etiara
1473 677 1512 719 ea
1540 664 1623 737 parte
1654 676 1722 719 een·

56 771 114 830 que
135 757 166 811 et
185 750 349 813 Gothorum
371 752 488 831 copiae,
515 773 551 814 cx
572 751 636 827 his,
663 752 713 830 qui
734 770 787 831 pre
807 769 859 830 pu·
918 750 1026 828 vulsit,
1054 750 1212 831 effecitque
1241 756 1274 811 ut
1299 751 1472 811 blascorum
1497 770 1604 812 nonen
1635 750 1725 833 paulo

57 843 135 905 blica
169 844 268 905 salute
303 845 500 925 libertateque
528 845 652 906 andrea
687 842 859 922 praesentia
918 852 989 905 ante
1014 846 1045 905 in
1071 846 1229 924 provinciis
1253 844 1385 905 terribile
1409 854 1441 904 et
1465 843 1646 914 ominosum,
1674 843 1725 905 de·

56 936 189 1017 Sapiebe
235 944 266 999 et
304 937 422 998 lenone
460 937 592 1016 Burioge
632 936 860 1006 concitantibus,
918 938 1035 1017 speetui
1055 944 1085 999 et
1106 937 1230 999 ludibrio
1244 936 1412 1008 baberetur,
1432 958 1499 997 cnm
1520 956 1558 999 ea
1577 936 1724 1015 regiorum

56 1050 137 1092 arma
166 1037 315 1112 ceperant.
361 1029 470 1092 Vende
496 1035 598 1091 autern
626 1029 790 1110 antiquitus
820 1046 860 1087 ex
919 1030 1043 1091 uictoria
1074 1030 1113 1093 ad
1143 1038 1294 1093 extremas
1329 1050 1427 1109 usque
1463 1030 1556 1091 totius
1585 1028 1726 1109 Europae

57 1125 227 1206 praecipuis
253 1125 419 1203 provinciae
450 1124 574 1186 urbibus
603 1122 674 1185 luit:
703 1120 741 1183 ad
771 1118 859 1190 haue,
918 1124 1057 1185 mtioues
1086 1132 1283 1205 permanaret.
1322 1122 1387 1185 Sed
1416 1125 1528 1185 leviora
1557 1126 1629 1184 sunt
1656 1122 1726 1199 ista,

57 1224 90 1277 ut
109 1218 138 1277 in
158 1238 248 1279 unum
263 1221 472 1300 jungerentur,
492 1217 647 1278 &motae
666 1224 698 1277 ot
719 1212 860 1275 Germani
918 1236 996 1296 quac
1020 1219 1327 1279 commemoravimusr
1353 1237 1411 1277 non
1438 1218 1516 1279 enim
1541 1216 1657 1296 tyranni
1682 1215 1724 1275 in·

59 1312 145 1372 motis
165 1312 273 1373 castris
293 1309 489 1380 contendunt,
519 1319 551 1371 et
576 1330 615 1370 ex
642 1310 748 1369 itincre
773 1325 861 1367 arces
918 1309 1077 1371 solentiam
1107 1319 1160 1371 aut
1194 1311 1340 1383 minuere,
1374 1316 1427 1371 aut
1458 1311 1612 1371 immanem
1644 1306 1725 1369 illiua

57 1403 220 1483 quasdam,
244 1424 322 1485 quae
347 1413 431 1465 erant
457 1404 487 1463 iu
507 1407 657 1484 potestate
677 1398 861 1467 blascorum
918 1401 1123 1465 crudelitatem
1134 1404 1349 1484 saevitiamque
1364 1402 1547 1465 contundere
1557 1405 1723 1484 putruerunt

58 1499 165 1559 acriter
188 1506 368 1577 oppugnant.
407 1495 483 1559 Nam
509 1495 549 1557 de
568 1494 711 1565 consilio,
741 1500 861 1553 conatu·

58 1610 118 1669 que
137 1589 266 1652 boatium
291 1589 371 1651 baud
391 1590 471 1651 inani
492 1591 664 1671 conjectura
678 1586 860 1670 judicantes,
995 1586 1158 1671 laterjeeto
1178 1595 1276 1651 autea
1296 1599 1439 1671 ternpore,
1459 1608 1527 1651 curn
1548 1586 1725 1668 stephanon

57 1683 127 1761 quin
152 1688 182 1743 et
208 1684 269 1764 ipai
293 1686 431 1765 protinus
455 1681 494 1743 ad
513 1702 568 1743 eos
587 1681 772 1750 advolarent,
798 1678 860 1739 nul·
920 1679 1066 1763 Princeps
1088 1683 1168 1744 nulle
1186 1683 1358 1754 ambitione,
1377 1682 1467 1745 nullis
1484 1684 1649 1744 amicorum
1663 1686 1724 1741 atu·

58 1776 116 1837 lara
150 1778 268 1837 omniuo
304 1776 512 1838 consultationi
543 1794 656 1837 rueram
686 1773 862 1836 attulerunt:
920 1774 991 1846 diis,
1010 1774 1067 1837 sed
1086 1775 1152 1837 sola
1170 1777 1342 1852 litterarum,
1363 1776 1539 1857 sapientiae,
1559 1780 1590 1835 et
1609 1773 1727 1835 virtutis

57 1868 192 1948 queniam
218 1889 342 1948 magnae
366 1869 517 1930 felicitatis
541 1869 656 1929 initium
681 1865 863 1929 arbitrahan·
919 1869 1058 1950 opinione
1077 1888 1198 1949 regnum
1219 1875 1305 1933 esset
1322 1868 1461 1950 adeptus,
1479 1874 1570 1948 atque
1588 1867 1617 1927 ei
1636 1864 1726 1941 aiunl

57 1968 118 2034 tur,
148 1963 176 2022 si
201 1960 354 2038 hostibus,
384 1963 556 2043 priusquam
582 1960 743 2044 majoribus
764 1960 860 2040 copiis
921 1982 1047 2041 magnus
1069 1964 1237 2035 exercitus,
1264 1983 1322 2043 quo
1343 1960 1452 2023 bellum
1471 1960 1619 2023 adversas
1637 1978 1726 2039 quea

56 2066 247 2133 augerentur,
274 2058 485 2117 occurrissent.
524 2057 629 2134 ltaque
653 2074 720 2116 cum
739 2051 860 2131 expedi·
919 2075 1038 2135 cunque
1073 2055 1178 2117 hostes
1210 2064 1378 2135 gereretur,
1408 2055 1585 2126 attributus,
1616 2050 1726 2113 neuen

58 2149 98 2209 tis
128 2151 260 2229 equitum
291 2149 349 2210 alis
380 2150 511 2229 obliquis
539 2149 695 2209 itineribus
726 2146 861 2229 proiecti,
919 2147 1038 2211 hlasein
1062 2150 1151 2228 longe
1180 2150 1386 2228 grarisaimura
1411 2153 1545 2209 exortum
1572 2153 1636 2216 est,
1665 2161 1726 2225 quo

60 2242 251 2303 novissimum
271 2241 399 2303 hostium
418 2260 525 2319 agmen
551 2243 691 2303 continuo
709 2239 861 2301 invadunt.
920 2250 1060 2323 repente,
1091 2241 1160 2303 Deo
1189 2243 1256 2324 ipso
1287 2248 1332 2303 tot
1360 2240 1518 2323 parricidia
1545 2237 1726 2308 vindicante,

57 2335 153 2397 Erant
187 2335 274 2413 longe
302 2335 475 2416 superiores
502 2336 635 2415 equitatu
663 2344 695 2395 et
729 2333 861 2414 peditatu
920 2337 1031 2416 copiis,
1051 2344 1135 2416 parte
1154 2337 1270 2417 imperii
1288 2356 1326 2397 ac
1345 2336 1488 2414 dignitate
1507 2333 1586 2395 omui
1603 2331 1726 2415 penitius

58 2427 175 2503 hlosci,
200 2434 303 2507 utpote
322 2429 372 2508 qui
393 2430 509 2510 justum
537 2430 702 2491 exereitum
720 2425 860 2487 addnais
919 2427 1039 2507 spoliati
1057 2436 1137 2501 snut,
1157 2429 1387 2510 necquidquam
1401 2429 1512 2491 illisea
1531 2430 1614 2487 tanto
1633 2442 1726 2503 regno

58 2527 141 2586 senb
161 2522 270 2583 animis
288 2527 387 2583 autem
407 2522 479 2599 regii
491 2525 662 2602 superiores
681 2524 776 2596 eraut,
795 2539 860 2581 cun
920 2525 1039 2603 praeter
1069 2543 1186 2585 amaras
1218 2522 1416 2594 calamitates,
1450 2526 1482 2591 et
1509 2520 1662 2601 spiritum,
1693 2526 1725 2577 et

57 2615 193 2686 audacia
217 2620 277 2675 tua
302 2615 424 2687 uirtute3
454 2634 521 2677 mm
544 2616 672 2697 quisque
696 2611 860 2694 praelecto·
919 2634 1035 2697 paaeos
1053 2617 1137 2679 eires
1156 2616 1329 2692 incolumes,
1347 2615 1485 2681 residuos
1505 2612 1624 2675 tortum
1642 2608 1723 2671 lecit.

57 2729 123 2770 rum
154 2727 256 2771 seeum
275 2708 423 2786 ,insignes
446 2713 478 2769 et
500 2708 720 2771 audacissimos
744 2706 861 2786 equites

57 2800 231 2864 adduxerat.
273 2800 348 2861 Cum
374 2802 403 2860 in
428 2812 595 2882 conspeetu
613 2808 757 2880 nuncque
776 2799 861 2861 acies
995 2801 1154 2865 Enimvero
1179 2802 1350 2881 Stephanus
1377 2800 1446 2863 Rea
1470 2804 1579 2877 suopte
1605 2794 1725 2875 ingemo

58 2901 177 2965 essent,
203 2900 234 2954 et
258 2892 389 2971 undique
413 2895 487 2971 regii
512 2899 576 2955 toto
604 2912 710 2973 campo
729 2890 861 2973 pronote-
920 2896 1046 2957 naxine
1066 2896 1135 2974 pius
1153 2906 1185 2956 et
1203 2913 1386 2975 generosus,
1405 2910 1460 2975 pre
1480 2891 1623 2969 dignitate
1642 2885 1725 2949 Chri·

57 2992 139 3062 rent,
163 2985 335 3047 Moesorum
359 2985 466 3047 lhrces
489 2985 647 3067 pedestres
672 2985 779 3065 copias
804 3003 862 3047 ma·
920 2988 1008 3049 atiani
1034 2989 1162 3051 nominis
1185 2986 1353 3051 audendum
1378 2984 1489 3066 aiiquid
1508 2989 1606 3057 ratua,
1635 2976 1725 3044 ualde

57 3087 124 3142 tare
151 3077 286 3159 progredi
320 3079 442 3161 jubent,
478 3079 598 3161 ipsique
626 3078 764 3141 alacriter
794 3096 862 3139 curn
921 3083 1124 3145 neeessariam
1150 3087 1182 3143 et
1206 3081 1347 3145 decorum
1371 3079 1576 3148 existimabat,
1605 3074 1634 3139 ai
1657 3070 1724 3153 blo·

57 3175 199 3235 universe
224 3172 358 3250 equitatu
384 3191 437 3232 ora
463 3176 654 3244 eenrenunt,
679 3176 712 3233 nt
730 3170 801 3233 dum
818 3172 861 3233 in·
920 3194 1004 3236 acum
1030 3173 1147 3237 hostem
1166 3174 1315 3259 judicaret
1339 3194 1382 3259 en,
1403 3170 1548 3243 eouailin,
1575 3176 1610 3231 ut
1631 3164 1726 3233 sindi-

56 3267 229 3329 aultantium
254 3265 394 3345 impetum
419 3284 438 3327 a
462 3270 546 3343 terge
564 3266 731 3341 sustinent,
759 3263 862 3345 pediti·
921 3269 998 3331 cetis
1016 3268 1148 3350 injuriis,
1173 3269 1435 3331 inmeeulieeimne
1455 3264 1603 3327 hominum
1622 3279 1724 3325 eneae·

58 3362 117 3422 bus
142 3360 271 3442 epatium
295 3357 382 3419 detur
405 3356 576 3440 explicandi
601 3378 674 3421 sese
697 3357 737 3421 ad
761 3358 862 3419 ineun-
919 3380 983 3423 rum
1008 3380 1113 3423 manea
1132 3361 1343 3439 ulcisceretur,
1366 3366 1456 3442 atque
1480 3358 1588 3441 inpios
1607 3361 1639 3419 et
1657 3372 1723 3423 ⁰¹0.

57 3454 126 3515 dnm
150 3453 326 3515 acerrimum
351 3457 510 3514 certamen.
550 3453 595 3514 lta
620 3451 689 3513 du·
714 3470 786 3513 sese
811 3472 862 3513 au·
920 3454 1050 3515 erabilea
1078 3453 1231 3529 mnes,
1262 3454 1450 3534 hoaluiaque
1477 3448 1622 3515 vocabule
1649 3445 1724 3527 intll-

56 3547 163 3609 dacter
186 3544 311 3606 ederunt
336 3543 452 3615 Musei,
483 3550 514 3605 et
542 3564 563 3605 a
591 3543 726 3625 peditatu
749 3554 862 3607 temere
920 3568 997 3627 gnos
1021 3546 1100 3609 bello
1120 3556 1365 3630 persequeretur,
1391 3548 1442 3627 qni
1459 3544 1617 3609 sceleratis
1635 3540 1724 3603 nani·

57 3640 280 3723 disjunguntur,
303 3637 460 3718 intercepti
483 3637 734 3717 circumventique
752 3658 772 3699 a
791 3637 862 3699 aul·
921 3643 979 3702 hus
998 3640 1124 3721 templa,
1143 3660 1227 3717 aras,
1247 3642 1314 3721 ipsa
1331 3640 1459 3721 deniquo
1479 3643 1657 3699 mertuorum
1677 3652 1723 3697 ea·

56 3733 184 3797 titudine
203 3732 349 3809 regiorum
369 3730 498 3810 equitum
517 3735 703 3791 sternunturr
727 3750 787 3811 qua
806 3730 862 3791 lor·
921 3732 1032 3795 dauers
1055 3733 1147 3793 toties
1171 3734 1354 3795 riolasaentr
1382 3734 1492 3812 quique
1521 3731 1723 3792 Sarmatam

55 3838 148 3890 tunae
177 3825 333 3904 iniquitate
361 3822 453 3883 territi
482 3821 615 3903 pedites,
646 3821 715 3883 dum
744 3823 863 3903 equites
920 3826 998 3887 does
1016 3824 1135 3887 damma
1153 3823 1290 3906 i'erroque
1310 3846 1369 3887 uon
1388 3822 1724 3897 semeldeloraasaent,

57 3915 406 3993 caedunturetlugiuut,
424 3916 711 3979 eteeterivictorum
721 3917 862 3998 impetum
919 3918 1092 4000 inexplebili
1118 3919 1250 3977 nimirum
1276 3918 1418 3996 regnandi
1445 3915 1594 3978 desiderio
1618 3932 1723 3977 ocae·

56 4034 117 4076 non
136 4011 513 4087 marcomanorum
538 4008 743 4071 conciduntur.
783 4006 860 4070 'l'an-
920 4013 989 4073 eati.
1027 4010 1206 4091 Priusquam
1234 4009 1274 4072 ad
1304 4030 1384 4071 arma
1413 4014 1533 4072 mutum
1561 4018 1627 4081 eat,
1655 4026 1723 4069 ean

55 4112 107 4166 trra
127 4103 204 4164 onim
229 4120 319 4180 pavor
343 4100 465 4163 amissis
489 4100 628 4164 Ducibus
653 4101 776 4165 militum
799 4102 861 4163 anl-
919 4104 1115 4168 calamitaten
1143 4105 1225 4166 raria
1262 4122 1458 4184 praecessere
1488 4101 1640 4185 prodigia,
1677 4100 1723 4161 uti

56 4216 125 4258 ans
143 4199 359 4275 occupaverat,
384 4199 418 4255 nt
437 4193 511 4257 nihil
536 4193 617 4257 aliud
642 4215 731 4277 wana
751 4195 860 4275 tagam,
919 4198 1038 4277 maguis
1067 4196 1256 4278 Principibus
1284 4197 1421 4259 accidere
1450 4195 1597 4263 ridemus.
1644 4192 1722 4257 Nan

53 4288 184 4372 abjectis
209 4288 298 4347 etiam
324 4286 447 4365 gladiis,
471 4293 655 4369 spectarent.
699 4287 860 4351 llabebant
918 4301 951 4353 et
970 4290 1076 4351 crinita
1094 4290 1183 4353 stella
1208 4292 1297 4373 paule
1319 4296 1391 4353 anm
1415 4290 1531 4371 aliquot
1548 4308 1672 4353 mcum
1691 4290 1722 4353 ia

52 4381 158 4447 Mosei
182 4385 359 4443 tormentum
387 4380 427 4441 ab
456 4382 573 4443 immani
598 4381 801 4460 magnitudine
829 4387 861 4443 et
917 4390 989 4447 altre
1014 4389 1178 4469 conspecta
1202 4383 1381 4449 &mendum
1403 4384 1526 4465 aliquod
1548 4384 1721 4449 umnam

54 4476 198 4541 steteritis
219 4474 320 4553 lupum
343 4472 536 4553 appellatum,
568 4478 600 4535 et
628 4475 659 4535 in
690 4474 787 4537 ireute
811 4494 859 4537 ea·
918 4478 1001 4557 penti
1037 4477 1214 4557 portendere
1247 4478 1315 4541 siaa
1349 4487 1409 4543 est.
1456 4478 1583 4543 Fulmen
1613 4476 1722 4541 deinde

52 4576 181 4633 abarum
206 4567 413 4642 constitutum,
441 4566 522 4646 quod
546 4567 624 4647 pilae
654 4566 860 4650 sesquipedali
917 4572 1047 4635 suhitam
1081 4590 1185 4634 uena
1219 4572 1295 4633 eceb
1330 4574 1521 4633 serenitatem
1556 4570 1721 4641 addueeua,

54 4660 255 4725 crassitudine
269 4660 412 4743 jaciebat.
451 4658 528 4722 lllud
547 4662 654 4733 etiam,
677 4664 800 4727 ricto&
817 4662 858 4727 le
915 4667 984 4746 ipae
1003 4662 1118 4729 Christi
1136 4665 1269 4727 natalitio
1288 4664 1452 4727 Slabodaa
1469 4665 1640 4744 speciosam
1657 4659 1721 4724 tta-

55 4756 153 4819 liciter
177 4760 275 4834 parta,
304 4755 472 4832 castrisque
499 4752 624 4835 direptis
650 4774 717 4819 eum
746 4757 860 4836 reliqum
916 4778 1039 4839 gnoru-
1057 4757 1175 4819 Ducum
1199 4758 1429 4833 habitationem,
1451 4776 1519 4817 cna
1537 4755 1661 4819 terribili
1679 4755 1722 4817 iu·

55 4855 201 4929 apparatu
230 4848 354 4924 bellico,
386 4866 446 4927 quo
476 4846 574 4929 aliena
606 4850 860 4929 oppugnat-erar,
917 4854 1049 4932 penum
1068 4856 1264 4921 munerea
1290 4857 1322 4913 st
1336 4850 1463 4913 tubum
1491 4851 1577 4917 roias
1591 4847 1721 4935 Mesia

56 4943 200 5021 regiorum
222 4944 251 5004 in
271 4946 449 5024 potestaten
467 4942 614 5021 peracuti:
640 4946 672 5003 et
689 4943 770 5024 capti
789 4948 861 5005 aaut
918 4963 1076 5025 rerumque
1099 4944 1292 5022 pretiosarum
1310 4942 1557 5026 splendidissima
1573 4942 1720 5027 aapellaa,

55 5037 206 5116 praecipui
231 5037 301 5099 balli
327 5036 447 5105 Duces,
475 5034 585 5115 quibua
611 5034 761 5112 praeclue
786 5036 860 5117 real
918 5056 996 5119 qaae
1015 5038 1075 5101 hta
1094 5038 1126 5099 ia
1144 5037 1306 5101 anatum
1323 5038 1551 5111 anemahatnr,
1574 5036 1614 5101 da
1632 5036 1719 5101 eoelo
