3742 5626
140 168 196 231 168
702 164 942 229 nutsttotut
964 162 1292 228 astusas'rsstu'tt

140 334 288 414 petarios,
315 349 374 413 quo
394 332 482 393 citius
506 337 720 412 rumperentur,
741 350 777 391 ex
798 326 945 391 industris
1001 336 1182 390 concurrunt
1199 326 1367 409 complures
1387 327 1430 387 rei
1443 329 1583 401 inusitate,
1604 332 1698 407 atqua
1710 328 1815 389 lunata

139 432 290 497 termatos,
310 420 415 485 urdine
433 420 633 504 disposuerat,
652 420 834 503 cosdemque
853 420 947 482 subti·
1002 419 1171 483 homiuibus
1191 422 1365 483 curiositate
1382 416 1474 479 ducti.
1513 418 1738 484 ferocissimus
1755 440 1814 483 om·

142 518 258 577 lissimo
284 516 421 599 puluere,
446 535 483 577 ac
508 535 607 578 arcam
627 517 724 597 ipsam
744 513 896 597 implerat3
916 514 947 574 iu
1005 514 1084 573 nium
1105 510 1245 575 Andreas
1265 512 1465 575 Cborostiuus
1484 512 1560 575 alter
1578 509 1760 589 Palatinus,
1786 524 1816 573 et

141 606 240 671 medio
266 630 332 671 carn
356 606 506 690 scloppeti
524 616 656 691 partem,
675 628 753 689 qnae
772 614 838 669 rota
858 615 947 688 atquae
1005 604 1294 689 aemulusSquseii,
1313 602 1559 688 quemadmodum
1579 614 1816 687 posteacumes

143 701 333 763 incumbente
354 700 439 761 silice
461 702 559 779 igneus
578 698 616 761 ad
628 697 949 783 pult-eremiticeuden·
1006 697 1180 762 Alexandro
1205 702 1255 779 qni
1282 719 1358 782 pace
1383 696 1464 760 lacta
1484 695 1524 759 ad
1541 696 1815 761 Plescorieusesa

143 792 213 857 duur
240 794 337 870 elicit,
362 801 478 854 tensam
511 801 704 876 paratamque
735 795 949 867 constituerat3
1006 791 1135 871 Legatis
1156 794 1267 853 missus
1287 792 1351 864 luit,
1373 789 1412 852 da
1431 810 1490 873 quo
1510 790 1585 853 iulra
1605 789 1738 863 dicetur,
1757 802 1814 855 tun

144 908 215 953 arca
239 908 275 948 ea
301 888 331 947 iu
357 884 486 966 ligneam
512 887 617 948 cistam
643 886 799 969 imposita,
819 884 949 957 libulam,
1009 904 1086 967 pace
1096 883 1177 947 iacta
1189 884 1226 947 ab
1247 884 1316 947 aliis
1335 884 1436 945 multis
1456 892 1639 964 compertum
1659 894 1722 961 est,
1742 884 1814 968 pede

144 1000 221 1062 qnae
240 986 366 1042 attracta
386 987 481 1042 rotam
501 980 616 1053 luxare,
637 982 794 1061 ignemque
820 979 950 1041 excitare
1008 982 1038 1040 iu
1058 979 1164 1039 cistam
1183 978 1312 1059 ligneam
1333 976 1483 1058 imposito,
1504 975 1630 1038 leucam
1650 996 1746 1039 mauu
1765 998 1814 1041 sua

143 1072 232 1151 solet,
252 1070 369 1133 duabus
381 1072 511 1144 chordis,
530 1094 589 1134 uua
602 1070 641 1135 ad
652 1071 820 1134 inferiorem
834 1070 951 1151 ligneae
1008 1074 1074 1153 ipsc
1094 1070 1248 1133 extrahere
1267 1074 1380 1133 nititur.
1409 1068 1528 1131 luterim
1548 1068 1639 1131 fibula
1661 1070 1814 1141 convulsa,

144 1168 241 1229 cistae
261 1163 401 1242 letardum,
427 1166 522 1229 altera
541 1162 581 1229 ad
600 1167 699 1248 ipsum
720 1164 836 1227 ferreae
856 1167 951 1226 cistae
1009 1164 1189 1246 pulvereque
1209 1164 1397 1236 inflammato,
1417 1182 1487 1223 arca
1501 1160 1596 1225 ferrea
1609 1184 1647 1225 ac
1664 1162 1753 1225 tubis
1762 1160 1815 1225 dis·

145 1259 316 1342 operculum
337 1258 492 1339 alligarat:
512 1262 686 1336 carationc,
705 1256 951 1320 utsireicrream
1009 1259 1116 1339 jectis,
1145 1278 1203 1318 non
1231 1254 1319 1318 modo
1339 1263 1476 1317 astantes
1497 1275 1601 1317 omnes
1622 1252 1816 1338 dissipantur,

145 1372 243 1414 aream
265 1372 302 1415 ex
321 1352 418 1431 lignea
439 1354 507 1433 qais
527 1355 678 1429 eximeret,
696 1370 753 1413 seu
779 1350 875 1431 ipsius
897 1348 953 1410 lcr·
1010 1370 1110 1411 cerrum
1130 1352 1202 1413 tecti
1223 1353 1311 1413 etiarn
1338 1369 1410 1431 pars
1435 1348 1534 1429 aliqua
1554 1352 1583 1410 ri
1604 1350 1689 1427 ignis
1710 1370 1748 1411 ac
1767 1350 1817 1413 lra-

145 1465 216 1506 reac
240 1452 352 1507 tectum
378 1444 546 1521 moliretur,
569 1444 743 1508 necessario
769 1450 894 1522 utraque
920 1462 953 1501 re
1012 1450 1124 1504 etoruur
1152 1442 1394 1505 ferramentorum
1420 1440 1613 1515 convellitur3
1638 1462 1718 1525 prae
1745 1452 1817 1505 cete·

146 1537 246 1621 puluis
265 1536 509 1615 inflammaretur,
536 1538 677 1618 tubisque
695 1544 786 1618 atque
806 1554 877 1595 arca
898 1532 953 1595 lcr·
1012 1536 1054 1598 ris
1079 1538 1205 1599 unanime
1230 1536 1381 1615 insignes,
1406 1532 1546 1597 Andreas
1567 1533 1606 1597 dc
1626 1554 1690 1617 quo
1711 1534 1817 1600 dictust

146 1652 200 1693 rea
222 1628 318 1692 fracta
331 1638 466 1691 astantes
478 1630 717 1713 percellerentur.
757 1628 845 1691 llauc
864 1628 892 1687 si
911 1628 953 1689 ita
1012 1636 1061 1691 cst
1082 1628 1291 1701 Chorostinns,
1312 1636 1343 1689 et
1363 1626 1531 1689 Chosccius
1550 1630 1681 1711 periere.
1697 1630 1773 1693 Erat
1791 1642 1819 1693 et

147 1721 186 1787 ud
199 1724 370 1805 Squscinm
389 1724 533 1800 misisset,
552 1722 672 1785 minime
691 1722 750 1783 sibi
771 1718 953 1801 obtempera·
1013 1720 1051 1783 dc
1071 1722 1211 1804 Sznjscio
1236 1724 1386 1803 suspicio,
1412 1742 1477 1783 cum
1504 1742 1541 1784 cu
1559 1718 1752 1801 aegritudine
1770 1744 1820 1807 per

148 1825 255 1893 trucum,
275 1818 344 1897 quin
365 1836 430 1877 cam
451 1824 604 1878 excuteret
624 1836 718 1895 seque
739 1816 856 1897 ipsein
879 1812 955 1874 lrau·
1014 1818 1174 1878 continuos
1195 1814 1308 1896 aliquot
1328 1811 1395 1875 dies
1416 1816 1532 1897 copiam
1545 1816 1593 1876 sui
1606 1836 1667 1877 nou
1683 1816 1819 1881 lecisset:

148 1906 215 1971 dem
226 1905 372 1985 indueret,
391 1908 593 1971 existimabat.
613 1906 761 1971 Noluerat
778 1914 840 1967 tum
849 1903 955 1967 Zamo·
1013 1910 1139 1969 maxime
1165 1914 1265 1968 sutem
1290 1904 1369 1989 apud
1390 1916 1511 1969 nosnos
1530 1907 1633 1989 opinio
1654 1906 1736 1973 lascc
1755 1932 1818 1973 cou-

147 2002 232 2063 scius
252 2004 439 2083 permittere,
459 2010 493 2063 nt
511 2000 682 2083 lmjusmodi
709 1999 825 2061 artibus
852 2006 957 2061 eontra

148 2096 265 2157 hostem
285 2114 336 2157 res
355 2104 516 2177 gereretur.
555 2092 625 2157 Jam
645 2094 766 2177 publica
778 2090 837 2153 lide
857 2090 956 2153 abillo

148 2190 232 2271 prins
251 2187 374 2251 uiolata:
391 2186 595 2270 Zullevioque
615 2208 653 2250 ac
672 2186 741 2248 aliis
757 2184 895 2247 omuibus
905 2186 956 2267 qni

150 2283 181 2341 in
211 2280 339 2343 concilio
363 2280 524 2343 Zamoscio
549 2278 691 2357 aderant,
717 2276 904 2358 rrrgentibns,
924 2284 958 2337 ut

151 2374 218 2453 cJus
238 2374 267 2433 in
287 2393 323 2435 sc
342 2372 496 2456 pertidiam
517 2394 553 2437 ca
574 2374 690 2435 ratione
711 2372 818 2433 ulcisci
843 2369 903 2433 sibi
924 2368 957 2431 li·

152 2473 250 2539 ceret,
276 2464 468 2528 Ostromccio
494 2486 557 2527 rem
583 2472 676 2527 totam
703 2466 848 2545 permisit.
900 2462 958 2525 llic

152 2560 301 2639 captivum
321 2558 468 2619 bouduem
487 2555 626 2619 idoneum
637 2564 755 2633 stactus,
774 2576 829 2637 pcr
844 2554 959 2637 aliquot

140 2644 219 2713 ’dies
239 2648 368 2733 benigue
389 2650 537 2728 habitum,
562 2658 710 2732 tamquam
730 2646 829 2728 magni
847 2648 959 2709 secreti

153 2744 306 2805 coruseinm
336 2744 471 2807 lactarus
487 2746 657 2826 juramento
677 2740 786 2823 adigit,
812 2738 959 2822 iidemque

153 2836 221 2918 ejus
239 2835 299 2899 sibl
319 2838 491 2918 obstringit.
530 2836 790 2916 Fingitloauuem
799 2832 959 2896 Mulierum

153 2926 300 3011 quendam
326 2952 361 2993 sc
383 2950 471 2993 esse:
497 2949 564 2992 cum
583 2926 790 2991 llareusbclrio
810 2924 959 3010 quondam

153 3020 234 3105 apnd
261 3022 432 3104 Principem
458 3022 628 3084 illoscornm
658 3022 820 3083 militasse:
851 3028 959 3101 postea

155 3118 243 3177 ctiam
255 3115 305 3175 illo
317 3114 355 3177 ad
370 3116 486 3196 Regem
499 3136 534 3177 sc
548 3113 729 3190 coralereute,
751 3114 959 3174 auctoritatem

156 3209 224 3289 ejus
254 3218 406 3271 secutum:
440 3230 478 3271 ae
509 3208 567 3269 etsi
600 3207 699 3288 aliquo
731 3202 811 3288 apud
842 3204 959 3285 Regem

154 3300 222 3361 loeo
242 3310 326 3363 essct
345 3302 501 3384 pristinam
516 3310 614 3361 tauren
625 3299 797 3360 blascorum
810 3295 959 3379 Principis

156 3394 186 3453 in
206 3415 241 3455 se
260 3392 474 3475 irrrlulgcntiam
495 3394 666 3473 requirere:
688 3409 812 3469 carraque
834 3390 872 3451 ob
892 3411 961 3453 cau·

156 3504 221 3545 sam
242 3484 400 3547 interfecto
420 3486 503 3566 prius
515 3488 694 3566 imperatore
716 3485 872 3558 exercitus,
894 3504 960 3545 cnm

156 3598 211 3661 pro
233 3577 358 3639 artiliciu
378 3598 435 3640 suo
454 3580 497 3639 rei
518 3577 729 3639 tormentariac
741 3577 864 3637 reurotis
885 3576 963 3639 urbi·

157 3670 213 3733 tris
233 3674 502 3733 comnumicaturus
523 3692 589 3733 eum
616 3691 653 3731 eo
685 3676 784 3743 essct,
810 3668 850 3729 ad
880 3670 961 3731 illum

156 3784 272 3829 rutrsum
292 3766 421 3828 transire
440 3766 470 3825 in
490 3766 589 3825 auimo
611 3762 731 3824 habere.
772 3760 893 3825 Interim
905 3766 961 3824 cis·

157 3866 234 3921 statu
256 3878 332 3935 eam,
351 3868 385 3921 ut
403 3856 627 3937 adSzuiscium
647 3854 909 3939 perieratrogare:
930 3858 961 3917 in

155 3973 220 4014 caru
241 3952 484 4034 preciosissimas
503 3970 637 4033 quasque
657 3968 731 4009 suas
750 3970 787 4008 ae
807 3948 883 4011 alias
903 3970 962 4011 ma·

155 4048 207 4124 gari
233 4048 373 4108 moruenti
399 4067 451 4107 res
476 4068 511 4109 sc
536 4042 721 4105 coniecisse:
746 4040 828 4101 brevi
864 4042 960 4123 ipsum

156 4160 247 4221 opera
267 4142 350 4221 prius
371 4161 416 4211 ea,
438 4137 476 4200 dc
495 4160 554 4220 qua
575 4134 717 4208 elisisset,
742 4136 875 4216 l'rincipi
896 4136 961 4197 lllo·

155 4252 273 4291 seurum
292 4240 401 4293 inarata
421 4232 665 4291 subsecuturum:
686 4230 783 4307 rrragni
797 4236 894 4289 autem
906 4249 961 4291 sua

157 4326 314 4399 interesse,
342 4346 379 4384 nc
406 4324 576 4405 prinsquam
604 4326 670 4403 ipse
691 4322 800 4389 ueniat,
821 4321 898 4383 cista
918 4342 962 4383 rc·

153 4416 301 4495 signetur.
315 4414 348 4477 ln
360 4414 484 4477 eandem
497 4418 675 4477 seutentiam
687 4412 726 4474 ad
736 4412 907 4493 Szujseium
917 4416 962 4477 lit·

154 4520 236 4571 teras
255 4508 450 4591 perferendas
470 4510 511 4569 illi
534 4508 596 4569 dat.
636 4508 760 4569 lioseus
780 4504 891 4588 duplici
905 4508 963 4569 lac·

155 4608 218 4665 titia
240 4605 349 4679 elatus,
377 4600 456 4683 rqunrud
478 4612 508 4664 et
529 4602 695 4663 libertatem
717 4609 962 4680 reuuqreraturus,

155 4704 183 4757 et
195 4708 255 4758 tmu
271 4706 389 4777 gratnm
406 4700 538 4758 nasturtium
550 4694 589 4757 ad
600 4694 770 4778 Sarnjseium
792 4692 962 4773 perlaturus

155 4802 248 4863 essct,
269 4812 381 4873 perque
403 4792 542 4852 excubias
554 4789 592 4851 ab
605 4788 796 4849 Ostremeciu
807 4783 962 4850 traductus

1014 1998 1199 2063 firmabatur:
1228 1998 1308 2082 qued
1335 2021 1402 2061 cnm
1430 1998 1554 2063 assidue
1574 2008 1667 2063 autea
1689 2002 1721 2063 iu
1741 2024 1819 2065 mure

1014 2094 1143 2169 uersari,
1162 2112 1217 2175 per
1227 2094 1433 2175 prestationes
1445 2091 1694 2157 uolitaresolitus
1705 2094 1819 2170 luisset

1015 2207 1163 2269 utnusquam
1183 2196 1289 2266 posteo
1309 2206 1344 2247 se
1364 2184 1548 2249 ostenderet.
1588 2186 1703 2250 Verum
1714 2188 1818 2253 bacde

1015 2300 1047 2343 re
1057 2280 1290 2341 contumeliosae
1309 2288 1417 2361 postea
1428 2280 1545 2341 litterae
1559 2284 1695 2365 scriptae
1707 2304 1726 2345 s
1739 2284 1820 2365 Ssuj·

1015 2374 1080 2435 seio
1100 2370 1140 2435 ad
1158 2371 1349 2435 Zamoseium
1371 2371 1504 2434 luerunt:
1525 2372 1565 2435 ab
1585 2374 1684 2457 iisque
1703 2374 1744 2437 ad
1763 2378 1820 2437 sin·

1017 2466 1131 2545 gularis
1163 2466 1334 2529 certaminis
1367 2468 1609 2547 prouocationem
1639 2466 1821 2532 descensum

1017 2555 1087 2620 inde
1108 2558 1174 2619 luit.
1214 2558 1326 2621 Verum
1346 2558 1822 2625 Zaurosclocaustitutodiecum

1017 2649 1229 2713 demonstratis
1248 2660 1318 2713 aute
1338 2650 1507 2731 insignibus
1526 2654 1554 2713 iu
1573 2648 1766 2731 designatum
1778 2655 1822 2715 lo·

1017 2765 1085 2808 cum
1105 2764 1267 2828 progresso
1288 2742 1386 2806 bostis
1407 2764 1466 2806 uon
1479 2742 1591 2827 prodiit.
1630 2742 1822 2827 Disputaba-

1017 2846 1065 2901 tur
1083 2838 1273 2901 nihilomiuus
1293 2836 1424 2911 iuterim,
1450 2833 1693 2919 quemadmodum
1727 2858 1823 2920 supra

1018 2928 1213 3007 ostendimus,
1233 2928 1272 2993 alr
1291 2939 1416 3011 utraque
1440 2938 1524 3013 parte
1543 2926 1581 2991 de
1599 2926 1822 2992 conditionibus

1017 3028 1113 3107 pacis.
1153 3024 1201 3085 De
1221 3022 1351 3085 Sueciae
1371 3022 1457 3103 llcge
1478 3022 1517 3085 ab
1537 3020 1624 3085 initio
1638 3024 1704 3105 jam
1722 3022 1821 3087 blood

1016 3114 1250 3199 responderant,
1276 3136 1335 3179 nou
1360 3136 1501 3179 recursare
1529 3114 1700 3199 Principem
1725 3137 1820 3191 suurn,

1018 3232 1077 3293 quo
1098 3210 1195 3272 urinus
1214 3230 1319 3291 pacem
1329 3230 1396 3271 cnm
1413 3208 1465 3271 illo
1478 3208 1582 3283 iaciat,
1599 3228 1696 3271 rerum
1707 3206 1818 3269 debers

1017 3324 1085 3366 eum
1105 3324 1187 3365 more
1207 3306 1350 3385 urajornm
1370 3300 1408 3365 ad
1426 3300 1635 3383 Novogardisc
1652 3300 1821 3364 Palatinum

1019 3400 1145 3473 mittere,
1165 3394 1263 3477 quide
1277 3394 1736 3477 correlitionibuspacisactums,
1756 3414 1822 3455 cuur

1018 3490 1069 3551 illo
1089 3498 1190 3551 esset:
1214 3496 1333 3571 praeter
1358 3487 1492 3571 exempla
1517 3489 1714 3569 institutaque
1733 3488 1823 3568 majo·

1019 3604 1083 3646 rum
1104 3582 1178 3645 nildl
1197 3584 1316 3643 omnino
1335 3578 1504 3643 iaciendum
1523 3580 1584 3644 sibi
1597 3600 1686 3653 essc3
1707 3598 1766 3661 qna
1786 3577 1823 3639 de

1020 3678 1169 3739 sentientia
1190 3695 1255 3737 cum
1268 3672 1375 3735 deduci
1388 3694 1446 3735 uou
1458 3682 1594 3757 possent,
1614 3670 1687 3735 iude
1697 3669 1737 3735 ad
1748 3692 1823 3733 suur-

1018 3792 1095 3831 mmu
1115 3768 1277 3841 Lis-oniae,
1303 3776 1526 3850 ceterarumque
1545 3771 1660 3830 arcium
1686 3769 1823 3849 uotaque

1019 3860 1236 3925 reddendarum
1263 3858 1464 3923 conditionem
1484 3868 1603 3923 scutum
1623 3858 1692 3923 luit.
1729 3858 1823 3921 Pluri-

1020 3978 1098 4019 mmu
1118 3954 1157 4017 de
1183 3956 1240 4017 lrac
1261 3956 1483 4016 coutroversiae
1507 3952 1579 4017 suita
1618 3974 1688 4016 curu
1706 3952 1823 4013 Prociu-

1019 4051 1111 4121 ciam,
1137 4068 1224 4129 qnam
1253 4068 1359 4109 uorem
1385 4056 1416 4109 et
1439 4046 1544 4127 viginti
1570 4066 1716 4109 annuorum
1734 4042 1825 4115 bella,

1019 4144 1170 4225 rrurulloque
1190 4145 1338 4221 sanguine
1357 4160 1413 4201 stro
1433 4142 1481 4201 vix
1500 4140 1709 4222 peperissent,
1735 4160 1773 4201 ac
1797 4138 1824 4197 iu

1020 4258 1077 4319 qua
1098 4235 1180 4296 mulli
1200 4232 1323 4294 Rurssici
1345 4236 1464 4313 generis
1484 4236 1544 4294 nati
1558 4241 1682 4295 esseutt
1711 4230 1822 4315 plurimi

1022 4334 1111 4393 citiam
1132 4326 1291 4389 ‹londeiliis
1318 4329 1490 4388 constitutis
1515 4326 1746 4397 iru'etcrasseut,
1764 4342 1822 4383 nora

1021 4428 1117 4484 riiirrus
1143 4442 1234 4501 aegre
1250 4441 1337 4501 quan
1357 4423 1384 4481 si
1405 4416 1659 4481 delllose'dvitica
1676 4418 1741 4480 solo
1755 4416 1824 4499 ipso

1021 4523 1174 4595 ageretur,
1217 4514 1427 4593 relinquerent.
1497 4508 1548 4575 ud
1587 4520 1747 4575 extrenum
1787 4506 1828 4569 de

1022 4610 1155 4689 Derpatu
1175 4612 1263 4687 atquc
1283 4603 1485 4685 Not'ogrudca
1511 4604 1675 4677 Lironica,
1698 4624 1767 4666 cum
1787 4622 1828 4663 rc·

1020 4700 1110 4781 liquis
1129 4698 1263 4775 urbibus,
1283 4704 1372 4779 atque
1391 4697 1525 4759 castellis
1538 4696 1600 4759 lere
1613 4697 1828 4760 omuibusccs·

1021 4796 1145 4866 sissent,
1164 4792 1355 4855 veliementer
1373 4790 1570 4867 resistebant,
1594 4788 1679 4873 quod
1702 4792 1734 4853 iu
1755 4790 1830 4853 illam

155 4881 375 4963 adSquscinm
396 4887 540 4966 peruenit,
560 4885 609 4965 qui
622 4902 687 4941 euru
701 4900 737 4939 eu
749 4887 883 4959 tempore
894 4881 963 4945 aliis
1023 4888 1195 4967 religionem
1217 4906 1302 4947 suam
1319 4886 1382 4965 jum
1402 4886 1565 4961 innectam,
1583 4883 1832 4967 Episcopumque

154 4972 246 5035 rebus
278 4988 488 5059 occuparetur,
521 4988 639 5040 eeteros
661 4976 709 5055 qni
737 4968 776 5031 ad
805 4974 961 5037 corrsilium
1023 4984 1051 5042 in
1070 5001 1180 5042 euasc
1192 4980 1400 5041 coustitutum:
1419 4976 1507 5039 llauc
1520 4976 1616 5039 Dirae
1629 4977 1758 5059 Virgini
1776 4998 1833 5038 ura·

154 5076 217 5129 turn
237 5065 313 5127 lorte
333 5082 543 5135 consueuerant.
564 5072 644 5133 nrdlo
667 5066 963 5143 aeleottmrsecndnm
1021 5080 1059 5137 tri
1079 5076 1259 5135 l’cczurcusi
1280 5092 1396 5133 sacram
1417 5068 1558 5133 dicerent.
1602 5068 1749 5134 Tandem
1770 5090 1834 5133 curs

172 5156 214 5223 ibi
232 5160 333 5240 spatio
353 5173 481 5243 stimplo,
502 5170 617 5247 aperire
628 5169 728 5227 statim
748 5164 965 5243 eistamjnbet;
1024 5174 1142 5248 praeter
1161 5165 1396 5250 expectationem
1417 5184 1518 5241 suam,
1546 5164 1643 5227 miuus
1665 5162 1707 5229 ad
1735 5164 1833 5228 rdluu·
