3742 5626
150 214 169 269 8
822 206 1122 267 noscovttawtt

150 368 278 429 Latinos
302 367 466 427 communis
484 365 619 429 babetur.
669 364 778 438 Qualis
796 370 895 427 antem
916 364 958 423 sit
1015 363 1188 423 stiaoorum.
1225 361 1295 423 lloe
1313 362 1453 442 quiequid
1472 370 1521 425 est
1539 365 1662 434 rituam.
1681 370 1713 424 et
1732 366 1825 444 potis·

151 460 250 523 utitur
268 460 303 519 S.
327 458 462 536 Gregorii
479 461 595 539 Papae,
628 480 688 521 nou
706 460 825 519 omnino
845 460 959 535 ignorat
1016 455 1122 514 stun-
1140 457 1314 525 missarun,
1332 476 1421 515 omne
1439 454 1559 535 quidem
1579 476 1617 517 cx
1635 457 1825 519 institutione

153 554 310 615 Serenitas
327 557 396 621 tua,
414 555 462 614 cui
483 572 691 632 nonuunquam
710 551 843 612 interfuit
864 552 893 610 in
906 549 957 610 lli·
1016 548 1164 628 priaraera
1184 549 1335 609 ecclesiae
1355 569 1428 609 esse
1448 549 1611 620 ultimant,
1640 550 1683 609 ati
1702 551 1823 613 traduat

152 648 286 729 spaniis,
305 645 356 705 ubi
375 646 405 705 in
425 646 603 724 quibusdam
622 646 755 724 partibus
767 646 869 726 peragi
880 664 958 703 euru·
1016 641 1106 701 etiam
1122 639 1375 721 chrysostomus,
1392 641 1530 703 Basilius
1538 663 1682 722 magrrus,
1700 642 1822 706 acGre·

153 746 266 819 pertuut
286 743 350 807 est,
369 736 440 797 mibi
460 747 511 799 tua
528 737 688 819 aliquando
700 737 849 798 referente
860 738 957 797 sulen·
1015 734 1117 810 gorius
1136 733 1307 814 theologus.
1335 733 1422 797 llaec
1441 737 1528 813 igitur
1547 746 1618 796 suut
1640 737 1760 798 brevius
1777 737 1820 798 di·

153 834 258 893 uitate.
305 829 435 889 Derolis
451 830 571 910 quiden
590 832 740 893 mentibus
758 830 906 892 accedunt
926 830 958 889 il·
1016 832 1065 886 cta
1083 847 1170 906 qua·
1190 828 1238 888 rel
1258 849 1310 909 par
1328 829 1370 889 sit
1381 828 1451 889 buie
1465 831 1624 908 mysterio:
1643 833 1820 891 meoi-

152 928 210 986 lan
235 922 336 1004 populi
356 920 500 994 audituri,
529 929 669 1004 tanqum
687 925 849 1006 participes
870 923 958 983 luturi
1015 919 1104 980 lacile
1123 923 1244 1001 reperiri
1264 921 1631 1002 puterithristiauorum‚
1649 925 1701 1001 qui
1721 921 1821 985 buna·

153 1021 230 1101 ejus.
282 1015 369 1077 Solet
393 1020 493 1077 autem
512 1016 571 1078 boe
589 1017 706 1079 dillcrre
725 1017 839 1077 illenim
859 1015 959 1076 blissa
1016 1013 1064 1073 nis
1083 1015 1251 1093 praeceniis
1268 1017 1345 1075 satis
1364 1015 1572 1076 conmendare
1592 1017 1698 1095 poterit
1716 1016 1822 1077 turbae

151 1132 171 1172 a
190 1116 310 1180 nostra,
329 1107 605 1188 quodblnscoritae
624 1113 654 1171 in
674 1131 754 1192 pane
773 1110 957 1179 temeritato,
1016 1104 1159 1177 bdelium,
1179 1105 1256 1167 adeo
1275 1108 1398 1169 nultum
1410 1109 1563 1177 annunti,
1584 1109 1824 1170 remissionisri·

152 1202 332 1265 Graecorum
350 1223 449 1273 moro,
469 1203 640 1264 conficiunt
690 1204 786 1265 Calici
806 1204 874 1263 ite·
894 1207 957 1262 tan·
1014 1199 1120 1259 tiorum
1140 1221 1179 1260 ex
1198 1197 1258 1259 boc
1276 1200 1408 1281 pendere
1426 1202 1532 1260 merito
1550 1199 1708 1265 credimus.
1751 1202 1821 1263 Jam

151 1302 210 1358 tun
230 1316 328 1377 aquae
346 1302 489 1376 quantum
509 1296 569 1356 viui
589 1297 672 1356 rubei
693 1298 836 1357 miscent:
868 1315 956 1374 quan
1015 1312 1087 1352 vero
1105 1291 1146 1353 ad
1165 1293 1279 1372 reliqua
1297 1293 1407 1354 salutis
1427 1292 1617 1355 Christianae
1634 1301 1821 1357 sacramenta

150 1411 257 1470 equora
277 1398 309 1451 et
327 1388 452 1451 calidam
472 1408 543 1451 esse
563 1389 679 1462 volunt,
708 1388 787 1469 quod
807 1410 845 1449 ea
863 1388 956 1449 latere
1015 1383 1122 1466 peden
1142 1386 1339 1447 conferemus.
1370 1385 1581 1448 Eucharistiae
1592 1387 1709 1468 quide·
1722 1407 1821 1449 ncra-

150 1482 271 1544 Domini
305 1502 363 1541 uon
395 1483 463 1543 sine
487 1483 631 1562 mysterio
654 1502 763 1562 magno
788 1482 958 1564 produxerit
1015 1483 1166 1549 mentum,
1185 1486 1325 1558 quantu·
1346 1481 1424 1558 ipsis
1443 1481 1474 1539 iu
1493 1500 1552 1540 usu
1570 1488 1628 1552 est,
1648 1481 1757 1562 populo
1768 1480 1820 1544 ad·

151 1577 276 1654 ungeris
296 1580 326 1636 et
345 1595 438 1654 aqua,
462 1596 551 1654 quam
570 1574 696 1636 calidam
719 1575 815 1636 luisse
834 1575 957 1635 credere
1013 1573 1173 1632 ministrari
1192 1574 1285 1636 solet.
1304 1579 1437 1654 tenpore
1456 1593 1516 1652 quo
1532 1572 1672 1635 Christus
1690 1576 1758 1656 ipse
1777 1576 1819 1635 in·

151 1668 230 1750 pbns
250 1672 313 1727 eal:
343 1667 454 1746 alloqui
474 1668 555 1729 enim
576 1668 748 1729 miraculum
767 1669 819 1730 rix
839 1668 957 1728 censeri
1014 1665 1132 1725 stituit:
1151 1675 1182 1725 et
1202 1664 1273 1725 dein
1292 1672 1400 1726 secuta
1419 1669 1566 1738 ecclesia,
1585 1664 1722 1749 pascbali
1740 1668 1819 1728 scili·

149 1766 265 1845 posset.
307 1758 433 1840 Hocque
452 1767 669 1823 aeramentum
688 1763 822 1843 eorporis
840 1763 868 1820 ei
888 1780 956 1820 sau·
1015 1761 1079 1826 oet,
1107 1757 1167 1819 alia
1191 1764 1289 1818 tanen
1315 1760 1396 1821 serio
1421 1759 1548 1821 forsitan
1573 1781 1661 1840 quam
1679 1759 1818 1823 Romana

148 1856 247 1945 guinis
267 1874 285 1915 a
304 1853 372 1914 solu
390 1854 550 1915 mcerdote
568 1862 778 1925 oouoecratur,
798 1853 849 1931 qui
867 1851 956 1913 voluti
1013 1847 1156 1911 Eoclcsia
1173 1850 1278 1922 iaciat,
1296 1857 1387 1932 atque
1407 1852 1582 1915 decreuerit
1633 1852 1818 1936 Bapt‘uu·

148 1950 243 2009 nostri
268 1946 332 2008 sere
355 1946 434 2008 stola
458 1947 528 2008 alba
547 1942 685 2017 indutus,
717 1951 779 2008 tota
796 1952 897 2007 mente
916 1944 955 2006 ad
1013 1963 1066 2022 pro
1085 1950 1271 2005 sacraneuto
1289 1947 1398 2027 prinu,
1428 1945 1567 2025 adaque
1585 1949 1748 2028 praecipuo
1765 1946 1818 2008 du·

148 2040 235 2103 deum
266 2040 397 2111 elevata,
429 2037 460 2099 id
484 2038 606 2100 elicere
627 2046 750 2100 conatur
769 2040 955 2120 mysterium,
1013 2045 1100 2107 cunt,
1128 2042 1309 2118 quapropter
1334 2039 1393 2099 bne
1418 2040 1445 2099 si
1466 2041 1623 2121 quisquam
1644 2041 1817 2120 neglexerat,

148 2131 227 2215 quod
247 2152 299 2212 pru
319 2132 479 2193 sullicleuti
499 2134 621 2214 pignore
640 2135 770 2193 omniura
783 2133 953 2213 promissio·
1012 2128 1223 2210 deriseritque‚
1243 2133 1347 2192 mortis
1365 2152 1465 2214 poena
1483 2132 1632 2211 affligitur.
1659 2131 1818 2215 Raptisaut

147 2246 216 2287 uum
243 2243 360 2285 auarum
382 2223 521 2287 Christus
542 2226 571 2286 in
591 2226 693 2288 ultima
713 2246 809 2288 coena
829 2226 955 2304 reliquit,
1012 2223 1113 2302 itaque
1132 2243 1243 2305 pueros
1263 2225 1293 2283 in
1313 2227 1430 2286 nomine
1448 2226 1542 2306 patria
1560 2232 1592 2286 et
1610 2226 1661 2286 ilii
1681 2234 1714 2288 et
1731 2229 1817 2309 spiri·

148 2316 395 2399 quenadmodum
415 2320 576 2381 universus
595 2319 805 2383 urbislatetur.
833 2318 953 2400 Episto·
1011 2324 1064 2375 tus
1082 2318 1189 2380 saucii.
1221 2315 1604 2398 Huic-userliuugeudo,
1622 2339 1818 2402 quaeeunque

147 2410 206 2473 lam
232 2412 302 2471 item
327 2419 358 2470 et
379 2409 573 2490 Euangeliou
603 2432 700 2492 acque
725 2413 755 2473 iu
774 2410 882 2473 Missis
903 2410 954 2471 bn·
1012 2411 1182 2470 necessitas
1194 2409 1339 2481 inciderit,
1356 2431 1443 2471 nemo
1456 2411 1605 2473 boninum
1614 2411 1814 2492 sulboercpu·

148 2504 229 2566 unt.
281 2504 324 2563 At
348 2503 426 2565 leuto
445 2505 611 2585 Evangelio
635 2526 693 2565 nou
721 2527 789 2567 mox
807 2503 951 2565 [ticenum
1012 2508 1104 2573 tatur,
1126 2504 1183 2563 uisi
1202 2503 1348 2565 sacerdos
1366 2505 1507 2565 extiterit.
1536 2503 1629 2567 Prius
1648 2526 1815 2586 veroquam

146 2596 220 2659 illud
245 2597 428 2676 symbolum,
462 2598 519 2661 sed
544 2604 614 2682 post
637 2600 805 2678 angelicum
825 2606 953 2667 cantuar,
1011 2595 1178 2678 baptismus
1188 2595 1417 2668 administretur,
1438 2598 1589 2661 orationes
1598 2598 1672 2659 fiunt
1680 2599 1815 2677 trequen-

147 2691 198 2768 qui
217 2688 349 2752 Sanctus
373 2692 559 2773 appellatur,
590 2694 715 2773 primurn
742 2691 820 2752 fides
838 2690 954 2752 Niceua
1012 2693 1062 2750 tes
1080 2708 1116 2749 ac
1136 2688 1262 2750 devotae
1281 2689 1483 2762 aaacerdotc,
1503 2691 1715 2772 aparentibus,
1733 2712 1816 2771 spa·

146 2774 296 2847 decantari
316 2785 410 2855 solet,
430 2805 558 2865 eumque
570 2784 737 2848 dominicae
750 2786 875 2846 orationi
887 2785 954 2844 linis
1013 2781 1111 2853 triuis,
1129 2801 1149 2842 a
1168 2782 1325 2860 proximis,
1344 2783 1383 2843 ab
1403 2784 1517 2854 amicis,
1538 2790 1571 2845 et
1587 2783 1813 2865 quicunquede·

147 2877 245 2939 lactus
265 2877 367 2947 luerit,
393 2896 464 2937 mox
484 2878 648 2960 antiphona
667 2878 706 2938 de
726 2879 840 2955 uirgine
858 2876 956 2938 bieria
1014 2874 1103 2955 nique
1123 2874 1248 2946 adsunt,
1268 2897 1327 2957 quo
1345 2876 1423 2937 deus
1442 2879 1573 2957 opti-us
1582 2878 1729 2939 maai-rm
1742 2897 1814 2937 sese

146 2971 291 3048 sequitur.
343 2968 542 3031 Consecrutiu
570 2973 671 3052 itaque
695 2990 792 3051 aeque
816 2972 855 3030 ab
876 2971 954 3051 ipsis
1012 2978 1043 3033 et
1064 2968 1150 3028 coelo
1175 2989 1230 3050 per
1253 2968 1464 3049 plenitudinem
1489 2972 1605 3045 gratiae
1629 2991 1704 3033 snae
1724 2991 1816 3052 puero

146 3062 247 3123 vorbis
265 3060 299 3121 lit
316 3059 468 3121 aChristo
485 3063 633 3142 probatis,
653 3063 763 3142 quibus
774 3067 881 3123 etca-
894 3065 954 3123 vim
1010 3081 1065 3143 per
1089 3063 1257 3123 universum
1284 3063 1363 3124 ritae
1380 3080 1456 3124 suae
1475 3064 1652 3125 curriculu-
1671 3067 1815 3126 assistere

147 3172 324 3215 concessaar
337 3151 472 3224 creduut,
492 3160 524 3214 ut
536 3153 661 3234 prolatis
672 3156 776 3236 ipsisa
787 3155 954 3226 sacerdote,
1011 3154 1156 3232 dignetur.

146 3267 217 3308 mox
238 3251 376 3305 creatura
396 3248 522 3306 creatori
535 3266 591 3307 suo
601 3246 706 3315 eadat,
724 3246 856 3329 illudque
865 3249 953 3328 quasi
1089 3246 1209 3320 Quibus
1234 3251 1315 3308 cerlo
1339 3246 1478 3326 precibus
1495 3244 1535 3307 ad
1555 3244 1642 3306 deum
1663 3246 1754 3316 susis,
1784 3250 1815 3307 iu

146 3337 351 3398 necemrium
369 3357 451 3398 esse.
472 3337 550 3398 Dum
563 3340 861 3412 verosicconlieitur,
880 3360 953 3403 cuce
1011 3340 1156 3412 ecclesia,
1175 3339 1215 3402 ad
1232 3337 1312 3419 quod
1328 3336 1528 3418 peragendum
1541 3337 1601 3397 illie
1611 3338 1815 3420 baptisterium

145 3431 235 3510 panis
261 3431 366 3511 justae
391 3429 602 3507 magnitudinis
621 3432 767 3493 udaoeus
787 3434 953 3513 opponitur,
1011 3433 1175 3496 ordinatum
1194 3436 1256 3494 estc
1274 3436 1327 3492 aut
1345 3437 1479 3510 tempore
1490 3430 1629 3501 bmmali,
1647 3432 1815 3494 molestia-

144 3524 176 3581 in
199 3523 288 3600 cujus
306 3520 405 3581 taedio
423 3519 524 3583 bestia
542 3530 606 3594 eat,
632 3525 681 3584 eui
701 3524 830 3585 crucifixi
851 3526 952 3598 turma,
1011 3523 1129 3602 frigoris
1148 3525 1310 3605 fugientes,
1330 3523 1359 3583 iu
1379 3523 1446 3585 loco
1465 3524 1618 3585 secretiori
1638 3545 1711 3604 puer
1721 3528 1815 3608 bapti-

144 3611 267 3693 periude
286 3618 319 3673 ut
337 3610 416 3693 apud
434 3632 507 3687 aoa.
526 3614 673 3693 impressa
694 3619 837 3690 cernitur,
863 3639 952 3699 quarn
1011 3620 1072 3679 aari
1091 3619 1181 3683 solet.
1229 3621 1263 3680 iu
1283 3618 1372 3701 cnjus
1390 3617 1433 3679 rei
1452 3618 1653 3679 testimouium
1672 3617 1814 3680 adbibere

146 3706 175 3765 ui
195 3703 414 3767 benedictionis
431 3706 462 3767 la
477 3724 585 3789 corpus
597 3706 709 3771 Christi
722 3729 894 3772 conversam
905 3732 953 3774 sa·
1011 3714 1058 3771 tur
1076 3712 1198 3791 petrini,
1223 3733 1278 3794 pro
1294 3731 1379 3773 more
1397 3711 1487 3773 etiam
1508 3715 1626 3782 nostro,
1645 3712 1754 3790 quibus
1774 3734 1813 3773 ex

147 3796 256 3857 cardos
278 3796 338 3859 sibi
358 3798 449 3859 aunit
468 3802 500 3861 el
517 3799 690 3872 manducat,
721 3805 863 3883 reliquum
883 3824 953 3865 vero
1011 3803 1149 3882 pollicitis
1168 3806 1323 3876 incrrmbit,
1349 3809 1383 3866 ut
1400 3803 1493 3887 bujtu
1509 3804 1649 3882 baptismi
1670 3826 1815 3867 memores

146 3890 234 3971 puin
260 3910 312 3969 per
336 3890 433 3953 irusta
452 3890 579 3955 divisum
599 3894 771 3976 potentibus
791 3895 953 3957 distribuit:
1012 3897 1212 3969 mereunt,
1235 3903 1268 3960 ut
1286 3916 1409 3978 puerum
1427 3899 1496 3958 utin
1515 3916 1583 3959 cum
1602 3902 1688 3958 aeus
1707 3900 1815 3979 patitur

145 4002 233 4062 que·
253 3982 378 4059 singuli,
410 4003 469 4045 nou
488 3990 521 4045 ut
540 4004 650 4067 corpus
670 3985 799 4058 Gbristi,
830 3988 885 4050 sed
905 4011 953 4052 ve·
1011 3998 1064 4051 aut
1085 3990 1292 4071 expostularlt,
1320 3991 1352 4053 iu
1372 3990 1431 4071 ide
1450 3989 1558 4053 erudiri
1578 4010 1637 4051 uon
1657 3991 1816 4069 negligant,

147 4073 200 4135 lull
221 4074 408 4137 benedictum
427 4076 573 4155 aliquem,
600 4084 631 4139 et
650 4078 869 4158 quodammodo
886 4100 953 4145 san·
1011 4087 1043 4142 ut
1062 4081 1151 4144 deum
1172 4104 1224 4167 pro
1244 4089 1327 4146 tauta
1345 4085 1440 4163 graba
1458 4082 1595 4155 iaudent,
1615 4089 1764 4154 suerent,
1782 4090 1816 4146 ut

148 4174 227 4227 ctu·
249 4186 355 4245 panem
376 4185 441 4228 cua
462 4188 579 4231 aunma
596 4168 755 4233 uerutum
776 4177 952 4256 suscipiunt.
1011 4173 1121 4237 donum
1146 4174 1206 4238 boc
1230 4176 1446 4240 divinissimum
1469 4176 1540 4239 fidei
1565 4175 1666 4237 &tura
1691 4178 1721 4238 iu
1746 4176 1815 4239 dies

149 4258 376 4339 solanturque
395 4256 453 4321 bae
472 4258 588 4323 ittam
606 4263 756 4327 celebrare
767 4266 805 4327 de
815 4269 953 4340 trinitate,
1011 4287 1121 4347 augere
1141 4267 1286 4349 dignetur.
1317 4269 1484 4333 Praelectis
1504 4271 1605 4350 itaquo
1621 4270 1815 4341 orationibus,

149 4348 189 4413 de
208 4350 298 4413 beata
320 4350 454 4429 t'trgtue.
474 4352 571 4432 deque
591 4354 658 4415 aliie
679 4359 803 4429 aauctis,
833 4356 874 4419 Et
884 4382 952 4440 quo·
1011 4364 1102 4440 atque
1125 4365 1215 4425 etiam
1240 4365 1430 4436 enorchis,
1460 4382 1528 4425 orm
1552 4383 1627 4444 puer
1645 4361 1815 4425 fortioribus

148 4444 227 4507 ula·
258 4442 322 4505 illia
345 4443 449 4524 procul
474 4443 564 4505 dubio
588 4445 751 4525 Purgatorli
778 4452 877 4532 opinio
896 4459 954 4525 est,
1012 4459 1135 4516 naturae
1160 4456 1273 4518 viribus
1292 4463 1432 4539 apparet,
1464 4462 1510 4517 ter
1528 4461 1610 4516 tobis
1628 4455 1816 4533 immergitur,

146 4536 237 4619 hilar
254 4534 381 4599 assidue
400 4556 454 4618 pro
473 4534 624 4597 defunctis
642 4546 740 4610 orant,
760 4541 867 4604 blissia
885 4546 954 4606 aub-
1012 4544 1143 4626 alioquin
1160 4568 1239 4629 aqua
1257 4551 1391 4631 lingitur,
1410 4570 1476 4612 raro
1496 4554 1610 4612 meu:
1637 4549 1816 4627 conspersio

147 4632 280 4699 adnot.
332 4626 366 4693 lu
391 4648 453 4711 qua
475 4627 594 4710 quidem
620 4648 653 4689 rc
671 4636 755 4694 tanta
773 4634 887 4697 illorum
908 4645 955 4699 est
1013 4638 1092 4698 onim
1112 4641 1211 4703 minua
1230 4642 1385 4706 sufficiens
1402 4643 1562 4727 judicetur.
1593 4637 1671 4699 0loo
1691 4644 1723 4698 et
1742 4641 1817 4703 cria·

147 4724 271 4807 dtis.
290 4730 323 4787 ut
341 4722 477 4807 plerique
495 4722 566 4785 bina
585 4740 637 4801 pro
648 4726 772 4787 nurui·
787 4728 955 4791 anniversa·
1014 4734 1093 4792 mate
1112 4732 1226 4794 interim
1246 4756 1365 4818 quoque
1384 4738 1530 4818 appositis
1550 4731 1639 4793 tronti
1658 4735 1689 4792 et
1707 4750 1817 4813 scapu-

148 4816 212 4915 ¹¹⁸2.
229 4824 263 4885 ut
282 4826 406 4890 vocant,
425 4821 524 4897 agant·
554 4813 688 4878 Alton·
706 4816 758 4897 qul
777 4816 879 4883 satalia
897 4843 956 4903 quo
1015 4823 1063 4887 lis.
1102 4824 1155 4888 Sal
1174 4847 1243 4889 rere
1263 4832 1343 4909 quod
1363 4853 1381 4891 e
1402 4831 1513 4892 nostris
1532 4825 1704 4896 adhibetur,
1723 4832 1754 4886 0¹
1774 4825 1818 4887 ΙΙΙ·

150 4914 286 4973 ninas
304 4917 354 4975 eat
373 4911 423 4975 die
441 4912 554 4993 agitur:
578 4910 700 4973 alteru·
721 4916 819 4975 auten
838 4936 897 4995 quo
918 4919 957 4979 ab
1016 4923 1076 4979 tuan
1096 4939 1133 4979 ea
1152 4920 1248 4983 salira
1267 4928 1298 4983 et
1317 4923 1455 5005 pulvere,
1475 4939 1533 4983 nou
1552 4916 1715 4981 admodum
1735 4937 1818 4981 rece·

151 4998 285 5065 sunu
301 5004 482 5078 institutum,
512 5006 610 5068 modi
629 5004 725 5079 illius,
744 5006 832 5091 cujus
851 5028 956 5072 nomen
1015 5016 1095 5091 ptum
1113 5013 1363 5077 catlioauoritiaz
1383 5013 1669 5078 abrenunciatione·
1686 5031 1756 5071 reru
1768 5013 1819 5072 tri·

152 5092 260 5157 babuit
278 5098 440 5178 proprium,
460 5099 567 5161 leatus
588 5098 761 5166 oelebratur.
811 5101 862 5166 Ad
880 5101 956 5167 baec
1015 5124 1098 5176 nam,
1117 5105 1186 5169 lidei
1205 5128 1324 5188 quoque
1344 5109 1566 5171 contessionem
1584 5105 1690 5167 trinam
1711 5104 1741 5165 iu
1759 5125 1818 5165 usu

303 5196 418 5254 seua
432 5191 860 5275 oblatiouueteloemosynae
872 5196 956 5261 cbri-
1015 5199 1151 5263 retiaeni.
1200 5199 1286 5261 llaec
1309 5206 1389 5262 certe
1415 5209 1524 5264 coacte
1541 5202 1581 5265 ab
1599 5199 1650 5262 bia
1669 5198 1719 5276 qui
1738 5196 1818 5277 apud

1066 5500 1081 5541 ι
1119 5564 1124 5571 .
