3734 5610
651 200 708 263 DE
721 197 862 263 REBUS
881 194 1197 259 moscovmrcrs.
1698 200 1757 262 me

96 366 271 427 lraereailrus
303 384 425 445 prorsus
450 362 589 425 inlectam
612 361 815 425 audivissent:
840 360 897 421 sed
955 366 1059 432 ratum,
1078 365 1140 421 mm
1156 358 1337 421 Venetorum
1357 376 1476 421 auream
1489 359 1531 422 1).
1551 359 1755 427 MareiEvan·

96 459 276 521 modestiam
305 457 500 519 Alemonrem
531 456 647 517 illorum
677 456 897 538 conspicientes
955 453 1083 533 gelistae
1108 452 1265 530 imaginem
1289 450 1477 513 ademerunt:
1502 455 1638 533 quamvis
1662 459 1689 518 si
1708 477 1756 519 so·

97 554 218 613 mirifice
244 550 483 622 emolliebantur,
514 549 723 629 martirumque
747 548 899 629 reliquias,
957 548 1005 608 lus
1024 547 1152 628 quisque
1172 546 1291 616 luisset,
1310 563 1408 624 neque
1427 543 1606 609 delationem
1623 549 1757 613 adPrin-

97 664 176 725 quae
195 646 225 703 in
246 662 347 703 comm
367 648 451 703 erant
469 642 618 713 Ecclesia,
637 662 752 703 summa
765 660 898 703 reveren·
957 642 1054 721 clpam
1077 658 1165 701 enum
1196 638 1377 709 timuissem,
1407 658 1467 699 non
1491 638 1662 704 dilllrn'llimo
1686 664 1759 707 sese

98 741 141 799 tia
160 736 301 807 venerati,
322 742 352 797 et
364 736 490 798 osculati
511 743 591 797 enat.
633 736 666 797 ld
687 734 766 817 qued
783 736 813 795 ia
832 733 900 795 aliis
958 732 1118 796 adomnia
1144 730 1430 795 accommodassent.
1474 731 1560 793 ltlitie
1584 752 1635 795 res
1659 744 1759 799 autem

97 850 219 910 quoqne
232 828 379 890 Romanis
397 830 525 911 templis,
543 837 633 913 atque
651 829 722 893 alibi
741 826 899 889 iaciebant.
958 827 1109 907 aliquante
1137 824 1263 887 effectos
1288 825 1370 902 (stre
1398 825 1438 886 eb
1461 823 1666 888 humaniorum
1690 848 1760 907 gen·

100 922 164 983 Sed
185 942 252 983 curu
271 923 301 982 in
314 921 451 1002 Capitolii
471 923 610 1002 qaalatium
636 919 825 987 nRomanis
843 917 900 979 Pu·
958 923 1031 983 tium
1053 918 1314 989 consuetudinem,
1345 920 1412 979 sire
1441 918 1522 999 quod
1546 923 1761 985 revertentibus

100 1014 328 1088 triciisadaeeti,
348 1013 527 1079 etltomauo
544 1014 785 1098 magnanimitate
802 1010 902 1073 bema·
960 1024 1025 1076 crat
1043 1023 1131 1077 extra
1148 1012 1264 1075 ltaliam
1289 1010 1513 1093 expendendum
1534 1012 1574 1074 do
1597 1015 1670 1091 suo)
1690 1014 1763 1079 Var-

100 1110 226 1171 niseime
243 1110 370 1189 accepti,
389 1109 550 1188 fragmenta
575 1126 748 1171 marmorum
770 1106 903 1185 antiquo·
961 1102 1075 1169 saviam
1094 1107 1132 1168 ad
1143 1104 1551 1185 Polontaoltegemdenlque
1569 1105 1763 1183 adduximu03

103 1222 183 1274 nrm,
208 1204 384 1285 ineptasque
409 1204 562 1283 gentilium
581 1202 712 1265 Deorum
735 1200 904 1268 membriae,
962 1199 1085 1262 illudio
1112 1200 1218 1261 itinere
1242 1200 1402 1281 praecipuo
1427 1206 1585 1271 caventes,
1609 1198 1650 1262 od
1674 1200 1763 1264 deeli-

101 1317 122 1359 a
146 1296 273 1377 quodam
292 1302 465 1374 rogarentur
484 1296 585 1376 (quasi
606 1295 725 1356 maximi
737 1312 788 1353 res
799 1299 905 1355 esseut
962 1294 1078 1355 eandm
1097 1294 1177 1363 lites,
1196 1312 1236 1357 ne
1255 1292 1360 1355 eodem
1380 1292 1511 1374 bospitio
1536 1292 1763 1357 diuersaremur.

102 1391 256 1463 momenti)
274 1394 308 1449 ut
325 1390 468 1452 amentius
487 1390 686 1471 inspicerent,
709 1386 809 1447 omnia
833 1384 905 1461 (nee
963 1388 1017 1451 Sic
1035 1386 1124 1448 denis
1147 1407 1166 1446 a
1185 1384 1273 1465 Rege
1295 1386 1476 1465 procuratis,
1502 1406 1562 1466 qno
1588 1384 1649 1448 illis
1666 1384 1765 1468 Regin

105 1483 265 1558 immerite)
291 1482 538 1561 contempserant
581 1481 623 1543 Et
647 1478 719 1541 illud
746 1480 824 1539 onim
848 1494 904 1537 eon
962 1481 1141 1542 animosum
1159 1478 1244 1554 datu3
1264 1480 1430 1559 litterisque
1444 1478 1483 1541 erl
1502 1498 1590 1542 suum
1600 1480 1767 1563 Principem

104 1576 232 1636 maxime
250 1574 420 1636 offendebat
439 1572 532 1655 (quod
551 1580 583 1634 et
598 1572 721 1636 cndibet
732 1570 905 1632 Christiano
964 1596 985 1637 n
1002 1592 1052 1635 rue
1070 1573 1213 1657 acceptis,
1231 1572 1341 1652 quibus
1359 1572 1442 1633 brevl
1460 1572 1501 1633 de
1526 1574 1665 1636 omnibus
1683 1574 1766 1637 illum

106 1666 317 1729 detestandum
343 1668 417 1745 est)
442 1687 508 1727 οιιιι
533 1666 582 1729 rel
602 1668 631 1728 io
657 1666 796 1746 hospitiis
820 1666 907 1742 signa
965 1669 1119 1729 certiorem
1135 1664 1297 1738 laeiebam3
1316 1663 1424 1726 tradita
1440 1664 1510 1727 item
1528 1685 1549 1728 a
1566 1686 1617 1729 me
1635 1666 1770 1747 pulcher·

106 1760 317 1842 turpitudinum
347 1767 515 1833 cernerent,
545 1761 593 1821 vel
629 1760 774 1838 imagines
805 1758 907 1834 (οιιιιι
965 1763 1040 1825 rima
1058 1759 1225 1822 Smautorle
1239 1758 1373 1837 imagine
1392 1759 1482 1837 (quae
1500 1761 1594 1823 missa
1617 1758 1769 1821 svestra

107 1854 239 1934 pias)ad
257 1854 410 1915 lasciviam
429 1852 575 1936 depictas,
595 1852 692 1917 nudes
700 1871 771 1917 roro
783 1858 908 1924 statuae,
966 1853 1158 1917 Beatitudine
1175 1850 1371 1921 semema,
1389 1850 1420 1911 ln
1439 1870 1510 1915 nere
1527 1853 1619 1933 pleis,
1636 1852 1770 1916 etGrne·

106 1958 140 2008 et
159 1954 279 2010 matera
298 1946 445 2009 diabolica
461 1947 609 2027 ligarenta,
628 1946 658 2007 ln
675 1945 838 2026 aliquorum
857 1944 908 2005 do·
968 1950 1014 2010 cis
1034 1948 1143 2009 litteris
1154 1944 1274 2016 additis,
1295 1945 1399 2015 ebore,
1416 1947 1625 2025 argenteisque
1634 1945 1770 2009 lesurlia

108 2042 217 2113 nibus,
242 2046 273 2103 et
297 2039 392 2101 bortis
411 2048 581 2111 cernerent,
606 2038 716 2118 quibus
742 2038 908 2120 cupidines,
968 2038 1190 2115 continebatur)
1207 2037 1285 2099 satis
1303 2036 1401 2100 laetos
1420 2037 1644 2103 lobtoseevlam
1661 2039 1769 2101 dimisi.

109 2141 141 2195 et
158 2154 286 2196 veneres
316 2134 470 2213 plusquam
496 2132 650 2204 Christus,
676 2142 708 2193 et
730 2130 910 2192 Beatissimo
970 2134 1058 2207 Quae
1077 2132 1175 2194 fusius
1201 2128 1345 2192 remanda
1374 2132 1488 2213 putari,
1520 2136 1554 2193 ut
1584 2131 1612 2193 sl
1642 2132 1692 2197 nul
1720 2130 1771 2194 all·

110 2226 202 2306 Virgo
228 2246 336 2309 sapere
364 2225 547 2288 videbantur.
591 2224 657 2287 lam
688 2243 758 2285 vero
785 2222 910 2305 Temple
969 2229 1087 2309 quando
1106 2226 1168 2287 tale
1187 2224 1342 2303 negocium
1361 2223 1509 2303 obtigerit,
1528 2226 1666 2304 praeviso
1675 2227 1773 2287 minus

110 2320 268 2403 nomano,
286 2319 416 2398 Diuique
449 2316 530 2379 Petri
562 2317 669 2379 aedem
699 2318 910 2395 suspicientes,
970 2342 1036 2383 eum
1062 2319 1184 2381 feriant:
1209 2318 1296 2397 isque
1320 2316 1359 2379 erl
1384 2318 1564 2399 patientiam,
1593 2324 1624 2379 et
1649 2317 1773 2397 pruden-

110 2413 229 2471 omnino
249 2410 426 2482 latabantur,
458 2408 534 2472 baec
559 2412 731 2491 longissime
759 2412 912 2493 praestare
969 2416 1050 2486 tiam,
1067 2434 1087 2475 a
1106 2412 1174 2473 Deo
1194 2412 1417 2493 perorationes
1440 2410 1642 2485 buurlendam,
1667 2411 1774 2477 eenole

109 2506 186 2575 suis,
208 2524 285 2585 quae
305 2522 369 2564 cum
389 2511 478 2566 antea
497 2504 593 2565 solum
616 2504 773 2576 vidissent,
793 2505 841 2565 ael
862 2502 912 2583 lig·
971 2528 1008 2572 se
1028 2510 1185 2589 conparat.

113 2618 181 2668 nea,
200 2597 249 2657 vel
268 2602 392 2667 murata,
411 2597 687 2679 putabantreliquis
698 2598 790 2658 totius
811 2596 912 2658 mundi

111 2690 338 2773 pulchritudine,
356 2692 517 2772 auteperls
537 2691 814 2769 autnragnificentln
833 2710 914 2769 prae·
1299 2750 1306 2765 „

111 2782 915 2955 alr-..mata,alaman
1081 2814 1421 2895 neom
1454 2816 1668 2919 aoso,

112 2972 189 3049 cipis
208 2968 376 3039 reddenda,
401 2988 492 3047 aegre
511 2968 643 3031 nonnlbtl
667 2967 842 3030 videbantur
865 2966 915 3028 ad·
1251 3000 1296 3049 gp
1334 3000 1502 3050 solnm

112 3064 193 3134 daci,
213 3070 246 3124 ιιι
264 3080 383 3123 crucem
407 3060 446 3125 ad
472 3060 567 3140 pedes
591 3059 722 3123 Vestrae
740 3058 917 3123 Serretitatis

114 3156 353 3217 obseularenturr
372 3153 431 3223 sed
448 3154 538 3234 lenm
560 3156 683 3236 aegrius
709 3174 777 3216 cum
802 3154 915 3217 uaeas

115 3272 181 3311 snm
204 3254 353 3332 pararent.
403 3246 503 3309 Crede
528 3248 584 3320 ltu,
610 3247 691 3329 quod
714 3248 774 3310 alin
798 3268 917 3329 qnoque
1051 3251 1088 3316 ld
1107 3272 1179 3313 vero
1197 3254 1322 3335 primum
1340 3254 1419 3315 satis
1438 3260 1570 3327 constat,
1596 3252 1779 3337 Seqatentrio·

115 3344 195 3404 dona
216 3343 384 3423 (pecuniam
403 3340 559 3422 inprimis)
576 3340 758 3405 veluissenta
777 3342 849 3403 lieet
867 3362 918 3405 au·
976 3346 1073 3409 nalem
1092 3352 1234 3417 ιιοοιοοι,
1247 3364 1361 3427 eosqare
1380 3349 1556 3429 praesertim
1576 3348 1719 3429 populos,
1745 3368 1781 3411 ex

116 3438 159 3498 rei
178 3442 301 3514 torques
319 3436 417 3513 magni
442 3433 590 3513 ponderis,
615 3441 719 3497 vestes
743 3454 863 3507 aureae,
888 3440 920 3497 et
977 3459 1100 3521 qnorum
1111 3436 1252 3501 cordibus
1271 3458 1341 3501 vcra
1357 3438 1462 3519 religio
1475 3439 1622 3503 feritatem
1634 3440 1715 3503 haud
1735 3461 1781 3504 ex·

117 3528 305 3588 holosericae
329 3526 446 3587 duobus
473 3528 573 3607 ipsius
596 3528 755 3607 legationis
777 3527 920 3609 Principi·
979 3536 1089 3604 cussit,
1109 3538 1219 3613 quanto
1239 3532 1334 3609 magis
1354 3530 1394 3593 ab
1413 3534 1531 3612 ingenio
1550 3538 1623 3595 sese
1643 3530 1782 3597 desertos

116 3624 185 3689 bus,
204 3618 334 3679 cameris
352 3638 423 3678 vero
441 3618 589 3699 omnibus,
603 3639 639 3679 ox
659 3638 775 3699 ροιιοο,
799 3626 831 3680 οι
849 3622 920 3681 nerl-
977 3628 1124 3696 sentiunt,
1153 3630 1237 3685 tanto
1260 3625 1493 3703 suspiciesiores
1514 3624 1660 3687 evadere:
1684 3644 1782 3707 qurum·

117 3736 154 3776 co
174 3712 310 3791 duplices
328 3708 453 3771 traditae
478 3710 617 3775 luissent.
660 3710 799 3775 0eculnti
822 3716 921 3773 tamen
980 3716 1081 3778 obrem
1101 3712 1182 3794 quod
1202 3712 1362 3786 industrie,
1388 3722 1420 3777 et
1434 3712 1550 3794 judicio
1572 3720 1713 3797 consequi
1734 3736 1783 3779 ne·

118 3812 188 3869 οοιιι
208 3806 342 3875 libenter,
362 3822 427 3864 cnm
446 3801 517 3883 quid
537 3822 573 3863 ea
591 3801 631 3863 de
649 3824 682 3865 ro
693 3803 803 3865 moseo
819 3822 921 3865 nenun
980 3815 1099 3891 moerent,
1118 3805 1150 3867 id
1169 3804 1350 3878 calliditate,
1368 3826 1406 3867 ae
1424 3809 1463 3878 ri,
1481 3808 1497 3884 (
1507 3805 1700 3871 redmoaeos
1720 3808 1784 3870 dili·

118 3900 229 3980 Magno
254 3898 333 3959 Deci
359 3904 445 3957 esset
473 3896 704 3970 aestimandum
729 3895 837 3977 qnldre
861 3916 921 3957 nen
980 3905 1080 3982 gentie
1100 3899 1235 3982 qnoque)
1254 3896 1385 3971 studere,
1404 3906 1439 3959 ut
1457 3908 1665 3981 assequantur.
1685 3899 1733 3961 Ea
1753 3904 1783 3962 iu

119 3994 214 4055 solum
234 3988 392 4072 Apostolis
410 3991 495 4071 primi
507 3988 667 4050 Christiani
686 3989 844 4060 iaciebant,
864 3990 921 4051 sed
980 3993 1121 4072 Scythis,
1153 3998 1184 4052 ct
1202 3988 1337 4052 Tartaris
1361 3994 1521 4073 perspicue
1540 4000 1716 4065 cemnnmr,
1748 4012 1785 4053 ex

120 4092 151 4146 et
169 4086 226 4167 ipsi
246 4083 343 4144 illesci
366 4083 431 4143 suis
452 4080 615 4165 Episcopis
634 4082 759 4156 iaciant,
784 4084 823 4145 ad
849 4104 919 4164 quo
980 4086 1087 4170 quibus
1118 4104 1184 4146 cum
1209 4083 1342 4163 plerique
1364 4082 1539 4147 Moecomm
1566 4086 1708 4164 originem
1733 4082 1784 4146 du·

119 4198 182 4238 rum
204 4176 300 4257 pedes
320 4195 356 4235 se
375 4184 575 4257 prosternunt,
596 4174 678 4237 humi
697 4182 804 4238 terram
825 4178 922 4259 capite
981 4188 1058 4253 cant,
1078 4179 1405 4249 norcomannorum
1417 4196 1477 4238 nen
1490 4186 1547 4250 eet,
1566 4178 1624 4239 nisi
1640 4177 1785 4240 meteone

118 4270 328 4351 percutientes,
349 4266 542 4329 audivissent.
589 4268 664 4330 lllud
691 4290 748 4330 non
775 4271 852 4331 satis
874 4290 921 4332 ac·
981 4278 1114 4335 naturam
1135 4268 1217 4331 illam
1238 4272 1385 4343 exuerint,
1411 4288 1498 4350 quam
1528 4272 1627 4352 pietas
1646 4272 1716 4333 aliis
1736 4288 1785 4333 ua·

118 4384 178 4443 quo
198 4359 443 4431 animotnlernnt,
463 4359 663 4439 quodsesein
675 4361 813 4423 discessu
827 4383 924 4435 nemo,
981 4363 1113 4427 tionibus
1134 4362 1271 4435 excoluit,
1291 4382 1327 4424 ae
1346 4366 1427 4425 vicit
1449 4362 1593 4435 Atiam
1610 4382 1696 4444 quem
1707 4382 1786 4424 sarm·

118 4460 238 4538 praeter
257 4474 313 4523 me,
333 4471 370 4513 ac
389 4452 513 4513 comites
539 4454 656 4517 itineris
679 4474 763 4517 nens
787 4474 825 4517 ex
850 4456 922 4516 urbe
982 4476 1029 4518 ma
1050 4458 1080 4517 in
1100 4474 1173 4517 snos
1192 4462 1329 4537 potestas
1348 4459 1494 4530 accessit,
1520 4476 1581 4518 nne
1599 4474 1666 4516 enm
1686 4454 1786 4533 aliqua

119 4552 362 4633 prosequeretur,
388 4548 467 4605 sicut
498 4548 555 4625 ipsi
586 4547 753 4629 Principum
778 4546 921 4631 Legatos,
983 4548 1172 4611 Christianae
1191 4547 1344 4627 religionis
1357 4552 1480 4631 specie3
1500 4568 1557 4608 uec
1575 4564 1647 4607 vern
1662 4545 1786 4607 aliorum

118 4640 213 4723 (qnod
232 4640 259 4700 ei
282 4658 397 4699 mecum
416 4638 466 4700 bis
499 4640 537 4700 ab
563 4640 600 4700 iis
626 4639 815 4713 discedente,
847 4642 923 4704 lece·
953 4630 955 4639 ¹
982 4642 1154 4722 Principum
1174 4660 1248 4723 opes
1267 4639 1388 4705 viderit.
1416 4645 1444 4702 ei
1468 4660 1505 4700 se
1526 4636 1644 4714 (addita
1664 4638 1787 4717 pereuni

123 4736 202 4811 rant)
232 4732 271 4795 ad
296 4741 434 4812 quaterem
460 4733 625 4813 quinqueve
656 4754 800 4815 passuum
824 4736 924 4809 millia,
981 4733 1168 4797 subditorum
1198 4736 1402 4794 assentatione
1437 4740 1527 4813 atque.
1556 4728 1788 4803 acclamatione)

122 4846 228 4906 magno
253 4846 320 4887 cum
347 4827 484 4887 comitatu
515 4826 653 4886 educunt.
699 4824 812 4886 Eadem
839 4850 924 4905 perro
952 4814 955 4847 ⁵
984 4845 1151 4907 supremum
1178 4826 1306 4883 omnium
1333 4824 1504 4895 arbitretur,
1535 4826 1631 4882 mainus
1658 4819 1786 4881 fortasse

122 4922 152 4979 in
176 4920 270 4981 reditu
291 4920 450 4997 contigere,
471 4937 548 4997 quae
568 4918 597 4976 in
618 4917 922 4997 prosectioneaecide-
984 4916 1147 4978 mirandum
1167 4924 1223 4977 eat.
1247 4914 1334 4993 erac
1359 4920 1415 4977 tria
1440 4936 1505 4976 cunr
1531 4918 1560 4976 in
1580 4912 1701 4992 Magaris
1720 4911 1785 4975 Mn·

121 5018 197 5073 rarat.
238 5012 374 5095 Torques
395 5014 469 5073 carim
496 5012 579 5085 (oum
605 5010 699 5071 harene
725 5032 778 5091 per
807 5012 860 5072 iter
886 5014 925 5071 in·
954 5082 957 5093 Ι
984 5014 1105 5073 sconiae
1124 5007 1261 5069 Ducibus
1281 5009 1320 5071 ab
1333 5030 1369 5069 eo
1383 5012 1567 5090 potissimum
1581 5016 1696 5089 tempor

123 5104 266 5178 (luerent)
296 5116 327 5165 et
353 5106 477 5167 l'estrae
494 5102 693 5165 Beatitudiuie
718 5122 834 5163 crucem
863 5104 925 5183 pul-
954 5134 957 5145 ¹
985 5107 1053 5173 rint,
1070 5122 1128 5183 quo
1146 5122 1212 5163 eea
1232 5101 1375 5175 Tartaris,
1396 5108 1614 5183 qraorumeraut
1630 5096 1672 5161 ul

126 5195 311 5265 uberrimam,
334 5198 403 5259 licet
429 5198 554 5261 Graecis
580 5196 800 5259 characteribus
829 5196 926 5255 elabo·
955 5188 1015 5322 ’.ιιι
1036 5193 1202 5271 libertatem
1223 5206 1426 5257 asserturum.
1448 5195 1578 5259 extralere
1598 5194 1668 5255 mhi
