<?xml version="1.0" encoding="UTF-8"?>
<!DOCTYPE html PUBLIC "-//W3C//DTD XHTML 1.0 Transitional//EN"
    "http://www.w3.org/TR/xhtml1/DTD/xhtml1-transitional.dtd">
<html xmlns="http://www.w3.org/1999/xhtml" xml:lang="en" lang="en">
 <head>
  <title>
</title>
<meta http-equiv="Content-Type" content="text/html;charset=utf-8" />
  <meta name='ocr-system' content='tesseract 3.04.00' />
  <meta name='ocr-capabilities' content='ocr_page ocr_carea ocr_par ocr_line ocrx_word'/>
</head>
<body>
  <div class='ocr_page' id='page_1' title='image "./historiaeruthen00stargoog_0581.png"; bbox 0 0 3742 5626; ppageno 0'>
   <div class='ocr_carea' id='block_1_1' title="bbox 95 196 154 267">
    <p class='ocr_par' dir='ltr' id='par_1_1' title="bbox 95 196 154 267">
     <span class='ocr_line' id='line_1_1' title="bbox 95 196 154 267; baseline 0 0"><span class='ocrx_word' id='word_1_1' title='bbox 95 196 154 267; x_wconf 72' lang='lat' dir='ltr'><strong>iil</strong></span> 
     </span>
    </p>
   </div>
   <div class='ocr_carea' id='block_1_2' title="bbox 98 358 917 2209">
    <p class='ocr_par' dir='ltr' id='par_1_2' title="bbox 98 358 917 2209">
     <span class='ocr_line' id='line_1_2' title="bbox 98 358 903 441; baseline -0.004 -21"><span class='ocrx_word' id='word_1_2' title='bbox 98 358 195 421; x_wconf 85' lang='lat' dir='ltr'><strong>Nemo</strong></span> <span class='ocrx_word' id='word_1_3' title='bbox 222 360 329 440; x_wconf 90' lang='lat' dir='ltr'><strong>quippe</strong></span> <span class='ocrx_word' id='word_1_4' title='bbox 354 358 501 441; x_wconf 86' lang='lat' dir='ltr'><strong>Principis</strong></span> <span class='ocrx_word' id='word_1_5' title='bbox 530 360 678 422; x_wconf 71' lang='lat' dir='ltr'><strong>tertuum</strong></span> <span class='ocrx_word' id='word_1_6' title='bbox 703 361 781 421; x_wconf 87' lang='lat' dir='ltr'><strong>serio</strong></span> <span class='ocrx_word' id='word_1_7' title='bbox 808 359 903 420; x_wconf 81' lang='lat' dir='ltr'><strong>davit:</strong></span> 
     </span>
     <span class='ocr_line' id='line_1_3' title="bbox 100 453 905 532; baseline 0 -20"><span class='ocrx_word' id='word_1_8' title='bbox 100 470 189 513; x_wconf 86' lang='lat' dir='ltr'><strong>neruo</strong></span> <span class='ocrx_word' id='word_1_9' title='bbox 208 454 376 517; x_wconf 87' lang='lat' dir='ltr'><strong>moriturum</strong></span> <span class='ocrx_word' id='word_1_10' title='bbox 388 454 485 515; x_wconf 80' lang='lat' dir='ltr'><strong>vivere</strong></span> <span class='ocrx_word' id='word_1_11' title='bbox 505 454 631 532; x_wconf 75' lang='lat' dir='ltr'><strong>cupivit:</strong></span> <span class='ocrx_word' id='word_1_12' title='bbox 650 460 804 515; x_wconf 88' lang='lat' dir='ltr'><strong>ostensam</strong></span> <span class='ocrx_word' id='word_1_13' title='bbox 819 453 905 513; x_wconf 90' lang='lat' dir='ltr'><strong>liber·</strong></span> 
     </span>
     <span class='ocr_line' id='line_1_4' title="bbox 99 544 906 625; baseline -0.002 -18"><span class='ocrx_word' id='word_1_14' title='bbox 99 550 190 607; x_wconf 86' lang='lat' dir='ltr'><strong>tatem</strong></span> <span class='ocrx_word' id='word_1_15' title='bbox 210 566 303 608; x_wconf 87' lang='lat' dir='ltr'><strong>sanes</strong></span> <span class='ocrx_word' id='word_1_16' title='bbox 322 544 491 621; x_wconf 87' lang='lat' dir='ltr'><strong>laudabant,</strong></span> <span class='ocrx_word' id='word_1_17' title='bbox 511 548 644 625; x_wconf 90' lang='lat' dir='ltr'><strong>patribus</strong></span> <span class='ocrx_word' id='word_1_18' title='bbox 664 567 820 609; x_wconf 87' lang='lat' dir='ltr'><strong>coarcere</strong></span> <span class='ocrx_word' id='word_1_19' title='bbox 839 566 906 606; x_wconf 86' lang='lat' dir='ltr'><strong>eva·</strong></span> 
     </span>
     <span class='ocr_line' id='line_1_5' title="bbox 101 638 904 716; baseline -0.001 -19"><span class='ocrx_word' id='word_1_20' title='bbox 101 638 181 709; x_wconf 81' lang='lat' dir='ltr'><strong>suris</strong></span> <span class='ocrx_word' id='word_1_21' title='bbox 201 638 252 698; x_wconf 83' lang='lat' dir='ltr'><strong>biii</strong></span> <span class='ocrx_word' id='word_1_22' title='bbox 270 638 506 716; x_wconf 82' lang='lat' dir='ltr'><strong>gratulabantur:</strong></span> <span class='ocrx_word' id='word_1_23' title='bbox 525 640 674 701; x_wconf 89' lang='lat' dir='ltr'><strong>meliorem</strong></span> <span class='ocrx_word' id='word_1_24' title='bbox 688 662 782 702; x_wconf 89' lang='lat' dir='ltr'><strong>rerum</strong></span> <span class='ocrx_word' id='word_1_25' title='bbox 796 644 904 700; x_wconf 89' lang='lat' dir='ltr'><strong>statum</strong></span> 
     </span>
     <span class='ocr_line' id='line_1_6' title="bbox 103 730 906 811; baseline -0.005 -18"><span class='ocrx_word' id='word_1_26' title='bbox 103 750 209 793; x_wconf 89' lang='lat' dir='ltr'><strong>omnes</strong></span> <span class='ocrx_word' id='word_1_27' title='bbox 228 732 401 811; x_wconf 83' lang='lat' dir='ltr'><strong>sperabant.</strong></span> <span class='ocrx_word' id='word_1_28' title='bbox 441 730 593 794; x_wconf 78' lang='lat' dir='ltr'>Basilides</span> <span class='ocrx_word' id='word_1_29' title='bbox 613 753 680 795; x_wconf 89' lang='lat' dir='ltr'><strong>cum</strong></span> <span class='ocrx_word' id='word_1_30' title='bbox 700 734 781 795; x_wconf 82' lang='lat' dir='ltr'><strong>velut</strong></span> <span class='ocrx_word' id='word_1_31' title='bbox 807 733 845 793; x_wconf 92' lang='lat' dir='ltr'><strong>ab</strong></span> <span class='ocrx_word' id='word_1_32' title='bbox 865 732 906 790; x_wconf 90' lang='lat' dir='ltr'><strong>io·</strong></span> 
     </span>
     <span class='ocr_line' id='line_1_7' title="bbox 104 822 917 896; baseline -0.001 -13"><span class='ocrx_word' id='word_1_33' title='bbox 104 824 176 886; x_wconf 85' lang='lat' dir='ltr'><strong>laris</strong></span> <span class='ocrx_word' id='word_1_34' title='bbox 196 826 344 885; x_wconf 81' lang='lat' dir='ltr'><strong>excitatns</strong></span> <span class='ocrx_word' id='word_1_35' title='bbox 364 826 469 886; x_wconf 88' lang='lat' dir='ltr'><strong>iterum</strong></span> <span class='ocrx_word' id='word_1_36' title='bbox 491 824 529 886; x_wconf 90' lang='lat' dir='ltr'><strong>ad</strong></span> <span class='ocrx_word' id='word_1_37' title='bbox 549 847 621 888; x_wconf 87' lang='lat' dir='ltr'><strong>sese</strong></span> <span class='ocrx_word' id='word_1_38' title='bbox 641 826 799 896; x_wconf 76' lang='lat' dir='ltr'><strong>rediisset,</strong></span> <span class='ocrx_word' id='word_1_39' title='bbox 818 823 856 885; x_wconf 89' lang='lat' dir='ltr'><strong>ad</strong></span> <span class='ocrx_word' id='word_1_40' title='bbox 877 822 917 882; x_wconf 79' lang='lat' dir='ltr'><strong>fi.-</strong></span> 
     </span>
     <span class='ocr_line' id='line_1_8' title="bbox 102 915 907 1002; baseline 0.001 -28"><span class='ocrx_word' id='word_1_41' title='bbox 102 915 172 975; x_wconf 84' lang='lat' dir='ltr'><strong>lium</strong></span> <span class='ocrx_word' id='word_1_42' title='bbox 193 936 373 989; x_wconf 85' lang='lat' dir='ltr'><strong>conversus,</strong></span> <span class='ocrx_word' id='word_1_43' title='bbox 393 919 580 992; x_wconf 71' lang='lat' dir='ltr'><strong>exactiones,</strong></span> <span class='ocrx_word' id='word_1_44' title='bbox 600 922 708 1002; x_wconf 91' lang='lat' dir='ltr'><strong>inquit,</strong></span> <span class='ocrx_word' id='word_1_45' title='bbox 730 924 761 979; x_wconf 90' lang='lat' dir='ltr'><strong>et</strong></span> <span class='ocrx_word' id='word_1_46' title='bbox 779 918 907 994; x_wconf 86' lang='lat' dir='ltr'><strong>vectiga-</strong></span> 
     </span>
     <span class='ocr_line' id='line_1_9' title="bbox 102 1008 908 1093; baseline -0.001 -24"><span class='ocrx_word' id='word_1_47' title='bbox 102 1008 158 1078; x_wconf 88' lang='lat' dir='ltr'><strong>lia,</strong></span> <span class='ocrx_word' id='word_1_48' title='bbox 179 1028 256 1087; x_wconf 91' lang='lat' dir='ltr'><strong>quse</strong></span> <span class='ocrx_word' id='word_1_49' title='bbox 275 1011 305 1071; x_wconf 95' lang='lat' dir='ltr'><strong>in</strong></span> <span class='ocrx_word' id='word_1_50' title='bbox 324 1012 489 1092; x_wconf 84' lang='lat' dir='ltr'><strong>provinciis</strong></span> <span class='ocrx_word' id='word_1_51' title='bbox 507 1012 658 1093; x_wconf 86' lang='lat' dir='ltr'><strong>ampliatis</strong></span> <span class='ocrx_word' id='word_1_52' title='bbox 678 1013 822 1074; x_wconf 73' lang='lat' dir='ltr'><strong>reditibus</strong></span> <span class='ocrx_word' id='word_1_53' title='bbox 834 1030 908 1070; x_wconf 89' lang='lat' dir='ltr'><strong>sem·</strong></span> 
     </span>
     <span class='ocr_line' id='line_1_10' title="bbox 103 1101 910 1185; baseline -0.001 -22"><span class='ocrx_word' id='word_1_54' title='bbox 103 1121 157 1181; x_wconf 91' lang='lat' dir='ltr'><strong>per</strong></span> <span class='ocrx_word' id='word_1_55' title='bbox 183 1101 329 1165; x_wconf 85' lang='lat' dir='ltr'><strong>deteriora</strong></span> <span class='ocrx_word' id='word_1_56' title='bbox 355 1104 428 1179; x_wconf 87' lang='lat' dir='ltr'><strong>leci,</strong></span> <span class='ocrx_word' id='word_1_57' title='bbox 453 1105 605 1181; x_wconf 90' lang='lat' dir='ltr'><strong>abolebis,</strong></span> <span class='ocrx_word' id='word_1_58' title='bbox 629 1125 743 1185; x_wconf 88' lang='lat' dir='ltr'><strong>eosque</strong></span> <span class='ocrx_word' id='word_1_59' title='bbox 763 1105 910 1171; x_wconf 80' lang='lat' dir='ltr'><strong>homines,</strong></span> 
     </span>
     <span class='ocr_line' id='line_1_11' title="bbox 104 1196 911 1279; baseline -0.002 -22"><span class='ocrx_word' id='word_1_60' title='bbox 104 1214 182 1275; x_wconf 92' lang='lat' dir='ltr'><strong>quos</strong></span> <span class='ocrx_word' id='word_1_61' title='bbox 201 1196 290 1259; x_wconf 89' lang='lat' dir='ltr'><strong>bonis</strong></span> <span class='ocrx_word' id='word_1_62' title='bbox 308 1199 482 1279; x_wconf 88' lang='lat' dir='ltr'><strong>impotenter</strong></span> <span class='ocrx_word' id='word_1_63' title='bbox 501 1200 587 1259; x_wconf 81' lang='lat' dir='ltr'><strong>exsui</strong></span> <span class='ocrx_word' id='word_1_64' title='bbox 607 1199 667 1259; x_wconf 88' lang='lat' dir='ltr'><strong>tuis</strong></span> <span class='ocrx_word' id='word_1_65' title='bbox 694 1199 785 1277; x_wconf 89' lang='lat' dir='ltr'><strong>regiis</strong></span> <span class='ocrx_word' id='word_1_66' title='bbox 802 1197 911 1279; x_wconf 88' lang='lat' dir='ltr'><strong>opibus</strong></span> 
     </span>
     <span class='ocr_line' id='line_1_12' title="bbox 105 1287 910 1371; baseline -0.005 -20"><span class='ocrx_word' id='word_1_67' title='bbox 105 1287 297 1365; x_wconf 70' lang='lat' dir='ltr'><strong>sublevabis,</strong></span> <span class='ocrx_word' id='word_1_68' title='bbox 327 1296 358 1351; x_wconf 90' lang='lat' dir='ltr'><strong>et</strong></span> <span class='ocrx_word' id='word_1_69' title='bbox 390 1293 515 1371; x_wconf 86' lang='lat' dir='ltr'><strong>captivis</strong></span> <span class='ocrx_word' id='word_1_70' title='bbox 541 1293 628 1352; x_wconf 85' lang='lat' dir='ltr'><strong>etiam</strong></span> <span class='ocrx_word' id='word_1_71' title='bbox 653 1290 691 1351; x_wconf 90' lang='lat' dir='ltr'><strong>ad</strong></span> <span class='ocrx_word' id='word_1_72' title='bbox 711 1312 800 1351; x_wconf 82' lang='lat' dir='ltr'><strong>neum</strong></span> <span class='ocrx_word' id='word_1_73' title='bbox 820 1289 910 1349; x_wconf 91' lang='lat' dir='ltr'><strong>omui·</strong></span> 
     </span>
     <span class='ocr_line' id='line_1_13' title="bbox 106 1380 912 1461; baseline 0 -20"><span class='ocrx_word' id='word_1_74' title='bbox 106 1380 164 1441; x_wconf 89' lang='lat' dir='ltr'><strong>bus</strong></span> <span class='ocrx_word' id='word_1_75' title='bbox 184 1382 358 1443; x_wconf 72' lang='lat' dir='ltr'><strong>missionem</strong></span> <span class='ocrx_word' id='word_1_76' title='bbox 378 1392 409 1443; x_wconf 90' lang='lat' dir='ltr'><strong>et</strong></span> <span class='ocrx_word' id='word_1_77' title='bbox 429 1384 593 1445; x_wconf 87' lang='lat' dir='ltr'><strong>libertatem</strong></span> <span class='ocrx_word' id='word_1_78' title='bbox 609 1384 710 1457; x_wconf 91' lang='lat' dir='ltr'><strong>dabis,</strong></span> <span class='ocrx_word' id='word_1_79' title='bbox 730 1390 761 1445; x_wconf 92' lang='lat' dir='ltr'><strong>et</strong></span> <span class='ocrx_word' id='word_1_80' title='bbox 780 1382 838 1443; x_wconf 90' lang='lat' dir='ltr'><strong>bas</strong></span> <span class='ocrx_word' id='word_1_81' title='bbox 850 1382 912 1461; x_wconf 91' lang='lat' dir='ltr'><strong>qui·</strong></span> 
     </span>
     <span class='ocr_line' id='line_1_14' title="bbox 108 1472 913 1559; baseline 0 -26"><span class='ocrx_word' id='word_1_82' title='bbox 108 1472 177 1533; x_wconf 86' lang='lat' dir='ltr'><strong>doru</strong></span> <span class='ocrx_word' id='word_1_83' title='bbox 196 1476 317 1537; x_wconf 87' lang='lat' dir='ltr'><strong>ultimas</strong></span> <span class='ocrx_word' id='word_1_84' title='bbox 338 1497 444 1555; x_wconf 80' lang='lat' dir='ltr'><strong>preces</strong></span> <span class='ocrx_word' id='word_1_85' title='bbox 465 1498 550 1537; x_wconf 86' lang='lat' dir='ltr'><strong>mens</strong></span> <span class='ocrx_word' id='word_1_86' title='bbox 570 1478 650 1559; x_wconf 88' lang='lat' dir='ltr'><strong>apud</strong></span> <span class='ocrx_word' id='word_1_87' title='bbox 668 1485 700 1538; x_wconf 88' lang='lat' dir='ltr'><strong>te</strong></span> <span class='ocrx_word' id='word_1_88' title='bbox 718 1476 817 1539; x_wconf 84' lang='lat' dir='ltr'><strong>valere</strong></span> <span class='ocrx_word' id='word_1_89' title='bbox 835 1474 913 1546; x_wconf 83' lang='lat' dir='ltr'><strong>volo,</strong></span> 
     </span>
     <span class='ocr_line' id='line_1_15' title="bbox 108 1569 915 1651; baseline -0.004 -22"><span class='ocrx_word' id='word_1_90' title='bbox 108 1586 187 1629; x_wconf 87' lang='lat' dir='ltr'><strong>onoc</strong></span> <span class='ocrx_word' id='word_1_91' title='bbox 207 1569 329 1639; x_wconf 91' lang='lat' dir='ltr'><strong>morior,</strong></span> <span class='ocrx_word' id='word_1_92' title='bbox 350 1570 473 1631; x_wconf 79' lang='lat' dir='ltr'><strong>ert-deos</strong></span> <span class='ocrx_word' id='word_1_93' title='bbox 495 1591 613 1651; x_wconf 88' lang='lat' dir='ltr'><strong>precor,</strong></span> <span class='ocrx_word' id='word_1_94' title='bbox 640 1577 673 1632; x_wconf 91' lang='lat' dir='ltr'><strong>ut</strong></span> <span class='ocrx_word' id='word_1_95' title='bbox 697 1570 751 1632; x_wconf 90' lang='lat' dir='ltr'><strong>tibi</strong></span> <span class='ocrx_word' id='word_1_96' title='bbox 774 1575 915 1629; x_wconf 89' lang='lat' dir='ltr'><strong>terrarum</strong></span> 
     </span>
     <span class='ocr_line' id='line_1_16' title="bbox 108 1658 915 1742; baseline -0.004 -21"><span class='ocrx_word' id='word_1_97' title='bbox 108 1661 236 1721; x_wconf 87' lang='lat' dir='ltr'><strong>omuinm</strong></span> <span class='ocrx_word' id='word_1_98' title='bbox 262 1661 374 1723; x_wconf 86' lang='lat' dir='ltr'><strong>donent</strong></span> <span class='ocrx_word' id='word_1_99' title='bbox 399 1664 561 1742; x_wconf 86' lang='lat' dir='ltr'><strong>imperium.</strong></span> <span class='ocrx_word' id='word_1_100' title='bbox 607 1664 691 1727; x_wconf 92' lang='lat' dir='ltr'><strong>llaec</strong></span> <span class='ocrx_word' id='word_1_101' title='bbox 716 1662 767 1723; x_wconf 88' lang='lat' dir='ltr'><strong>ille</strong></span> <span class='ocrx_word' id='word_1_102' title='bbox 785 1682 853 1721; x_wconf 87' lang='lat' dir='ltr'><strong>cnm</strong></span> <span class='ocrx_word' id='word_1_103' title='bbox 873 1658 915 1718; x_wconf 94' lang='lat' dir='ltr'><strong>di·</strong></span> 
     </span>
     <span class='ocr_line' id='line_1_17' title="bbox 110 1752 914 1836; baseline -0.007 -19"><span class='ocrx_word' id='word_1_104' title='bbox 110 1754 222 1829; x_wconf 82' lang='lat' dir='ltr'><strong>sisset,</strong></span> <span class='ocrx_word' id='word_1_105' title='bbox 244 1756 409 1817; x_wconf 87' lang='lat' dir='ltr'><strong>intertium</strong></span> <span class='ocrx_word' id='word_1_106' title='bbox 429 1756 594 1836; x_wconf 76' lang='lat' dir='ltr'><strong>letbargum</strong></span> <span class='ocrx_word' id='word_1_107' title='bbox 615 1757 727 1825; x_wconf 89' lang='lat' dir='ltr'><strong>incidit.</strong></span> <span class='ocrx_word' id='word_1_108' title='bbox 747 1775 804 1816; x_wconf 89' lang='lat' dir='ltr'><strong>neo</strong></span> <span class='ocrx_word' id='word_1_109' title='bbox 824 1752 914 1814; x_wconf 89' lang='lat' dir='ltr'><strong>multo</strong></span> 
     </span>
     <span class='ocr_line' id='line_1_18' title="bbox 109 1848 916 1927; baseline 0 -21"><span class='ocrx_word' id='word_1_110' title='bbox 109 1852 181 1927; x_wconf 89' lang='lat' dir='ltr'><strong>post</strong></span> <span class='ocrx_word' id='word_1_111' title='bbox 205 1866 270 1907; x_wconf 90' lang='lat' dir='ltr'><strong>cnm</strong></span> <span class='ocrx_word' id='word_1_112' title='bbox 295 1850 406 1925; x_wconf 87' lang='lat' dir='ltr'><strong>gemitu</strong></span> <span class='ocrx_word' id='word_1_113' title='bbox 433 1856 463 1909; x_wconf 90' lang='lat' dir='ltr'><strong>et</strong></span> <span class='ocrx_word' id='word_1_114' title='bbox 490 1850 652 1912; x_wconf 86' lang='lat' dir='ltr'><strong>miserabili</strong></span> <span class='ocrx_word' id='word_1_115' title='bbox 683 1850 768 1909; x_wconf 77' lang='lat' dir='ltr'><strong>noeis</strong></span> <span class='ocrx_word' id='word_1_116' title='bbox 792 1848 916 1907; x_wconf 88' lang='lat' dir='ltr'><strong>reboatu</strong></span> 
     </span>
     <span class='ocr_line' id='line_1_19' title="bbox 109 1940 915 2024; baseline 0 -25"><span class='ocrx_word' id='word_1_117' title='bbox 109 1941 236 2001; x_wconf 86' lang='lat' dir='ltr'><strong>animaru</strong></span> <span class='ocrx_word' id='word_1_118' title='bbox 267 1941 393 2013; x_wconf 82' lang='lat' dir='ltr'><strong>elllurit,</strong></span> <span class='ocrx_word' id='word_1_119' title='bbox 424 1942 629 2024; x_wconf 84' lang='lat' dir='ltr'><strong>disruptisque</strong></span> <span class='ocrx_word' id='word_1_120' title='bbox 659 1943 760 2002; x_wconf 88' lang='lat' dir='ltr'><strong>statim</strong></span> <span class='ocrx_word' id='word_1_121' title='bbox 786 1940 845 2001; x_wconf 89' lang='lat' dir='ltr'><strong>illis</strong></span> <span class='ocrx_word' id='word_1_122' title='bbox 864 1940 915 1999; x_wconf 92' lang='lat' dir='ltr'><strong>ab·</strong></span> 
     </span>
     <span class='ocr_line' id='line_1_20' title="bbox 112 2032 915 2116; baseline -0.002 -23"><span class='ocrx_word' id='word_1_123' title='bbox 112 2032 284 2109; x_wconf 79' lang='lat' dir='ltr'><strong>accesibus,</strong></span> <span class='ocrx_word' id='word_1_124' title='bbox 304 2035 354 2114; x_wconf 89' lang='lat' dir='ltr'><strong>qui</strong></span> <span class='ocrx_word' id='word_1_125' title='bbox 376 2033 516 2115; x_wconf 85' lang='lat' dir='ltr'><strong>pudendo</strong></span> <span class='ocrx_word' id='word_1_126' title='bbox 534 2040 733 2116; x_wconf 89' lang='lat' dir='ltr'><strong>occuparant,</strong></span> <span class='ocrx_word' id='word_1_127' title='bbox 753 2038 836 2095; x_wconf 89' lang='lat' dir='ltr'><strong>tanto</strong></span> <span class='ocrx_word' id='word_1_128' title='bbox 856 2032 915 2092; x_wconf 89' lang='lat' dir='ltr'><strong>loe·</strong></span> 
     </span>
     <span class='ocr_line' id='line_1_21' title="bbox 111 2127 917 2209; baseline -0.001 -24"><span class='ocrx_word' id='word_1_129' title='bbox 111 2132 174 2187; x_wconf 91' lang='lat' dir='ltr'><strong>tore</strong></span> <span class='ocrx_word' id='word_1_130' title='bbox 203 2147 240 2189; x_wconf 83' lang='lat' dir='ltr'><strong>es</strong></span> <span class='ocrx_word' id='word_1_131' title='bbox 264 2128 432 2209; x_wconf 89' lang='lat' dir='ltr'><strong>prollnente</strong></span> <span class='ocrx_word' id='word_1_132' title='bbox 455 2132 540 2189; x_wconf 89' lang='lat' dir='ltr'><strong>sanie</strong></span> <span class='ocrx_word' id='word_1_133' title='bbox 563 2134 655 2189; x_wconf 91' lang='lat' dir='ltr'><strong>totam</strong></span> <span class='ocrx_word' id='word_1_134' title='bbox 675 2148 742 2189; x_wconf 87' lang='lat' dir='ltr'><strong>eam</strong></span> <span class='ocrx_word' id='word_1_135' title='bbox 762 2127 917 2189; x_wconf 85' lang='lat' dir='ltr'><strong>habitatio·</strong></span> 
     </span>
    </p>
   </div>
   <div class='ocr_carea' id='block_1_3' title="bbox 719 189 1137 257">
    <p class='ocr_par' dir='ltr' id='par_1_3' title="bbox 719 189 1137 257">
     <span class='ocr_line' id='line_1_22' title="bbox 719 189 1137 257; baseline 0.005 -2"><span class='ocrx_word' id='word_1_136' title='bbox 719 191 847 257; x_wconf 74' lang='lat' dir='ltr'><strong>rnubl</strong></span> <span class='ocrx_word' id='word_1_137' title='bbox 870 189 1137 257; x_wconf 77' lang='lat' dir='ltr'><strong>comoranti</strong></span> 
     </span>
    </p>
   </div>
   <div class='ocr_carea' id='block_1_4' title="bbox 963 356 1783 2203">
    <p class='ocr_par' dir='ltr' id='par_1_4' title="bbox 963 356 1783 2203">
     <span class='ocr_line' id='line_1_23' title="bbox 964 356 1773 440; baseline -0.006 -22"><span class='ocrx_word' id='word_1_138' title='bbox 964 358 1085 420; x_wconf 82' lang='lat' dir='ltr'><strong>neribus</strong></span> <span class='ocrx_word' id='word_1_139' title='bbox 1115 364 1300 440; x_wconf 88' lang='lat' dir='ltr'><strong>accepturos.</strong></span> <span class='ocrx_word' id='word_1_140' title='bbox 1343 356 1489 429; x_wconf 83' lang='lat' dir='ltr'><strong>Quoniam</strong></span> <span class='ocrx_word' id='word_1_141' title='bbox 1518 361 1619 417; x_wconf 87' lang='lat' dir='ltr'><strong>autem</strong></span> <span class='ocrx_word' id='word_1_142' title='bbox 1647 356 1695 413; x_wconf 88' lang='lat' dir='ltr'><strong>ira</strong></span> <span class='ocrx_word' id='word_1_143' title='bbox 1725 357 1773 415; x_wconf 87' lang='lat' dir='ltr'><strong>im-</strong></span> 
     </span>
     <span class='ocr_line' id='line_1_24' title="bbox 963 448 1774 515; baseline -0.006 -4"><span class='ocrx_word' id='word_1_144' title='bbox 963 452 1096 513; x_wconf 87' lang='lat' dir='ltr'><strong>mortalis</strong></span> <span class='ocrx_word' id='word_1_145' title='bbox 1115 452 1174 513; x_wconf 87' lang='lat' dir='ltr'><strong>Dei</strong></span> <span class='ocrx_word' id='word_1_146' title='bbox 1193 462 1225 513; x_wconf 91' lang='lat' dir='ltr'><strong>et</strong></span> <span class='ocrx_word' id='word_1_147' title='bbox 1242 458 1353 513; x_wconf 70' lang='lat' dir='ltr'><strong>mutum</strong></span> <span class='ocrx_word' id='word_1_148' title='bbox 1374 453 1552 511; x_wconf 86' lang='lat' dir='ltr'><strong>cruciatuum</strong></span> <span class='ocrx_word' id='word_1_149' title='bbox 1574 448 1727 515; x_wconf 86' lang='lat' dir='ltr'><strong>morienti,</strong></span> <span class='ocrx_word' id='word_1_150' title='bbox 1746 454 1774 507; x_wconf 87' lang='lat' dir='ltr'><strong>et</strong></span> 
     </span>
     <span class='ocr_line' id='line_1_25' title="bbox 963 542 1773 607; baseline -0.005 -4"><span class='ocrx_word' id='word_1_151' title='bbox 963 552 1024 605; x_wconf 86' lang='lat' dir='ltr'><strong>tam</strong></span> <span class='ocrx_word' id='word_1_152' title='bbox 1056 545 1185 607; x_wconf 88' lang='lat' dir='ltr'><strong>crudelis</strong></span> <span class='ocrx_word' id='word_1_153' title='bbox 1215 546 1293 606; x_wconf 80' lang='lat' dir='ltr'><strong>ritae</strong></span> <span class='ocrx_word' id='word_1_154' title='bbox 1324 546 1391 605; x_wconf 84' lang='lat' dir='ltr'><strong>buis</strong></span> <span class='ocrx_word' id='word_1_155' title='bbox 1412 544 1522 605; x_wconf 88' lang='lat' dir='ltr'><strong>bomini</strong></span> <span class='ocrx_word' id='word_1_156' title='bbox 1557 542 1773 603; x_wconf 87' lang='lat' dir='ltr'><strong>immanissimo</strong></span> 
     </span>
     <span class='ocr_line' id='line_1_26' title="bbox 963 632 1774 717; baseline -0.01 -18"><span class='ocrx_word' id='word_1_157' title='bbox 963 638 1121 699; x_wconf 84' lang='lat' dir='ltr'><strong>attributus</strong></span> <span class='ocrx_word' id='word_1_158' title='bbox 1142 640 1214 708; x_wconf 80' lang='lat' dir='ltr'><strong>erat,</strong></span> <span class='ocrx_word' id='word_1_159' title='bbox 1234 640 1412 716; x_wconf 84' lang='lat' dir='ltr'><strong>captivorum</strong></span> <span class='ocrx_word' id='word_1_160' title='bbox 1432 637 1550 717; x_wconf 88' lang='lat' dir='ltr'><strong>quidem</strong></span> <span class='ocrx_word' id='word_1_161' title='bbox 1565 635 1652 695; x_wconf 87' lang='lat' dir='ltr'><strong>lictis</strong></span> <span class='ocrx_word' id='word_1_162' title='bbox 1665 632 1774 715; x_wconf 84' lang='lat' dir='ltr'><strong>snppli-</strong></span> 
     </span>
     <span class='ocr_line' id='line_1_27' title="bbox 966 728 1773 807; baseline -0.004 -18"><span class='ocrx_word' id='word_1_163' title='bbox 966 731 1133 791; x_wconf 90' lang='lat' dir='ltr'><strong>cationibus</strong></span> <span class='ocrx_word' id='word_1_164' title='bbox 1155 729 1229 791; x_wconf 91' lang='lat' dir='ltr'><strong>nibil</strong></span> <span class='ocrx_word' id='word_1_165' title='bbox 1249 731 1303 791; x_wconf 83' lang='lat' dir='ltr'><strong>luit</strong></span> <span class='ocrx_word' id='word_1_166' title='bbox 1321 731 1471 801; x_wconf 83' lang='lat' dir='ltr'><strong>ellectum,</strong></span> <span class='ocrx_word' id='word_1_167' title='bbox 1498 742 1529 790; x_wconf 94' lang='lat' dir='ltr'><strong>ot</strong></span> <span class='ocrx_word' id='word_1_168' title='bbox 1549 728 1594 791; x_wconf 90' lang='lat' dir='ltr'><strong>illi</strong></span> <span class='ocrx_word' id='word_1_169' title='bbox 1614 746 1688 788; x_wconf 84' lang='lat' dir='ltr'><strong>cum</strong></span> <span class='ocrx_word' id='word_1_170' title='bbox 1709 736 1773 807; x_wconf 90' lang='lat' dir='ltr'><strong>post</strong></span> 
     </span>
     <span class='ocr_line' id='line_1_28' title="bbox 966 824 1773 899; baseline -0.005 -17"><span class='ocrx_word' id='word_1_171' title='bbox 966 842 1025 882; x_wconf 89' lang='lat' dir='ltr'><strong>non</strong></span> <span class='ocrx_word' id='word_1_172' title='bbox 1053 824 1161 884; x_wconf 88' lang='lat' dir='ltr'><strong>multos</strong></span> <span class='ocrx_word' id='word_1_173' title='bbox 1186 824 1294 885; x_wconf 89' lang='lat' dir='ltr'><strong>deinde</strong></span> <span class='ocrx_word' id='word_1_174' title='bbox 1320 824 1386 885; x_wconf 90' lang='lat' dir='ltr'><strong>dies</strong></span> <span class='ocrx_word' id='word_1_175' title='bbox 1414 826 1444 883; x_wconf 92' lang='lat' dir='ltr'><strong>io</strong></span> <span class='ocrx_word' id='word_1_176' title='bbox 1464 824 1520 883; x_wconf 89' lang='lat' dir='ltr'><strong>bas</strong></span> <span class='ocrx_word' id='word_1_177' title='bbox 1546 830 1649 883; x_wconf 90' lang='lat' dir='ltr'><strong>terras</strong></span> <span class='ocrx_word' id='word_1_178' title='bbox 1671 838 1773 899; x_wconf 83' lang='lat' dir='ltr'><strong>magno</strong></span> 
     </span>
     <span class='ocr_line' id='line_1_29' title="bbox 967 912 1774 992; baseline 0.001 -18"><span class='ocrx_word' id='word_1_179' title='bbox 967 935 1088 976; x_wconf 88' lang='lat' dir='ltr'><strong>numero</strong></span> <span class='ocrx_word' id='word_1_180' title='bbox 1118 917 1329 987; x_wconf 80' lang='lat' dir='ltr'><strong>advenissent,</strong></span> <span class='ocrx_word' id='word_1_181' title='bbox 1357 918 1401 978; x_wconf 89' lang='lat' dir='ltr'><strong>rei</strong></span> <span class='ocrx_word' id='word_1_182' title='bbox 1430 918 1585 976; x_wconf 86' lang='lat' dir='ltr'><strong>veritatem</strong></span> <span class='ocrx_word' id='word_1_183' title='bbox 1620 912 1774 992; x_wconf 80' lang='lat' dir='ltr'><strong>praeclara</strong></span> 
     </span>
     <span class='ocr_line' id='line_1_30' title="bbox 967 1008 1775 1071; baseline -0.005 -2"><span class='ocrx_word' id='word_1_184' title='bbox 967 1027 1023 1069; x_wconf 86' lang='lat' dir='ltr'><strong>sno</strong></span> <span class='ocrx_word' id='word_1_185' title='bbox 1041 1010 1213 1071; x_wconf 90' lang='lat' dir='ltr'><strong>testimonio</strong></span> <span class='ocrx_word' id='word_1_186' title='bbox 1232 1010 1350 1071; x_wconf 86' lang='lat' dir='ltr'><strong>abunde</strong></span> <span class='ocrx_word' id='word_1_187' title='bbox 1370 1010 1456 1070; x_wconf 91' lang='lat' dir='ltr'><strong>nobis</strong></span> <span class='ocrx_word' id='word_1_188' title='bbox 1469 1008 1698 1068; x_wconf 89' lang='lat' dir='ltr'><strong>conlirmsruot.</strong></span> <span class='ocrx_word' id='word_1_189' title='bbox 1728 1008 1775 1066; x_wconf 80' lang='lat' dir='ltr'><strong>At·</strong></span> 
     </span>
     <span class='ocr_line' id='line_1_31' title="bbox 967 1100 1775 1183; baseline -0.004 -22"><span class='ocrx_word' id='word_1_190' title='bbox 967 1122 1025 1181; x_wconf 89' lang='lat' dir='ltr'><strong>que</strong></span> <span class='ocrx_word' id='word_1_191' title='bbox 1045 1101 1093 1163; x_wconf 92' lang='lat' dir='ltr'><strong>bic</strong></span> <span class='ocrx_word' id='word_1_192' title='bbox 1112 1103 1230 1183; x_wconf 81' lang='lat' dir='ltr'><strong>quidem</strong></span> <span class='ocrx_word' id='word_1_193' title='bbox 1252 1109 1301 1163; x_wconf 91' lang='lat' dir='ltr'><strong>est</strong></span> <span class='ocrx_word' id='word_1_194' title='bbox 1319 1106 1419 1165; x_wconf 81' lang='lat' dir='ltr'><strong>esitus</strong></span> <span class='ocrx_word' id='word_1_195' title='bbox 1438 1100 1649 1183; x_wconf 81' lang='lat' dir='ltr'><strong>potentissimi</strong></span> <span class='ocrx_word' id='word_1_196' title='bbox 1668 1108 1702 1159; x_wconf 88' lang='lat' dir='ltr'><strong>et</strong></span> <span class='ocrx_word' id='word_1_197' title='bbox 1719 1118 1775 1158; x_wconf 89' lang='lat' dir='ltr'><strong>crn-</strong></span> 
     </span>
     <span class='ocr_line' id='line_1_32' title="bbox 968 1192 1779 1278; baseline -0.004 -24"><span class='ocrx_word' id='word_1_198' title='bbox 968 1193 1115 1256; x_wconf 86' lang='lat' dir='ltr'><strong>delissirui</strong></span> <span class='ocrx_word' id='word_1_199' title='bbox 1145 1198 1310 1278; x_wconf 86' lang='lat' dir='ltr'><strong>Principis,</strong></span> <span class='ocrx_word' id='word_1_200' title='bbox 1341 1216 1400 1277; x_wconf 93' lang='lat' dir='ltr'><strong>qno</strong></span> <span class='ocrx_word' id='word_1_201' title='bbox 1426 1198 1566 1277; x_wconf 86' lang='lat' dir='ltr'><strong>majorem</strong></span> <span class='ocrx_word' id='word_1_202' title='bbox 1592 1192 1638 1253; x_wconf 88' lang='lat' dir='ltr'><strong>ad</strong></span> <span class='ocrx_word' id='word_1_203' title='bbox 1666 1193 1779 1252; x_wconf 82' lang='lat' dir='ltr'><strong>viciuos</strong></span> 
     </span>
     <span class='ocr_line' id='line_1_33' title="bbox 967 1286 1779 1370; baseline -0.007 -20"><span class='ocrx_word' id='word_1_204' title='bbox 967 1286 1071 1365; x_wconf 79' lang='lat' dir='ltr'><strong>Reges</strong></span> <span class='ocrx_word' id='word_1_205' title='bbox 1090 1295 1181 1369; x_wconf 87' lang='lat' dir='ltr'><strong>atque</strong></span> <span class='ocrx_word' id='word_1_206' title='bbox 1198 1290 1326 1370; x_wconf 87' lang='lat' dir='ltr'><strong>populos</strong></span> <span class='ocrx_word' id='word_1_207' title='bbox 1351 1289 1556 1350; x_wconf 89' lang='lat' dir='ltr'><strong>auctoritatem</strong></span> <span class='ocrx_word' id='word_1_208' title='bbox 1576 1296 1779 1365; x_wconf 84' lang='lat' dir='ltr'><strong>terroremque</strong></span> 
     </span>
     <span class='ocr_line' id='line_1_34' title="bbox 971 1378 1780 1460; baseline -0.001 -18"><span class='ocrx_word' id='word_1_209' title='bbox 971 1388 1058 1442; x_wconf 83' lang='lat' dir='ltr'><strong>obruo</strong></span> <span class='ocrx_word' id='word_1_210' title='bbox 1083 1382 1197 1443; x_wconf 87' lang='lat' dir='ltr'><strong>babuit.</strong></span> <span class='ocrx_word' id='word_1_211' title='bbox 1242 1385 1363 1443; x_wconf 84' lang='lat' dir='ltr'><strong>Statura</strong></span> <span class='ocrx_word' id='word_1_212' title='bbox 1386 1382 1516 1460; x_wconf 90' lang='lat' dir='ltr'><strong>eorporis</strong></span> <span class='ocrx_word' id='word_1_213' title='bbox 1543 1380 1600 1441; x_wconf 87' lang='lat' dir='ltr'><strong>luit</strong></span> <span class='ocrx_word' id='word_1_214' title='bbox 1620 1378 1780 1441; x_wconf 81' lang='lat' dir='ltr'><strong>admodum</strong></span> 
     </span>
     <span class='ocr_line' id='line_1_35' title="bbox 970 1474 1781 1555; baseline -0.004 -20"><span class='ocrx_word' id='word_1_215' title='bbox 970 1474 1107 1548; x_wconf 83' lang='lat' dir='ltr'><strong>excelsa,</strong></span> <span class='ocrx_word' id='word_1_216' title='bbox 1131 1481 1194 1535; x_wconf 91' lang='lat' dir='ltr'><strong>toto</strong></span> <span class='ocrx_word' id='word_1_217' title='bbox 1220 1475 1321 1536; x_wconf 91' lang='lat' dir='ltr'><strong>babitu</strong></span> <span class='ocrx_word' id='word_1_218' title='bbox 1349 1494 1480 1535; x_wconf 89' lang='lat' dir='ltr'><strong>suecoso</strong></span> <span class='ocrx_word' id='word_1_219' title='bbox 1500 1481 1530 1534; x_wconf 89' lang='lat' dir='ltr'><strong>et</strong></span> <span class='ocrx_word' id='word_1_220' title='bbox 1550 1474 1678 1555; x_wconf 83' lang='lat' dir='ltr'><strong>pingui,</strong></span> <span class='ocrx_word' id='word_1_221' title='bbox 1697 1482 1728 1533; x_wconf 91' lang='lat' dir='ltr'><strong>et</strong></span> <span class='ocrx_word' id='word_1_222' title='bbox 1747 1493 1781 1533; x_wconf 86' lang='lat' dir='ltr'><strong>eu</strong></span> 
     </span>
     <span class='ocr_line' id='line_1_36' title="bbox 972 1567 1780 1647; baseline 0 -20"><span class='ocrx_word' id='word_1_223' title='bbox 972 1567 1090 1647; x_wconf 85' lang='lat' dir='ltr'><strong>quidem</strong></span> <span class='ocrx_word' id='word_1_224' title='bbox 1116 1588 1170 1646; x_wconf 93' lang='lat' dir='ltr'><strong>per</strong></span> <span class='ocrx_word' id='word_1_225' title='bbox 1193 1569 1310 1647; x_wconf 78' lang='lat' dir='ltr'><strong>singnis</strong></span> <span class='ocrx_word' id='word_1_226' title='bbox 1338 1568 1466 1629; x_wconf 79' lang='lat' dir='ltr'><strong>nembro</strong></span> <span class='ocrx_word' id='word_1_227' title='bbox 1486 1572 1617 1628; x_wconf 80' lang='lat' dir='ltr'><strong>venusto</strong></span> <span class='ocrx_word' id='word_1_228' title='bbox 1637 1586 1780 1628; x_wconf 84' lang='lat' dir='ltr'><strong>commeo·</strong></span> 
     </span>
     <span class='ocr_line' id='line_1_37' title="bbox 972 1660 1783 1743; baseline 0 -22"><span class='ocrx_word' id='word_1_229' title='bbox 972 1666 1090 1731; x_wconf 81' lang='lat' dir='ltr'><strong>sumto,</strong></span> <span class='ocrx_word' id='word_1_230' title='bbox 1110 1660 1165 1720; x_wconf 91' lang='lat' dir='ltr'><strong>sed</strong></span> <span class='ocrx_word' id='word_1_231' title='bbox 1184 1662 1287 1743; x_wconf 85' lang='lat' dir='ltr'><strong>parvis</strong></span> <span class='ocrx_word' id='word_1_232' title='bbox 1307 1666 1339 1721; x_wconf 92' lang='lat' dir='ltr'><strong>et</strong></span> <span class='ocrx_word' id='word_1_233' title='bbox 1356 1661 1536 1721; x_wconf 77' lang='lat' dir='ltr'><strong>micantibus</strong></span> <span class='ocrx_word' id='word_1_234' title='bbox 1560 1660 1665 1723; x_wconf 90' lang='lat' dir='ltr'><strong>oculis</strong></span> <span class='ocrx_word' id='word_1_235' title='bbox 1683 1680 1703 1721; x_wconf 93' lang='lat' dir='ltr'><strong>a</strong></span> <span class='ocrx_word' id='word_1_236' title='bbox 1722 1661 1783 1721; x_wconf 88' lang='lat' dir='ltr'><strong>bar·</strong></span> 
     </span>
     <span class='ocr_line' id='line_1_38' title="bbox 973 1751 1781 1834; baseline -0.002 -19"><span class='ocrx_word' id='word_1_237' title='bbox 973 1753 1046 1815; x_wconf 88' lang='lat' dir='ltr'><strong>bara</strong></span> <span class='ocrx_word' id='word_1_238' title='bbox 1064 1753 1239 1833; x_wconf 84' lang='lat' dir='ltr'><strong>militarique</strong></span> <span class='ocrx_word' id='word_1_239' title='bbox 1257 1753 1369 1814; x_wconf 80' lang='lat' dir='ltr'><strong>ferocia</strong></span> <span class='ocrx_word' id='word_1_240' title='bbox 1386 1751 1639 1825; x_wconf 83' lang='lat' dir='ltr'><strong>valdeterribiiis,</strong></span> <span class='ocrx_word' id='word_1_241' title='bbox 1658 1764 1691 1815; x_wconf 86' lang='lat' dir='ltr'><strong>st</strong></span> <span class='ocrx_word' id='word_1_242' title='bbox 1706 1752 1781 1834; x_wconf 90' lang='lat' dir='ltr'><strong>quod</strong></span> 
     </span>
     <span class='ocr_line' id='line_1_39' title="bbox 973 1844 1782 1926; baseline 0 -19"><span class='ocrx_word' id='word_1_243' title='bbox 973 1845 1111 1907; x_wconf 83' lang='lat' dir='ltr'><strong>borsines</strong></span> <span class='ocrx_word' id='word_1_244' title='bbox 1135 1848 1288 1926; x_wconf 87' lang='lat' dir='ltr'><strong>sapientes</strong></span> <span class='ocrx_word' id='word_1_245' title='bbox 1313 1844 1578 1907; x_wconf 80' lang='lat' dir='ltr'><strong>vehementissime</strong></span> <span class='ocrx_word' id='word_1_246' title='bbox 1600 1846 1782 1907; x_wconf 84' lang='lat' dir='ltr'><strong>admirabar·</strong></span> 
     </span>
     <span class='ocr_line' id='line_1_40' title="bbox 973 1936 1781 2021; baseline 0.002 -22"><span class='ocrx_word' id='word_1_247' title='bbox 973 1944 1036 2009; x_wconf 92' lang='lat' dir='ltr'><strong>tur,</strong></span> <span class='ocrx_word' id='word_1_248' title='bbox 1058 1938 1097 1999; x_wconf 92' lang='lat' dir='ltr'><strong>ad</strong></span> <span class='ocrx_word' id='word_1_249' title='bbox 1123 1959 1240 1999; x_wconf 87' lang='lat' dir='ltr'><strong>omnem</strong></span> <span class='ocrx_word' id='word_1_250' title='bbox 1269 1936 1408 1999; x_wconf 80' lang='lat' dir='ltr'><strong>fortuitae</strong></span> <span class='ocrx_word' id='word_1_251' title='bbox 1438 1941 1523 2000; x_wconf 87' lang='lat' dir='ltr'><strong>vocis</strong></span> <span class='ocrx_word' id='word_1_252' title='bbox 1543 1942 1665 2021; x_wconf 82' lang='lat' dir='ltr'><strong>jactum</strong></span> <span class='ocrx_word' id='word_1_253' title='bbox 1691 1938 1781 2001; x_wconf 70' lang='lat' dir='ltr'><strong>adase</strong></span> 
     </span>
     <span class='ocr_line' id='line_1_41' title="bbox 974 2030 1777 2112; baseline 0.002 -21"><span class='ocrx_word' id='word_1_254' title='bbox 974 2030 1100 2091; x_wconf 82' lang='lat' dir='ltr'><strong>ridebat.</strong></span> <span class='ocrx_word' id='word_1_255' title='bbox 1145 2030 1223 2093; x_wconf 84' lang='lat' dir='ltr'><strong>Naro</strong></span> <span class='ocrx_word' id='word_1_256' title='bbox 1249 2036 1280 2091; x_wconf 94' lang='lat' dir='ltr'><strong>et</strong></span> <span class='ocrx_word' id='word_1_257' title='bbox 1304 2032 1423 2111; x_wconf 87' lang='lat' dir='ltr'><strong>quoties</strong></span> <span class='ocrx_word' id='word_1_258' title='bbox 1449 2034 1604 2112; x_wconf 86' lang='lat' dir='ltr'><strong>ingentem</strong></span> <span class='ocrx_word' id='word_1_259' title='bbox 1638 2032 1777 2093; x_wconf 85' lang='lat' dir='ltr'><strong>bominum</strong></span> 
     </span>
     <span class='ocr_line' id='line_1_42' title="bbox 973 2123 1775 2203; baseline 0 -20"><span class='ocrx_word' id='word_1_260' title='bbox 973 2123 1187 2184; x_wconf 87' lang='lat' dir='ltr'><strong>multitudinem</strong></span> <span class='ocrx_word' id='word_1_261' title='bbox 1213 2124 1373 2185; x_wconf 72' lang='lat' dir='ltr'><strong>miserabili</strong></span> <span class='ocrx_word' id='word_1_262' title='bbox 1399 2136 1499 2203; x_wconf 89' lang='lat' dir='ltr'><strong>strage</strong></span> <span class='ocrx_word' id='word_1_263' title='bbox 1525 2124 1614 2185; x_wconf 89' lang='lat' dir='ltr'><strong>edita</strong></span> <span class='ocrx_word' id='word_1_264' title='bbox 1641 2124 1723 2187; x_wconf 83' lang='lat' dir='ltr'><strong>loede</strong></span> <span class='ocrx_word' id='word_1_265' title='bbox 1747 2136 1775 2185; x_wconf 87' lang='lat' dir='ltr'><strong>et</strong></span> 
     </span>
    </p>
   </div>
   <div class='ocr_carea' id='block_1_5' title="bbox 111 2200 1792 4720">
    <p class='ocr_par' dir='ltr' id='par_1_5' title="bbox 111 2200 1792 4720">
     <span class='ocr_line' id='line_1_43' title="bbox 111 2200 1780 2302; baseline -0.001 -23"><span class='ocrx_word' id='word_1_266' title='bbox 111 2240 178 2281; x_wconf 86' lang='lat' dir='ltr'><strong>nem</strong></span> <span class='ocrx_word' id='word_1_267' title='bbox 212 2220 360 2301; x_wconf 86' lang='lat' dir='ltr'><strong>implevit,</strong></span> <span class='ocrx_word' id='word_1_268' title='bbox 390 2227 423 2281; x_wconf 95' lang='lat' dir='ltr'><strong>nt</strong></span> <span class='ocrx_word' id='word_1_269' title='bbox 452 2221 622 2296; x_wconf 86' lang='lat' dir='ltr'><strong>adstantes,</strong></span> <span class='ocrx_word' id='word_1_270' title='bbox 651 2224 703 2301; x_wconf 92' lang='lat' dir='ltr'><strong>qui</strong></span> <span class='ocrx_word' id='word_1_271' title='bbox 731 2240 752 2282; x_wconf 85' lang='lat' dir='ltr'><strong>a</strong></span> <span class='ocrx_word' id='word_1_272' title='bbox 776 2219 918 2301; x_wconf 88' lang='lat' dir='ltr'><strong>pestilera</strong></span> <span class='ocrx_word' id='word_1_273' title='bbox 943 2200 947 2291; x_wconf 62' lang='lat' dir='ltr'>J</span> <span class='ocrx_word' id='word_1_274' title='bbox 974 2218 1118 2278; x_wconf 79' lang='lat' dir='ltr'><strong>uiolenter</strong></span> <span class='ocrx_word' id='word_1_275' title='bbox 1136 2218 1295 2278; x_wconf 86' lang='lat' dir='ltr'><strong>lacerabat.</strong></span> <span class='ocrx_word' id='word_1_276' title='bbox 1316 2218 1406 2277; x_wconf 88' lang='lat' dir='ltr'><strong>toties</strong></span> <span class='ocrx_word' id='word_1_277' title='bbox 1425 2216 1532 2278; x_wconf 88' lang='lat' dir='ltr'><strong>ridenti</strong></span> <span class='ocrx_word' id='word_1_278' title='bbox 1553 2219 1668 2280; x_wconf 84' lang='lat' dir='ltr'><strong>similis</strong></span> <span class='ocrx_word' id='word_1_279' title='bbox 1683 2222 1780 2302; x_wconf 72' lang='lat' dir='ltr'><strong>jnmu</strong></span> 
     </span>
     <span class='ocr_line' id='line_1_44' title="bbox 112 2298 1783 2394; baseline 0.001 -23"><span class='ocrx_word' id='word_1_280' title='bbox 112 2311 183 2371; x_wconf 88' lang='lat' dir='ltr'><strong>tabe</strong></span> <span class='ocrx_word' id='word_1_281' title='bbox 207 2312 284 2372; x_wconf 85' lang='lat' dir='ltr'><strong>inboi</strong></span> <span class='ocrx_word' id='word_1_282' title='bbox 312 2312 438 2385; x_wconf 87' lang='lat' dir='ltr'><strong>nollent,</strong></span> <span class='ocrx_word' id='word_1_283' title='bbox 465 2315 561 2393; x_wconf 89' lang='lat' dir='ltr'><strong>plenis</strong></span> <span class='ocrx_word' id='word_1_284' title='bbox 587 2315 730 2394; x_wconf 88' lang='lat' dir='ltr'><strong>passibus</strong></span> <span class='ocrx_word' id='word_1_285' title='bbox 757 2334 794 2374; x_wconf 90' lang='lat' dir='ltr'><strong>eo</strong></span> <span class='ocrx_word' id='word_1_286' title='bbox 814 2314 916 2375; x_wconf 87' lang='lat' dir='ltr'><strong>relicto</strong></span> <span class='ocrx_word' id='word_1_287' title='bbox 943 2298 947 2377; x_wconf 82' lang='lat' dir='ltr'><strong>l</strong></span> <span class='ocrx_word' id='word_1_288' title='bbox 973 2310 1099 2372; x_wconf 84' lang='lat' dir='ltr'><strong>dissimo</strong></span> <span class='ocrx_word' id='word_1_289' title='bbox 1123 2309 1285 2391; x_wconf 85' lang='lat' dir='ltr'><strong>voluptatis</strong></span> <span class='ocrx_word' id='word_1_290' title='bbox 1311 2329 1404 2370; x_wconf 88' lang='lat' dir='ltr'><strong>seusu</strong></span> <span class='ocrx_word' id='word_1_291' title='bbox 1422 2311 1608 2372; x_wconf 84' lang='lat' dir='ltr'><strong>traebantnr.</strong></span> <span class='ocrx_word' id='word_1_292' title='bbox 1658 2311 1783 2375; x_wconf 81' lang='lat' dir='ltr'><strong>Naturae</strong></span> 
     </span>
     <span class='ocr_line' id='line_1_45' title="bbox 113 2390 1781 2483; baseline 0.002 -20"><span class='ocrx_word' id='word_1_293' title='bbox 113 2402 303 2481; x_wconf 74' lang='lat' dir='ltr'><strong>diffugerent3</strong></span> <span class='ocrx_word' id='word_1_294' title='bbox 329 2404 463 2467; x_wconf 87' lang='lat' dir='ltr'><strong>decessit</strong></span> <span class='ocrx_word' id='word_1_295' title='bbox 487 2405 526 2467; x_wconf 76' lang='lat'><strong>28</strong></span> <span class='ocrx_word' id='word_1_296' title='bbox 552 2405 600 2466; x_wconf 90' lang='lat' dir='ltr'><strong>die</strong></span> <span class='ocrx_word' id='word_1_297' title='bbox 630 2406 747 2480; x_wconf 83' lang='lat' dir='ltr'><strong>Martii,</strong></span> <span class='ocrx_word' id='word_1_298' title='bbox 769 2427 848 2467; x_wconf 90' lang='lat' dir='ltr'><strong>anno</strong></span> <span class='ocrx_word' id='word_1_299' title='bbox 867 2426 916 2467; x_wconf 89' lang='lat' dir='ltr'><strong>su·</strong></span> <span class='ocrx_word' id='word_1_300' title='bbox 943 2390 947 2479; x_wconf 75' lang='lat' dir='ltr'><strong>l</strong></span> <span class='ocrx_word' id='word_1_301' title='bbox 974 2403 1120 2465; x_wconf 81' lang='lat' dir='ltr'><strong>beneficio</strong></span> <span class='ocrx_word' id='word_1_302' title='bbox 1138 2401 1338 2463; x_wconf 80' lang='lat' dir='ltr'><strong>admirabilem</strong></span> <span class='ocrx_word' id='word_1_303' title='bbox 1358 2403 1468 2481; x_wconf 85' lang='lat' dir='ltr'><strong>ingenii</strong></span> <span class='ocrx_word' id='word_1_304' title='bbox 1486 2408 1608 2483; x_wconf 87' lang='lat' dir='ltr'><strong>captum</strong></span> <span class='ocrx_word' id='word_1_305' title='bbox 1631 2404 1666 2465; x_wconf 84' lang='lat' dir='ltr'><strong>et</strong></span> <span class='ocrx_word' id='word_1_306' title='bbox 1684 2424 1781 2466; x_wconf 78' lang='lat' dir='ltr'><strong>meme</strong></span> 
     </span>
     <span class='ocr_line' id='line_1_46' title="bbox 113 2494 1783 2580; baseline 0 -25"><span class='ocrx_word' id='word_1_307' title='bbox 113 2516 167 2577; x_wconf 89' lang='lat' dir='ltr'><strong>pra</strong></span> <span class='ocrx_word' id='word_1_308' title='bbox 186 2494 271 2571; x_wconf 73' lang='lat'><strong>158⁴,</strong></span> <span class='ocrx_word' id='word_1_309' title='bbox 296 2497 367 2557; x_wconf 80' lang='lat' dir='ltr'><strong>nisit</strong></span> <span class='ocrx_word' id='word_1_310' title='bbox 391 2519 486 2559; x_wconf 91' lang='lat' dir='ltr'><strong>annos</strong></span> <span class='ocrx_word' id='word_1_311' title='bbox 514 2518 569 2558; x_wconf 87' lang='lat' dir='ltr'><strong>sex</strong></span> <span class='ocrx_word' id='word_1_312' title='bbox 593 2506 623 2559; x_wconf 93' lang='lat' dir='ltr'><strong>et</strong></span> <span class='ocrx_word' id='word_1_313' title='bbox 645 2500 867 2580; x_wconf 86' lang='lat' dir='ltr'><strong>qninquaginta,</strong></span> <span class='ocrx_word' id='word_1_314' title='bbox 887 2502 918 2557; x_wconf 91' lang='lat' dir='ltr'><strong>et</strong></span> <span class='ocrx_word' id='word_1_315' title='bbox 974 2498 1045 2557; x_wconf 70' lang='lat' dir='ltr'><strong>mam</strong></span> <span class='ocrx_word' id='word_1_316' title='bbox 1067 2514 1162 2556; x_wconf 87' lang='lat' dir='ltr'><strong>rernm</strong></span> <span class='ocrx_word' id='word_1_317' title='bbox 1182 2496 1313 2555; x_wconf 87' lang='lat' dir='ltr'><strong>omnium</strong></span> <span class='ocrx_word' id='word_1_318' title='bbox 1332 2495 1510 2575; x_wconf 81' lang='lat' dir='ltr'><strong>aiugrdarem</strong></span> <span class='ocrx_word' id='word_1_319' title='bbox 1531 2496 1684 2575; x_wconf 84' lang='lat' dir='ltr'><strong>babebat,</strong></span> <span class='ocrx_word' id='word_1_320' title='bbox 1703 2500 1743 2561; x_wconf 90' lang='lat' dir='ltr'><strong>ita</strong></span> <span class='ocrx_word' id='word_1_321' title='bbox 1759 2508 1783 2557; x_wconf 91' lang='lat' dir='ltr'><strong>nt</strong></span> 
     </span>
     <span class='ocr_line' id='line_1_47' title="bbox 113 2588 1784 2671; baseline 0 -20"><span class='ocrx_word' id='word_1_322' title='bbox 113 2594 231 2671; x_wconf 87' lang='lat' dir='ltr'><strong>septem</strong></span> <span class='ocrx_word' id='word_1_323' title='bbox 250 2608 381 2649; x_wconf 87' lang='lat' dir='ltr'><strong>menses.</strong></span> <span class='ocrx_word' id='word_1_324' title='bbox 406 2590 465 2653; x_wconf 88' lang='lat' dir='ltr'><strong>Ubi</strong></span> <span class='ocrx_word' id='word_1_325' title='bbox 485 2590 540 2651; x_wconf 86' lang='lat' dir='ltr'><strong>luit</strong></span> <span class='ocrx_word' id='word_1_326' title='bbox 558 2593 588 2651; x_wconf 91' lang='lat' dir='ltr'><strong>in</strong></span> <span class='ocrx_word' id='word_1_327' title='bbox 610 2592 758 2670; x_wconf 91' lang='lat' dir='ltr'><strong>pnblioum</strong></span> <span class='ocrx_word' id='word_1_328' title='bbox 780 2590 819 2651; x_wconf 92' lang='lat' dir='ltr'><strong>de</strong></span> <span class='ocrx_word' id='word_1_329' title='bbox 837 2589 918 2651; x_wconf 94' lang='lat' dir='ltr'><strong>illias</strong></span> <span class='ocrx_word' id='word_1_330' title='bbox 975 2591 1106 2651; x_wconf 88' lang='lat' dir='ltr'><strong>omnium</strong></span> <span class='ocrx_word' id='word_1_331' title='bbox 1124 2589 1304 2668; x_wconf 86' lang='lat' dir='ltr'><strong>captivorum</strong></span> <span class='ocrx_word' id='word_1_332' title='bbox 1324 2608 1362 2648; x_wconf 84' lang='lat' dir='ltr'><strong>ea</strong></span> <span class='ocrx_word' id='word_1_333' title='bbox 1381 2588 1515 2649; x_wconf 86' lang='lat' dir='ltr'><strong>omuibus</strong></span> <span class='ocrx_word' id='word_1_334' title='bbox 1529 2590 1716 2653; x_wconf 75' lang='lat' dir='ltr'><strong>osfiooibus</strong></span> <span class='ocrx_word' id='word_1_335' title='bbox 1743 2610 1784 2651; x_wconf 73' lang='lat' dir='ltr'><strong>ss</strong></span> 
     </span>
     <span class='ocr_line' id='line_1_48' title="bbox 115 2682 1784 2758; baseline 0.002 -14"><span class='ocrx_word' id='word_1_336' title='bbox 115 2688 208 2745; x_wconf 90' lang='lat' dir='ltr'><strong>morto</strong></span> <span class='ocrx_word' id='word_1_337' title='bbox 228 2683 349 2743; x_wconf 92' lang='lat' dir='ltr'><strong>nuntius</strong></span> <span class='ocrx_word' id='word_1_338' title='bbox 367 2682 492 2758; x_wconf 90' lang='lat' dir='ltr'><strong>allatus,</strong></span> <span class='ocrx_word' id='word_1_339' title='bbox 518 2685 602 2745; x_wconf 88' lang='lat' dir='ltr'><strong>cives</strong></span> <span class='ocrx_word' id='word_1_340' title='bbox 621 2705 657 2747; x_wconf 89' lang='lat' dir='ltr'><strong>sa</strong></span> <span class='ocrx_word' id='word_1_341' title='bbox 678 2686 814 2747; x_wconf 69' lang='lat' dir='ltr'><strong>luentia</strong></span> <span class='ocrx_word' id='word_1_342' title='bbox 836 2682 917 2745; x_wconf 89' lang='lat' dir='ltr'><strong>dedi·</strong></span> <span class='ocrx_word' id='word_1_343' title='bbox 976 2684 1055 2744; x_wconf 89' lang='lat' dir='ltr'><strong>mins</strong></span> <span class='ocrx_word' id='word_1_344' title='bbox 1083 2682 1278 2742; x_wconf 84' lang='lat' dir='ltr'><strong>exactissime</strong></span> <span class='ocrx_word' id='word_1_345' title='bbox 1305 2683 1397 2743; x_wconf 84' lang='lat' dir='ltr'><strong>sciret</strong></span> <span class='ocrx_word' id='word_1_346' title='bbox 1421 2688 1453 2742; x_wconf 90' lang='lat' dir='ltr'><strong>et</strong></span> <span class='ocrx_word' id='word_1_347' title='bbox 1468 2683 1624 2744; x_wconf 80' lang='lat' dir='ltr'><strong>recitaret.</strong></span> <span class='ocrx_word' id='word_1_348' title='bbox 1669 2684 1784 2748; x_wconf 73' lang='lat' dir='ltr'><strong>seule</strong></span> 
     </span>
     <span class='ocr_line' id='line_1_49' title="bbox 115 2772 1786 2861; baseline -0.001 -24"><span class='ocrx_word' id='word_1_349' title='bbox 115 2774 239 2853; x_wconf 89' lang='lat' dir='ltr'><strong>derunt,</strong></span> <span class='ocrx_word' id='word_1_350' title='bbox 267 2778 468 2857; x_wconf 78' lang='lat' dir='ltr'><strong>plangereque</strong></span> <span class='ocrx_word' id='word_1_351' title='bbox 496 2786 527 2837; x_wconf 92' lang='lat' dir='ltr'><strong>et</strong></span> <span class='ocrx_word' id='word_1_352' title='bbox 556 2777 668 2861; x_wconf 85' lang='lat' dir='ltr'><strong>ejulatu</strong></span> <span class='ocrx_word' id='word_1_353' title='bbox 697 2784 788 2839; x_wconf 88' lang='lat' dir='ltr'><strong>totam</strong></span> <span class='ocrx_word' id='word_1_354' title='bbox 817 2779 919 2839; x_wconf 86' lang='lat' dir='ltr'><strong>urbem</strong></span> <span class='ocrx_word' id='word_1_355' title='bbox 977 2778 1089 2855; x_wconf 88' lang='lat' dir='ltr'><strong>batque</strong></span> <span class='ocrx_word' id='word_1_356' title='bbox 1114 2772 1275 2845; x_wconf 86' lang='lat' dir='ltr'><strong>interdum,</strong></span> <span class='ocrx_word' id='word_1_357' title='bbox 1299 2781 1333 2835; x_wconf 93' lang='lat' dir='ltr'><strong>nt</strong></span> <span class='ocrx_word' id='word_1_358' title='bbox 1359 2774 1534 2855; x_wconf 85' lang='lat' dir='ltr'><strong>quibusdam</strong></span> <span class='ocrx_word' id='word_1_359' title='bbox 1560 2774 1786 2841; x_wconf 69' lang='lat' dir='ltr'><strong>libertatemr</strong></span> 
     </span>
     <span class='ocr_line' id='line_1_50' title="bbox 115 2867 1787 2952; baseline -0.002 -21"><span class='ocrx_word' id='word_1_360' title='bbox 115 2870 344 2952; x_wconf 81' lang='lat' dir='ltr'><strong>compleverunt.</strong></span> <span class='ocrx_word' id='word_1_361' title='bbox 385 2868 451 2930; x_wconf 91' lang='lat' dir='ltr'><strong>Sibi</strong></span> <span class='ocrx_word' id='word_1_362' title='bbox 472 2868 600 2950; x_wconf 86' lang='lat' dir='ltr'><strong>quisque</strong></span> <span class='ocrx_word' id='word_1_363' title='bbox 625 2877 695 2933; x_wconf 88' lang='lat' dir='ltr'><strong>ante</strong></span> <span class='ocrx_word' id='word_1_364' title='bbox 713 2871 818 2933; x_wconf 89' lang='lat' dir='ltr'><strong>oculos</strong></span> <span class='ocrx_word' id='word_1_365' title='bbox 841 2871 921 2931; x_wconf 88' lang='lat' dir='ltr'><strong>obsi-</strong></span> <span class='ocrx_word' id='word_1_366' title='bbox 979 2868 1103 2931; x_wconf 87' lang='lat' dir='ltr'><strong>reditum</strong></span> <span class='ocrx_word' id='word_1_367' title='bbox 1134 2869 1165 2928; x_wconf 90' lang='lat' dir='ltr'><strong>io</strong></span> <span class='ocrx_word' id='word_1_368' title='bbox 1195 2867 1318 2948; x_wconf 90' lang='lat' dir='ltr'><strong>patriam</strong></span> <span class='ocrx_word' id='word_1_369' title='bbox 1353 2868 1563 2930; x_wconf 87' lang='lat' dir='ltr'><strong>liberalissime</strong></span> <span class='ocrx_word' id='word_1_370' title='bbox 1596 2870 1787 2932; x_wconf 84' lang='lat' dir='ltr'><strong>concederet:</strong></span> 
     </span>
     <span class='ocr_line' id='line_1_51' title="bbox 116 2962 1785 3045; baseline 0.001 -22"><span class='ocrx_word' id='word_1_371' title='bbox 116 2962 248 3039; x_wconf 87' lang='lat' dir='ltr'><strong>dionem,</strong></span> <span class='ocrx_word' id='word_1_372' title='bbox 275 2963 477 3042; x_wconf 82' lang='lat' dir='ltr'><strong>captivitatem</strong></span> <span class='ocrx_word' id='word_1_373' title='bbox 498 2972 529 3021; x_wconf 90' lang='lat' dir='ltr'><strong>et</strong></span> <span class='ocrx_word' id='word_1_374' title='bbox 554 2962 660 3025; x_wconf 87' lang='lat' dir='ltr'><strong>hostes</strong></span> <span class='ocrx_word' id='word_1_375' title='bbox 679 2967 799 3026; x_wconf 82' lang='lat' dir='ltr'><strong>vicinos</strong></span> <span class='ocrx_word' id='word_1_376' title='bbox 816 2984 922 3045; x_wconf 90' lang='lat' dir='ltr'><strong>propo·</strong></span> <span class='ocrx_word' id='word_1_377' title='bbox 979 2969 1041 3023; x_wconf 88' lang='lat' dir='ltr'><strong>tum</strong></span> <span class='ocrx_word' id='word_1_378' title='bbox 1061 2962 1089 3022; x_wconf 89' lang='lat' dir='ltr'><strong>si</strong></span> <span class='ocrx_word' id='word_1_379' title='bbox 1108 2980 1196 3040; x_wconf 89' lang='lat' dir='ltr'><strong>quern</strong></span> <span class='ocrx_word' id='word_1_380' title='bbox 1217 2962 1295 3021; x_wconf 87' lang='lat' dir='ltr'><strong>omni</strong></span> <span class='ocrx_word' id='word_1_381' title='bbox 1317 2963 1347 3021; x_wconf 91' lang='lat' dir='ltr'><strong>in</strong></span> <span class='ocrx_word' id='word_1_382' title='bbox 1367 2982 1487 3023; x_wconf 83' lang='lat' dir='ltr'><strong>numero</strong></span> <span class='ocrx_word' id='word_1_383' title='bbox 1497 2963 1658 3043; x_wconf 81' lang='lat' dir='ltr'><strong>paruulum</strong></span> <span class='ocrx_word' id='word_1_384' title='bbox 1671 2972 1723 3026; x_wconf 87' lang='lat' dir='ltr'><strong>aut</strong></span> <span class='ocrx_word' id='word_1_385' title='bbox 1740 2964 1785 3024; x_wconf 77' lang='lat' dir='ltr'><strong>lae—</strong></span> 
     </span>
     <span class='ocr_line' id='line_1_52' title="bbox 118 3055 1786 3139; baseline -0.002 -23"><span class='ocrx_word' id='word_1_386' title='bbox 118 3056 222 3129; x_wconf 90' lang='lat' dir='ltr'><strong>uebat,</strong></span> <span class='ocrx_word' id='word_1_387' title='bbox 250 3057 312 3137; x_wconf 86' lang='lat' dir='ltr'><strong>jam</strong></span> <span class='ocrx_word' id='word_1_388' title='bbox 346 3056 459 3115; x_wconf 88' lang='lat' dir='ltr'><strong>ruinam</strong></span> <span class='ocrx_word' id='word_1_389' title='bbox 487 3055 537 3115; x_wconf 90' lang='lat' dir='ltr'><strong>sui</strong></span> <span class='ocrx_word' id='word_1_390' title='bbox 561 3058 691 3138; x_wconf 89' lang='lat' dir='ltr'><strong>imperii,</strong></span> <span class='ocrx_word' id='word_1_391' title='bbox 712 3060 777 3139; x_wconf 84' lang='lat' dir='ltr'><strong>jam</strong></span> <span class='ocrx_word' id='word_1_392' title='bbox 796 3057 923 3117; x_wconf 85' lang='lat' dir='ltr'><strong>miserri-</strong></span> <span class='ocrx_word' id='word_1_393' title='bbox 979 3057 1086 3116; x_wconf 85' lang='lat' dir='ltr'><strong>minem</strong></span> <span class='ocrx_word' id='word_1_394' title='bbox 1111 3074 1201 3113; x_wconf 88' lang='lat' dir='ltr'><strong>noum</strong></span> <span class='ocrx_word' id='word_1_395' title='bbox 1227 3073 1285 3113; x_wconf 92' lang='lat' dir='ltr'><strong>non</strong></span> <span class='ocrx_word' id='word_1_396' title='bbox 1312 3055 1493 3129; x_wconf 84' lang='lat' dir='ltr'><strong>invenisset,</strong></span> <span class='ocrx_word' id='word_1_397' title='bbox 1519 3074 1578 3115; x_wconf 85' lang='lat' dir='ltr'><strong>uec</strong></span> <span class='ocrx_word' id='word_1_398' title='bbox 1609 3058 1726 3117; x_wconf 82' lang='lat' dir='ltr'><strong>scribae</strong></span> <span class='ocrx_word' id='word_1_399' title='bbox 1749 3056 1786 3114; x_wconf 86' lang='lat' dir='ltr'><strong>de</strong></span> 
     </span>
     <span class='ocr_line' id='line_1_53' title="bbox 118 3146 1779 3230; baseline -0.001 -23"><span class='ocrx_word' id='word_1_400' title='bbox 118 3167 193 3209; x_wconf 85' lang='lat' dir='ltr'><strong>mam</strong></span> <span class='ocrx_word' id='word_1_401' title='bbox 223 3148 393 3209; x_wconf 84' lang='lat' dir='ltr'><strong>servitutem</strong></span> <span class='ocrx_word' id='word_1_402' title='bbox 413 3146 621 3219; x_wconf 88' lang='lat' dir='ltr'><strong>recordantes,</strong></span> <span class='ocrx_word' id='word_1_403' title='bbox 645 3151 799 3230; x_wconf 81' lang='lat' dir='ltr'><strong>magisque</strong></span> <span class='ocrx_word' id='word_1_404' title='bbox 818 3170 921 3210; x_wconf 88' lang='lat' dir='ltr'><strong>omnes</strong></span> <span class='ocrx_word' id='word_1_405' title='bbox 980 3149 1093 3208; x_wconf 86' lang='lat' dir='ltr'><strong>smisso</strong></span> <span class='ocrx_word' id='word_1_406' title='bbox 1126 3147 1271 3207; x_wconf 89' lang='lat' dir='ltr'><strong>rationem</strong></span> <span class='ocrx_word' id='word_1_407' title='bbox 1308 3148 1408 3209; x_wconf 86' lang='lat' dir='ltr'><strong>statim</strong></span> <span class='ocrx_word' id='word_1_408' title='bbox 1441 3146 1571 3209; x_wconf 83' lang='lat' dir='ltr'><strong>reddere</strong></span> <span class='ocrx_word' id='word_1_409' title='bbox 1607 3151 1779 3229; x_wconf 77' lang='lat' dir='ltr'><strong>potuissent,</strong></span> 
     </span>
     <span class='ocr_line' id='line_1_54' title="bbox 117 3238 1782 3321; baseline -0.002 -20"><span class='ocrx_word' id='word_1_410' title='bbox 117 3238 283 3321; x_wconf 88' lang='lat' dir='ltr'><strong>publicam,</strong></span> <span class='ocrx_word' id='word_1_411' title='bbox 310 3260 397 3319; x_wconf 90' lang='lat' dir='ltr'><strong>quarn</strong></span> <span class='ocrx_word' id='word_1_412' title='bbox 426 3242 568 3320; x_wconf 78' lang='lat' dir='ltr'><strong>privatam</strong></span> <span class='ocrx_word' id='word_1_413' title='bbox 598 3241 742 3303; x_wconf 87' lang='lat' dir='ltr'><strong>lortnoam</strong></span> <span class='ocrx_word' id='word_1_414' title='bbox 763 3242 921 3305; x_wconf 84' lang='lat' dir='ltr'><strong>dedebant</strong></span> <span class='ocrx_word' id='word_1_415' title='bbox 981 3241 1120 3301; x_wconf 76' lang='lat' dir='ltr'><strong>mutiano</strong></span> <span class='ocrx_word' id='word_1_416' title='bbox 1140 3259 1197 3300; x_wconf 90' lang='lat' dir='ltr'><strong>eos</strong></span> <span class='ocrx_word' id='word_1_417' title='bbox 1214 3244 1267 3299; x_wconf 88' lang='lat' dir='ltr'><strong>aut</strong></span> <span class='ocrx_word' id='word_1_418' title='bbox 1285 3238 1363 3299; x_wconf 87' lang='lat' dir='ltr'><strong>lerro</strong></span> <span class='ocrx_word' id='word_1_419' title='bbox 1381 3242 1629 3309; x_wconf 84' lang='lat' dir='ltr'><strong>transverberare,</strong></span> <span class='ocrx_word' id='word_1_420' title='bbox 1646 3244 1697 3299; x_wconf 88' lang='lat' dir='ltr'><strong>aut</strong></span> <span class='ocrx_word' id='word_1_421' title='bbox 1716 3258 1782 3299; x_wconf 88' lang='lat' dir='ltr'><strong>crn-</strong></span> 
     </span>
     <span class='ocr_line' id='line_1_55' title="bbox 120 3320 1789 3411; baseline -0.001 -18"><span class='ocrx_word' id='word_1_422' title='bbox 120 3332 287 3411; x_wconf 79' lang='lat' dir='ltr'><strong>l&#39;rigesiruo</strong></span> <span class='ocrx_word' id='word_1_423' title='bbox 312 3332 413 3393; x_wconf 87' lang='lat' dir='ltr'><strong>lllartii</strong></span> <span class='ocrx_word' id='word_1_424' title='bbox 438 3332 487 3393; x_wconf 92' lang='lat' dir='ltr'><strong>die</strong></span> <span class='ocrx_word' id='word_1_425' title='bbox 514 3354 551 3393; x_wconf 84' lang='lat' dir='ltr'><strong>es</strong></span> <span class='ocrx_word' id='word_1_426' title='bbox 575 3333 644 3393; x_wconf 88' lang='lat' dir='ltr'><strong>anls</strong></span> <span class='ocrx_word' id='word_1_427' title='bbox 672 3320 748 3395; x_wconf 81' lang='lat' dir='ltr'><strong>cum‘</strong></span> <span class='ocrx_word' id='word_1_428' title='bbox 757 3334 923 3397; x_wconf 87' lang='lat' dir='ltr'><strong>incredibili</strong></span> <span class='ocrx_word' id='word_1_429' title='bbox 981 3332 1090 3395; x_wconf 89' lang='lat' dir='ltr'><strong>deliter</strong></span> <span class='ocrx_word' id='word_1_430' title='bbox 1108 3338 1237 3394; x_wconf 89' lang='lat' dir='ltr'><strong>mactare</strong></span> <span class='ocrx_word' id='word_1_431' title='bbox 1256 3333 1383 3394; x_wconf 82' lang='lat' dir='ltr'><strong>solebat</strong></span> <span class='ocrx_word' id='word_1_432' title='bbox 1424 3331 1555 3404; x_wconf 83' lang='lat' dir='ltr'><strong>Quande</strong></span> <span class='ocrx_word' id='word_1_433' title='bbox 1571 3334 1647 3395; x_wconf 85' lang='lat' dir='ltr'><strong>euim</strong></span> <span class='ocrx_word' id='word_1_434' title='bbox 1666 3333 1789 3394; x_wconf 87' lang='lat' dir='ltr'><strong>miseris</strong></span> 
     </span>
     <span class='ocr_line' id='line_1_56' title="bbox 120 3422 1792 3507; baseline 0.002 -24"><span class='ocrx_word' id='word_1_435' title='bbox 120 3443 227 3503; x_wconf 89' lang='lat' dir='ltr'><strong>pompa</strong></span> <span class='ocrx_word' id='word_1_436' title='bbox 250 3422 306 3483; x_wconf 86' lang='lat' dir='ltr'><strong>luit</strong></span> <span class='ocrx_word' id='word_1_437' title='bbox 331 3423 473 3494; x_wconf 86' lang='lat' dir='ltr'><strong>eductus,</strong></span> <span class='ocrx_word' id='word_1_438' title='bbox 500 3430 531 3485; x_wconf 90' lang='lat' dir='ltr'><strong>et</strong></span> <span class='ocrx_word' id='word_1_439' title='bbox 562 3425 750 3504; x_wconf 77' lang='lat' dir='ltr'><strong>exequiarum</strong></span> <span class='ocrx_word' id='word_1_440' title='bbox 782 3428 924 3507; x_wconf 76' lang='lat' dir='ltr'><strong>singulari</strong></span> <span class='ocrx_word' id='word_1_441' title='bbox 982 3426 1159 3488; x_wconf 82' lang='lat' dir='ltr'><strong>beneficium</strong></span> <span class='ocrx_word' id='word_1_442' title='bbox 1177 3432 1241 3487; x_wconf 81' lang='lat' dir='ltr'><strong>erat</strong></span> <span class='ocrx_word' id='word_1_443' title='bbox 1261 3425 1400 3502; x_wconf 63' lang='lat' dir='ltr'><strong>dandum</strong></span> <span class='ocrx_word' id='word_1_444' title='bbox 1421 3426 1503 3505; x_wconf 89' lang='lat' dir='ltr'><strong>qnod</strong></span> <span class='ocrx_word' id='word_1_445' title='bbox 1520 3432 1621 3489; x_wconf 85' lang='lat' dir='ltr'><strong>tameo</strong></span> <span class='ocrx_word' id='word_1_446' title='bbox 1638 3428 1792 3489; x_wconf 82' lang='lat' dir='ltr'><strong>rarissime</strong></span> 
     </span>
     <span class='ocr_line' id='line_1_57' title="bbox 120 3515 1791 3602; baseline 0.002 -25"><span class='ocrx_word' id='word_1_447' title='bbox 120 3516 339 3594; x_wconf 77' lang='lat' dir='ltr'><strong>magnificentia</strong></span> <span class='ocrx_word' id='word_1_448' title='bbox 358 3517 388 3576; x_wconf 91' lang='lat' dir='ltr'><strong>in</strong></span> <span class='ocrx_word' id='word_1_449' title='bbox 409 3515 519 3597; x_wconf 88' lang='lat' dir='ltr'><strong>templo</strong></span> <span class='ocrx_word' id='word_1_450' title='bbox 539 3516 697 3580; x_wconf 79' lang='lat' dir='ltr'><strong>llicbaelis</strong></span> <span class='ocrx_word' id='word_1_451' title='bbox 718 3522 858 3602; x_wconf 83' lang='lat' dir='ltr'><strong>majorum</strong></span> <span class='ocrx_word' id='word_1_452' title='bbox 880 3526 923 3582; x_wconf 88' lang='lat' dir='ltr'><strong>tu·</strong></span> <span class='ocrx_word' id='word_1_453' title='bbox 983 3520 1088 3590; x_wconf 80' lang='lat' dir='ltr'><strong>debat,</strong></span> <span class='ocrx_word' id='word_1_454' title='bbox 1112 3527 1173 3580; x_wconf 89' lang='lat' dir='ltr'><strong>tum</strong></span> <span class='ocrx_word' id='word_1_455' title='bbox 1200 3539 1270 3579; x_wconf 83' lang='lat' dir='ltr'><strong>vero</strong></span> <span class='ocrx_word' id='word_1_456' title='bbox 1295 3524 1417 3580; x_wconf 80' lang='lat' dir='ltr'><strong>nattnae</strong></span> <span class='ocrx_word' id='word_1_457' title='bbox 1441 3539 1520 3581; x_wconf 86' lang='lat' dir='ltr'><strong>snas</strong></span> <span class='ocrx_word' id='word_1_458' title='bbox 1549 3520 1734 3600; x_wconf 87' lang='lat' dir='ltr'><strong>propensius</strong></span> <span class='ocrx_word' id='word_1_459' title='bbox 1755 3522 1791 3580; x_wconf 90' lang='lat' dir='ltr'><strong>ia·</strong></span> 
     </span>
     <span class='ocr_line' id='line_1_58' title="bbox 121 3607 1791 3694; baseline 0.001 -23"><span class='ocrx_word' id='word_1_460' title='bbox 121 3609 210 3671; x_wconf 80' lang='lat' dir='ltr'><strong>arabs</strong></span> <span class='ocrx_word' id='word_1_461' title='bbox 238 3607 352 3670; x_wconf 88' lang='lat' dir='ltr'><strong>illatus:</strong></span> <span class='ocrx_word' id='word_1_462' title='bbox 378 3630 415 3670; x_wconf 91' lang='lat' dir='ltr'><strong>eo</strong></span> <span class='ocrx_word' id='word_1_463' title='bbox 442 3610 580 3671; x_wconf 74' lang='lat' dir='ltr'><strong>fortassis</strong></span> <span class='ocrx_word' id='word_1_464' title='bbox 605 3631 663 3671; x_wconf 91' lang='lat' dir='ltr'><strong>nno</strong></span> <span class='ocrx_word' id='word_1_465' title='bbox 690 3612 812 3689; x_wconf 61' lang='lat' dir='ltr'><strong>matus,</strong></span> <span class='ocrx_word' id='word_1_466' title='bbox 846 3613 925 3694; x_wconf 92' lang='lat' dir='ltr'><strong>qnod</strong></span> <span class='ocrx_word' id='word_1_467' title='bbox 951 3672 955 3689; x_wconf 83' lang='grc'>,</span> <span class='ocrx_word' id='word_1_468' title='bbox 977 3612 1140 3691; x_wconf 80' lang='lat' dir='ltr'><strong>&#39;dulgebat,</strong></span> <span class='ocrx_word' id='word_1_469' title='bbox 1165 3618 1196 3673; x_wconf 92' lang='lat' dir='ltr'><strong>et</strong></span> <span class='ocrx_word' id='word_1_470' title='bbox 1224 3611 1264 3675; x_wconf 88' lang='lat' dir='ltr'><strong>ad</strong></span> <span class='ocrx_word' id='word_1_471' title='bbox 1290 3611 1496 3673; x_wconf 83' lang='lat' dir='ltr'><strong>cumulandum</strong></span> <span class='ocrx_word' id='word_1_472' title='bbox 1528 3614 1714 3675; x_wconf 60' lang='lat' dir='ltr'><strong>hosteim</strong></span> <span class='ocrx_word' id='word_1_473' title='bbox 1738 3620 1791 3673; x_wconf 90' lang='lat' dir='ltr'><strong>tots</strong></span> 
     </span>
     <span class='ocr_line' id='line_1_59' title="bbox 122 3701 1790 3785; baseline 0.003 -20"><span class='ocrx_word' id='word_1_474' title='bbox 122 3701 243 3765; x_wconf 86' lang='lat' dir='ltr'><strong>eosdem</strong></span> <span class='ocrx_word' id='word_1_475' title='bbox 264 3707 391 3783; x_wconf 88' lang='lat' dir='ltr'><strong>penates</strong></span> <span class='ocrx_word' id='word_1_476' title='bbox 410 3708 441 3763; x_wconf 89' lang='lat' dir='ltr'><strong>et</strong></span> <span class='ocrx_word' id='word_1_477' title='bbox 460 3704 568 3781; x_wconf 87' lang='lat' dir='ltr'><strong>regiam</strong></span> <span class='ocrx_word' id='word_1_478' title='bbox 581 3709 612 3765; x_wconf 91' lang='lat' dir='ltr'><strong>et</strong></span> <span class='ocrx_word' id='word_1_479' title='bbox 629 3706 800 3785; x_wconf 88' lang='lat' dir='ltr'><strong>sepulcrum</strong></span> <span class='ocrx_word' id='word_1_480' title='bbox 810 3706 925 3769; x_wconf 88' lang='lat' dir='ltr'><strong>babuit.</strong></span> <span class='ocrx_word' id='word_1_481' title='bbox 952 3702 956 3761; x_wconf 87' lang='lat' dir='ltr'><strong>l</strong></span> <span class='ocrx_word' id='word_1_482' title='bbox 984 3707 1164 3785; x_wconf 77' lang='lat' dir='ltr'><strong>benignitate</strong></span> <span class='ocrx_word' id='word_1_483' title='bbox 1189 3710 1220 3766; x_wconf 91' lang='lat' dir='ltr'><strong>et</strong></span> <span class='ocrx_word' id='word_1_484' title='bbox 1242 3708 1356 3783; x_wconf 85' lang='lat' dir='ltr'><strong>gratiss</strong></span> <span class='ocrx_word' id='word_1_485' title='bbox 1384 3706 1453 3767; x_wconf 81' lang='lat' dir='ltr'><strong>sela</strong></span> <span class='ocrx_word' id='word_1_486' title='bbox 1483 3708 1709 3785; x_wconf 86' lang='lat' dir='ltr'><strong>pandebantur.</strong></span> <span class='ocrx_word' id='word_1_487' title='bbox 1750 3705 1790 3769; x_wconf 70' lang='lat' dir='ltr'><strong>ll·</strong></span> 
     </span>
     <span class='ocr_line' id='line_1_60' title="bbox 122 3794 1788 3882; baseline 0.002 -25"><span class='ocrx_word' id='word_1_488' title='bbox 122 3797 237 3875; x_wconf 81' lang='lat' dir='ltr'><strong>Corpus</strong></span> <span class='ocrx_word' id='word_1_489' title='bbox 258 3797 326 3876; x_wconf 91' lang='lat' dir='ltr'><strong>ejus</strong></span> <span class='ocrx_word' id='word_1_490' title='bbox 345 3797 412 3877; x_wconf 92' lang='lat' dir='ltr'><strong>ipso</strong></span> <span class='ocrx_word' id='word_1_491' title='bbox 433 3798 535 3857; x_wconf 88' lang='lat' dir='ltr'><strong>atatim</strong></span> <span class='ocrx_word' id='word_1_492' title='bbox 555 3797 605 3857; x_wconf 91' lang='lat' dir='ltr'><strong>die</strong></span> <span class='ocrx_word' id='word_1_493' title='bbox 623 3799 776 3860; x_wconf 89' lang='lat' dir='ltr'><strong>emortuali</strong></span> <span class='ocrx_word' id='word_1_494' title='bbox 802 3799 858 3860; x_wconf 89' lang='lat' dir='ltr'><strong>luit</strong></span> <span class='ocrx_word' id='word_1_495' title='bbox 877 3798 926 3862; x_wconf 91' lang='lat' dir='ltr'><strong>do·</strong></span> <span class='ocrx_word' id='word_1_496' title='bbox 952 3794 956 3851; x_wconf 81' lang='lat' dir='ltr'><strong>l</strong></span> <span class='ocrx_word' id='word_1_497' title='bbox 984 3800 1080 3861; x_wconf 90' lang='lat' dir='ltr'><strong>bellos</strong></span> <span class='ocrx_word' id='word_1_498' title='bbox 1099 3798 1252 3879; x_wconf 90' lang='lat' dir='ltr'><strong>supplices</strong></span> <span class='ocrx_word' id='word_1_499' title='bbox 1271 3800 1339 3878; x_wconf 89' lang='lat' dir='ltr'><strong>ipse</strong></span> <span class='ocrx_word' id='word_1_500' title='bbox 1361 3800 1544 3881; x_wconf 86' lang='lat' dir='ltr'><strong>inspiciebat</strong></span> <span class='ocrx_word' id='word_1_501' title='bbox 1571 3800 1788 3882; x_wconf 83' lang='lat' dir='ltr'><strong>lectitabatque</strong></span> 
     </span>
     <span class='ocr_line' id='line_1_61' title="bbox 124 3886 1788 3975; baseline 0.005 -27"><span class='ocrx_word' id='word_1_502' title='bbox 124 3886 295 3964; x_wconf 89' lang='lat' dir='ltr'><strong>aideratnm,</strong></span> <span class='ocrx_word' id='word_1_503' title='bbox 315 3910 371 3950; x_wconf 87' lang='lat' dir='ltr'><strong>nec</strong></span> <span class='ocrx_word' id='word_1_504' title='bbox 391 3888 536 3971; x_wconf 89' lang='lat' dir='ltr'><strong>deinceps</strong></span> <span class='ocrx_word' id='word_1_505' title='bbox 554 3912 574 3950; x_wconf 92' lang='lat' dir='ltr'><strong>a</strong></span> <span class='ocrx_word' id='word_1_506' title='bbox 595 3910 742 3971; x_wconf 86' lang='lat' dir='ltr'><strong>quoquam</strong></span> <span class='ocrx_word' id='word_1_507' title='bbox 761 3893 857 3954; x_wconf 85' lang='lat' dir='ltr'><strong>visum</strong></span> <span class='ocrx_word' id='word_1_508' title='bbox 876 3899 928 3955; x_wconf 93' lang='lat' dir='ltr'><strong>ant</strong></span> <span class='ocrx_word' id='word_1_509' title='bbox 952 3886 957 3927; x_wconf 84' lang='lat'><strong>¹</strong></span> <span class='ocrx_word' id='word_1_510' title='bbox 984 3903 1016 3955; x_wconf 92' lang='lat' dir='ltr'><strong>at</strong></span> <span class='ocrx_word' id='word_1_511' title='bbox 1041 3891 1203 3954; x_wconf 83' lang='lat' dir='ltr'><strong>humillimo</strong></span> <span class='ocrx_word' id='word_1_512' title='bbox 1221 3894 1328 3974; x_wconf 91' lang='lat' dir='ltr'><strong>coique</strong></span> <span class='ocrx_word' id='word_1_513' title='bbox 1356 3893 1405 3954; x_wconf 84' lang='lat' dir='ltr'><strong>las</strong></span> <span class='ocrx_word' id='word_1_514' title='bbox 1430 3898 1496 3953; x_wconf 89' lang='lat' dir='ltr'><strong>erat</strong></span> <span class='ocrx_word' id='word_1_515' title='bbox 1519 3894 1654 3975; x_wconf 83' lang='lat' dir='ltr'><strong>iujurias</strong></span> <span class='ocrx_word' id='word_1_516' title='bbox 1674 3892 1788 3955; x_wconf 79' lang='lat' dir='ltr'><strong>deleme</strong></span> 
     </span>
     <span class='ocr_line' id='line_1_62' title="bbox 123 3930 1787 4067; baseline 0.003 -23"><span class='ocrx_word' id='word_1_517' title='bbox 123 3983 288 4051; x_wconf 84' lang='lat' dir='ltr'><strong>insontum:</strong></span> <span class='ocrx_word' id='word_1_518' title='bbox 317 3983 397 4061; x_wconf 91' lang='lat' dir='ltr'><strong>quod</strong></span> <span class='ocrx_word' id='word_1_519' title='bbox 426 3984 522 4064; x_wconf 85' lang='lat' dir='ltr'><strong>ipsum</strong></span> <span class='ocrx_word' id='word_1_520' title='bbox 555 3986 675 4045; x_wconf 84' lang='lat' dir='ltr'><strong>tametsi</strong></span> <span class='ocrx_word' id='word_1_521' title='bbox 703 3988 753 4047; x_wconf 82' lang='lat' dir='ltr'><strong>via</strong></span> <span class='ocrx_word' id='word_1_522' title='bbox 785 3986 927 4048; x_wconf 84' lang='lat' dir='ltr'><strong>credibile</strong></span> <span class='ocrx_word' id='word_1_523' title='bbox 953 3930 957 4057; x_wconf 70' lang='lat' dir='ltr'><strong>l</strong></span> <span class='ocrx_word' id='word_1_524' title='bbox 985 3992 1017 4049; x_wconf 93' lang='lat' dir='ltr'><strong>et</strong></span> <span class='ocrx_word' id='word_1_525' title='bbox 1034 3986 1180 4047; x_wconf 89' lang='lat' dir='ltr'><strong>liberrime</strong></span> <span class='ocrx_word' id='word_1_526' title='bbox 1191 3987 1332 4065; x_wconf 85' lang='lat' dir='ltr'><strong>conqueri</strong></span> <span class='ocrx_word' id='word_1_527' title='bbox 1346 3985 1385 4047; x_wconf 89' lang='lat' dir='ltr'><strong>de</strong></span> <span class='ocrx_word' id='word_1_528' title='bbox 1397 3987 1573 4065; x_wconf 87' lang='lat' dir='ltr'><strong>impotentia</strong></span> <span class='ocrx_word' id='word_1_529' title='bbox 1583 3987 1787 4067; x_wconf 78' lang='lat' dir='ltr'><strong>acerbitaaqsr</strong></span> 
     </span>
     <span class='ocr_line' id='line_1_63' title="bbox 123 4074 1787 4159; baseline 0.002 -22"><span class='ocrx_word' id='word_1_530' title='bbox 123 4075 224 4137; x_wconf 89' lang='lat' dir='ltr'><strong>multis</strong></span> <span class='ocrx_word' id='word_1_531' title='bbox 243 4074 400 4137; x_wconf 77' lang='lat' dir='ltr'><strong>ridebiturr</strong></span> <span class='ocrx_word' id='word_1_532' title='bbox 421 4081 519 4135; x_wconf 87' lang='lat' dir='ltr'><strong>tamen</strong></span> <span class='ocrx_word' id='word_1_533' title='bbox 540 4095 596 4153; x_wconf 89' lang='lat' dir='ltr'><strong>ego</strong></span> <span class='ocrx_word' id='word_1_534' title='bbox 616 4086 697 4139; x_wconf 87' lang='lat' dir='ltr'><strong>certe</strong></span> <span class='ocrx_word' id='word_1_535' title='bbox 716 4078 797 4139; x_wconf 91' lang='lat' dir='ltr'><strong>band</strong></span> <span class='ocrx_word' id='word_1_536' title='bbox 822 4080 928 4141; x_wconf 87' lang='lat' dir='ltr'><strong>obsen-</strong></span> <span class='ocrx_word' id='word_1_537' title='bbox 953 4074 957 4159; x_wconf 73' lang='lat' dir='ltr'><strong>l</strong></span> <span class='ocrx_word' id='word_1_538' title='bbox 984 4080 1225 4159; x_wconf 78' lang='lat' dir='ltr'><strong>magistratuum,</strong></span> <span class='ocrx_word' id='word_1_539' title='bbox 1250 4079 1299 4156; x_wconf 94' lang='lat' dir='ltr'><strong>qni</strong></span> <span class='ocrx_word' id='word_1_540' title='bbox 1325 4085 1427 4140; x_wconf 87' lang='lat' dir='ltr'><strong>contra</strong></span> <span class='ocrx_word' id='word_1_541' title='bbox 1452 4078 1712 4143; x_wconf 86' lang='lat' dir='ltr'><strong>cousuetudinem</strong></span> <span class='ocrx_word' id='word_1_542' title='bbox 1729 4079 1787 4140; x_wconf 70' lang='lat' dir='ltr'><strong>ami</strong></span> 
     </span>
     <span class='ocr_line' id='line_1_64' title="bbox 123 4166 1787 4269; baseline 0.005 -42"><span class='ocrx_word' id='word_1_543' title='bbox 123 4170 165 4227; x_wconf 89' lang='lat' dir='ltr'><strong>ris</strong></span> <span class='ocrx_word' id='word_1_544' title='bbox 184 4190 224 4229; x_wconf 82' lang='lat' dir='ltr'><strong>ex</strong></span> <span class='ocrx_word' id='word_1_545' title='bbox 244 4168 388 4229; x_wconf 88' lang='lat' dir='ltr'><strong>relatione</strong></span> <span class='ocrx_word' id='word_1_546' title='bbox 406 4171 614 4247; x_wconf 88' lang='lat' dir='ltr'><strong>praestantium</strong></span> <span class='ocrx_word' id='word_1_547' title='bbox 638 4169 787 4232; x_wconf 87' lang='lat' dir='ltr'><strong>bominum</strong></span> <span class='ocrx_word' id='word_1_548' title='bbox 807 4173 928 4235; x_wconf 89' lang='lat' dir='ltr'><strong>inuisus</strong></span> <span class='ocrx_word' id='word_1_549' title='bbox 954 4166 958 4269; x_wconf 58' lang='lat' dir='ltr'><strong>ff</strong></span> <span class='ocrx_word' id='word_1_550' title='bbox 986 4192 1107 4254; x_wconf 87' lang='lat' dir='ltr'><strong>qnorum</strong></span> <span class='ocrx_word' id='word_1_551' title='bbox 1137 4172 1293 4251; x_wconf 66' lang='lat' dir='ltr'><strong>sulqectos</strong></span> <span class='ocrx_word' id='word_1_552' title='bbox 1321 4172 1446 4253; x_wconf 88' lang='lat' dir='ltr'><strong>populos</strong></span> <span class='ocrx_word' id='word_1_553' title='bbox 1479 4172 1562 4235; x_wconf 92' lang='lat' dir='ltr'><strong>unlla</strong></span> <span class='ocrx_word' id='word_1_554' title='bbox 1591 4173 1787 4236; x_wconf 78' lang='lat' dir='ltr'><strong>rnodesatiost</strong></span> 
     </span>
     <span class='ocr_line' id='line_1_65' title="bbox 123 4260 1787 4357; baseline 0.004 -37"><span class='ocrx_word' id='word_1_555' title='bbox 123 4261 311 4330; x_wconf 85' lang='lat' dir='ltr'><strong>testimoniis,</strong></span> <span class='ocrx_word' id='word_1_556' title='bbox 329 4281 390 4321; x_wconf 90' lang='lat' dir='ltr'><strong>rem</strong></span> <span class='ocrx_word' id='word_1_557' title='bbox 411 4260 531 4339; x_wconf 90' lang='lat' dir='ltr'><strong>quidem</strong></span> <span class='ocrx_word' id='word_1_558' title='bbox 551 4265 701 4325; x_wconf 88' lang='lat' dir='ltr'><strong>rarissime</strong></span> <span class='ocrx_word' id='word_1_559' title='bbox 714 4264 856 4343; x_wconf 87' lang='lat' dir='ltr'><strong>auditam,</strong></span> <span class='ocrx_word' id='word_1_560' title='bbox 870 4265 928 4327; x_wconf 86' lang='lat' dir='ltr'><strong>sed</strong></span> <span class='ocrx_word' id='word_1_561' title='bbox 955 4280 958 4357; x_wconf 55' lang='lat' dir='ltr'><strong>j</strong></span> <span class='ocrx_word' id='word_1_562' title='bbox 985 4265 1186 4335; x_wconf 60' lang='lat' dir='ltr'><strong>vomuissent</strong></span> <span class='ocrx_word' id='word_1_563' title='bbox 1205 4264 1352 4325; x_wconf 84' lang='lat' dir='ltr'><strong>convictis</strong></span> <span class='ocrx_word' id='word_1_564' title='bbox 1369 4267 1536 4327; x_wconf 85' lang='lat' dir='ltr'><strong>universam</strong></span> <span class='ocrx_word' id='word_1_565' title='bbox 1556 4268 1787 4347; x_wconf 81' lang='lat' dir='ltr'><strong>patrimonium</strong></span> 
     </span>
     <span class='ocr_line' id='line_1_66' title="bbox 124 4356 1789 4439; baseline 0.006 -28"><span class='ocrx_word' id='word_1_566' title='bbox 124 4373 222 4414; x_wconf 83' lang='lat' dir='ltr'><strong>veram</strong></span> <span class='ocrx_word' id='word_1_567' title='bbox 252 4372 300 4413; x_wconf 87' lang='lat' dir='ltr'><strong>me</strong></span> <span class='ocrx_word' id='word_1_568' title='bbox 326 4372 556 4415; x_wconf 81' lang='lat' dir='ltr'><strong>comunemorare</strong></span> <span class='ocrx_word' id='word_1_569' title='bbox 580 4358 653 4417; x_wconf 90' lang='lat' dir='ltr'><strong>acio.</strong></span> <span class='ocrx_word' id='word_1_570' title='bbox 705 4356 819 4420; x_wconf 86' lang='lat' dir='ltr'><strong>Eodem</strong></span> <span class='ocrx_word' id='word_1_571' title='bbox 851 4361 928 4420; x_wconf 90' lang='lat' dir='ltr'><strong>enim</strong></span> <span class='ocrx_word' id='word_1_572' title='bbox 955 4378 958 4435; x_wconf 69' lang='lat' dir='ltr'><strong>q</strong></span> <span class='ocrx_word' id='word_1_573' title='bbox 986 4361 1181 4421; x_wconf 86' lang='lat' dir='ltr'><strong>substantiam</strong></span> <span class='ocrx_word' id='word_1_574' title='bbox 1212 4363 1243 4416; x_wconf 91' lang='lat' dir='ltr'><strong>et</strong></span> <span class='ocrx_word' id='word_1_575' title='bbox 1274 4358 1361 4418; x_wconf 80' lang='lat' dir='ltr'><strong>vitam</strong></span> <span class='ocrx_word' id='word_1_576' title='bbox 1391 4360 1506 4439; x_wconf 88' lang='lat' dir='ltr'><strong>eripere</strong></span> <span class='ocrx_word' id='word_1_577' title='bbox 1536 4360 1677 4423; x_wconf 85' lang='lat' dir='ltr'><strong>solebat.</strong></span> <span class='ocrx_word' id='word_1_578' title='bbox 1721 4358 1789 4421; x_wconf 83' lang='lat' dir='ltr'><strong>Sars</strong></span> 
     </span>
     <span class='ocr_line' id='line_1_67' title="bbox 124 4447 1789 4532; baseline 0.002 -23"><span class='ocrx_word' id='word_1_579' title='bbox 124 4452 273 4509; x_wconf 89' lang='lat' dir='ltr'><strong>momento</strong></span> <span class='ocrx_word' id='word_1_580' title='bbox 293 4447 419 4523; x_wconf 79' lang='lat' dir='ltr'><strong>captivis</strong></span> <span class='ocrx_word' id='word_1_581' title='bbox 439 4466 561 4509; x_wconf 89' lang='lat' dir='ltr'><strong>rnnnera</strong></span> <span class='ocrx_word' id='word_1_582' title='bbox 580 4447 650 4511; x_wconf 87' lang='lat' dir='ltr'><strong>data</strong></span> <span class='ocrx_word' id='word_1_583' title='bbox 669 4457 755 4527; x_wconf 89' lang='lat' dir='ltr'><strong>snut,</strong></span> <span class='ocrx_word' id='word_1_584' title='bbox 774 4456 806 4511; x_wconf 90' lang='lat' dir='ltr'><strong>et</strong></span> <span class='ocrx_word' id='word_1_585' title='bbox 823 4472 929 4513; x_wconf 80' lang='lat' dir='ltr'><strong>serore</strong></span> <span class='ocrx_word' id='word_1_586' title='bbox 955 4458 959 4517; x_wconf 89' lang='lat' dir='ltr'><strong>l</strong></span> <span class='ocrx_word' id='word_1_587' title='bbox 987 4455 1064 4514; x_wconf 87' lang='lat' dir='ltr'><strong>enim</strong></span> <span class='ocrx_word' id='word_1_588' title='bbox 1090 4450 1249 4511; x_wconf 82' lang='lat' dir='ltr'><strong>thesauros</strong></span> <span class='ocrx_word' id='word_1_589' title='bbox 1274 4450 1409 4513; x_wconf 89' lang='lat' dir='ltr'><strong>ubertate</strong></span> <span class='ocrx_word' id='word_1_590' title='bbox 1440 4459 1623 4532; x_wconf 79' lang='lat' dir='ltr'><strong>proventus,</strong></span> <span class='ocrx_word' id='word_1_591' title='bbox 1658 4464 1692 4515; x_wconf 89' lang='lat' dir='ltr'><strong>et</strong></span> <span class='ocrx_word' id='word_1_592' title='bbox 1713 4450 1789 4513; x_wconf 79' lang='lat' dir='ltr'><strong>msn&#39;·</strong></span> 
     </span>
     <span class='ocr_line' id='line_1_68' title="bbox 125 4540 1790 4643; baseline 0.005 -42"><span class='ocrx_word' id='word_1_593' title='bbox 125 4541 185 4601; x_wconf 92' lang='lat' dir='ltr'><strong>illis</strong></span> <span class='ocrx_word' id='word_1_594' title='bbox 204 4547 253 4601; x_wconf 88' lang='lat' dir='ltr'><strong>est</strong></span> <span class='ocrx_word' id='word_1_595' title='bbox 272 4542 449 4620; x_wconf 82' lang='lat' dir='ltr'><strong>injunctum,</strong></span> <span class='ocrx_word' id='word_1_596' title='bbox 469 4546 502 4598; x_wconf 90' lang='lat' dir='ltr'><strong>ut</strong></span> <span class='ocrx_word' id='word_1_597' title='bbox 522 4540 560 4600; x_wconf 89' lang='lat' dir='ltr'><strong>ab</strong></span> <span class='ocrx_word' id='word_1_598' title='bbox 581 4543 722 4602; x_wconf 91' lang='lat' dir='ltr'><strong>inusitato</strong></span> <span class='ocrx_word' id='word_1_599' title='bbox 747 4542 799 4605; x_wconf 88' lang='lat' dir='ltr'><strong>lati</strong></span> <span class='ocrx_word' id='word_1_600' title='bbox 820 4562 930 4622; x_wconf 89' lang='lat' dir='ltr'><strong>genere</strong></span> <span class='ocrx_word' id='word_1_601' title='bbox 956 4596 960 4643; x_wconf 61' lang='grc' dir='ltr'>Ι</span> <span class='ocrx_word' id='word_1_602' title='bbox 987 4548 1045 4608; x_wconf 90' lang='lat' dir='ltr'><strong>mis</strong></span> <span class='ocrx_word' id='word_1_603' title='bbox 1064 4542 1251 4622; x_wconf 81' lang='lat' dir='ltr'><strong>vectigalium</strong></span> <span class='ocrx_word' id='word_1_604' title='bbox 1270 4543 1415 4607; x_wconf 85' lang='lat' dir='ltr'><strong>reditibus</strong></span> <span class='ocrx_word' id='word_1_605' title='bbox 1434 4545 1619 4625; x_wconf 78' lang='lat' dir='ltr'><strong>amplificare</strong></span> <span class='ocrx_word' id='word_1_606' title='bbox 1644 4545 1790 4609; x_wconf 63' lang='lat' dir='ltr'><strong>erstem</strong></span> 
     </span>
     <span class='ocr_line' id='line_1_69' title="bbox 124 4632 1791 4720; baseline 0.001 -25"><span class='ocrx_word' id='word_1_607' title='bbox 124 4633 288 4695; x_wconf 77' lang='lat' dir='ltr'><strong>Basiliden</strong></span> <span class='ocrx_word' id='word_1_608' title='bbox 307 4632 473 4703; x_wconf 82' lang='lat' dir='ltr'><strong>vindicare,</strong></span> <span class='ocrx_word' id='word_1_609' title='bbox 493 4636 620 4715; x_wconf 87' lang='lat' dir='ltr'><strong>ejusque</strong></span> <span class='ocrx_word' id='word_1_610' title='bbox 641 4656 764 4715; x_wconf 88' lang='lat' dir='ltr'><strong>eorpus,</strong></span> <span class='ocrx_word' id='word_1_611' title='bbox 790 4636 868 4715; x_wconf 91' lang='lat' dir='ltr'><strong>quod</strong></span> <span class='ocrx_word' id='word_1_612' title='bbox 888 4638 930 4699; x_wconf 90' lang='lat' dir='ltr'><strong>iu.</strong></span> <span class='ocrx_word' id='word_1_613' title='bbox 957 4648 960 4671; x_wconf 84' lang='lat'><strong>¹</strong></span> <span class='ocrx_word' id='word_1_614' title='bbox 987 4639 1149 4717; x_wconf 83' lang='lat' dir='ltr'><strong>ederetque</strong></span> <span class='ocrx_word' id='word_1_615' title='bbox 1168 4637 1235 4717; x_wconf 88' lang='lat' dir='ltr'><strong>ipsc</strong></span> <span class='ocrx_word' id='word_1_616' title='bbox 1254 4638 1447 4700; x_wconf 79' lang='lat' dir='ltr'><strong>avarissimus</strong></span> <span class='ocrx_word' id='word_1_617' title='bbox 1456 4638 1608 4720; x_wconf 87' lang='lat' dir='ltr'><strong>Princeps</strong></span> <span class='ocrx_word' id='word_1_618' title='bbox 1627 4634 1791 4704; x_wconf 74' lang='lat' dir='ltr'><strong>ararosba</strong></span> 
     </span>
    </p>
   </div>
   <div class='ocr_carea' id='block_1_6' title="bbox 125 4728 1792 4815">
    <p class='ocr_par' dir='ltr' id='par_1_6' title="bbox 125 4728 1792 4815">
     <span class='ocr_line' id='line_1_70' title="bbox 125 4728 1792 4815; baseline 0.005 -28"><span class='ocrx_word' id='word_1_619' title='bbox 125 4730 218 4789; x_wconf 80' lang='lat' dir='ltr'><strong>veniri</strong></span> <span class='ocrx_word' id='word_1_620' title='bbox 243 4730 305 4809; x_wconf 86' lang='lat' dir='ltr'><strong>jam</strong></span> <span class='ocrx_word' id='word_1_621' title='bbox 340 4746 397 4786; x_wconf 92' lang='lat' dir='ltr'><strong>ooo</strong></span> <span class='ocrx_word' id='word_1_622' title='bbox 426 4733 548 4806; x_wconf 85' lang='lat' dir='ltr'><strong>posset,</strong></span> <span class='ocrx_word' id='word_1_623' title='bbox 574 4728 708 4790; x_wconf 87' lang='lat' dir='ltr'><strong>assiduis</strong></span> <span class='ocrx_word' id='word_1_624' title='bbox 733 4728 872 4809; x_wconf 92' lang='lat' dir='ltr'><strong>precibus</strong></span> <span class='ocrx_word' id='word_1_625' title='bbox 891 4731 931 4793; x_wconf 88' lang='lat' dir='ltr'><strong>ad</strong></span> <span class='ocrx_word' id='word_1_626' title='bbox 988 4734 1101 4800; x_wconf 87' lang='lat' dir='ltr'><strong>mines,</strong></span> <span class='ocrx_word' id='word_1_627' title='bbox 1119 4750 1176 4790; x_wconf 91' lang='lat' dir='ltr'><strong>nec</strong></span> <span class='ocrx_word' id='word_1_628' title='bbox 1198 4750 1252 4790; x_wconf 90' lang='lat' dir='ltr'><strong>eos</strong></span> <span class='ocrx_word' id='word_1_629' title='bbox 1271 4730 1453 4809; x_wconf 87' lang='lat' dir='ltr'><strong>publicarum</strong></span> <span class='ocrx_word' id='word_1_630' title='bbox 1472 4752 1568 4793; x_wconf 89' lang='lat' dir='ltr'><strong>rernm</strong></span> <span class='ocrx_word' id='word_1_631' title='bbox 1590 4735 1735 4815; x_wconf 80' lang='lat' dir='ltr'><strong>regimini</strong></span> <span class='ocrx_word' id='word_1_632' title='bbox 1753 4730 1792 4795; x_wconf 70' lang='lat' dir='ltr'><strong>ad</strong></span> 
     </span>
    </p>
   </div>
   <div class='ocr_carea' id='block_1_7' title="bbox 113 4818 1792 5095">
    <p class='ocr_par' dir='ltr' id='par_1_7' title="bbox 113 4818 1792 5095">
     <span class='ocr_line' id='line_1_71' title="bbox 127 4818 1792 4907; baseline 0.008 -30"><span class='ocrx_word' id='word_1_633' title='bbox 127 4822 308 4900; x_wconf 87' lang='lat' dir='ltr'><strong>sepulturam</strong></span> <span class='ocrx_word' id='word_1_634' title='bbox 333 4838 352 4879; x_wconf 90' lang='lat' dir='ltr'><strong>a</strong></span> <span class='ocrx_word' id='word_1_635' title='bbox 371 4818 431 4881; x_wconf 85' lang='lat' dir='ltr'><strong>Dei</strong></span> <span class='ocrx_word' id='word_1_636' title='bbox 451 4822 569 4881; x_wconf 88' lang='lat' dir='ltr'><strong>numine</strong></span> <span class='ocrx_word' id='word_1_637' title='bbox 594 4824 751 4903; x_wconf 86' lang='lat' dir='ltr'><strong>impetrare</strong></span> <span class='ocrx_word' id='word_1_638' title='bbox 769 4824 869 4885; x_wconf 84' lang='lat' dir='ltr'><strong>statim</strong></span> <span class='ocrx_word' id='word_1_639' title='bbox 888 4826 929 4885; x_wconf 90' lang='lat' dir='ltr'><strong>iu·</strong></span> <span class='ocrx_word' id='word_1_640' title='bbox 988 4822 1137 4888; x_wconf 83' lang='lat' dir='ltr'><strong>bibendos</strong></span> <span class='ocrx_word' id='word_1_641' title='bbox 1156 4823 1289 4904; x_wconf 90' lang='lat' dir='ltr'><strong>putabat,</strong></span> <span class='ocrx_word' id='word_1_642' title='bbox 1308 4826 1359 4904; x_wconf 91' lang='lat' dir='ltr'><strong>qul</strong></span> <span class='ocrx_word' id='word_1_643' title='bbox 1378 4825 1483 4907; x_wconf 81' lang='lat' dir='ltr'><strong>privati</strong></span> <span class='ocrx_word' id='word_1_644' title='bbox 1502 4828 1792 4893; x_wconf 71' lang='lat' dir='ltr'><strong>commentatione</strong></span> 
     </span>
     <span class='ocr_line' id='line_1_72' title="bbox 126 4911 1791 5000; baseline 0.007 -28"><span class='ocrx_word' id='word_1_645' title='bbox 126 4911 268 4991; x_wconf 50' lang='lat' dir='ltr'><strong>Quart,</strong></span> <span class='ocrx_word' id='word_1_646' title='bbox 288 4934 326 4973; x_wconf 89' lang='lat' dir='ltr'><strong>eo</strong></span> <span class='ocrx_word' id='word_1_647' title='bbox 344 4913 453 4993; x_wconf 91' lang='lat' dir='ltr'><strong>quippe</strong></span> <span class='ocrx_word' id='word_1_648' title='bbox 472 4914 592 4975; x_wconf 81' lang='lat' dir='ltr'><strong>inrecto</strong></span> <span class='ocrx_word' id='word_1_649' title='bbox 613 4936 715 4976; x_wconf 81' lang='lat' dir='ltr'><strong>omnes</strong></span> <span class='ocrx_word' id='word_1_650' title='bbox 735 4924 866 4997; x_wconf 89' lang='lat' dir='ltr'><strong>optatam</strong></span> <span class='ocrx_word' id='word_1_651' title='bbox 885 4936 929 4979; x_wconf 88' lang='lat' dir='ltr'><strong>re·</strong></span> <span class='ocrx_word' id='word_1_652' title='bbox 989 4936 1173 4998; x_wconf 83' lang='lat' dir='ltr'><strong>nequaquam</strong></span> <span class='ocrx_word' id='word_1_653' title='bbox 1198 4918 1317 4979; x_wconf 88' lang='lat' dir='ltr'><strong>sincera</strong></span> <span class='ocrx_word' id='word_1_654' title='bbox 1341 4919 1514 5000; x_wconf 91' lang='lat' dir='ltr'><strong>populorum</strong></span> <span class='ocrx_word' id='word_1_655' title='bbox 1547 4922 1688 4984; x_wconf 88' lang='lat' dir='ltr'><strong>utilitate</strong></span> <span class='ocrx_word' id='word_1_656' title='bbox 1714 4922 1791 4997; x_wconf 82' lang='lat' dir='ltr'><strong>respi-</strong></span> 
     </span>
     <span class='ocr_line' id='line_1_73' title="bbox 113 5006 1786 5095; baseline 0.007 -33"><span class='ocrx_word' id='word_1_657' title='bbox 113 5022 190 5063; x_wconf 69' lang='lat' dir='ltr'><strong>rusr</strong></span> <span class='ocrx_word' id='word_1_658' title='bbox 210 5006 336 5065; x_wconf 84' lang='lat' dir='ltr'><strong>omnium</strong></span> <span class='ocrx_word' id='word_1_659' title='bbox 358 5008 545 5067; x_wconf 86' lang='lat' dir='ltr'><strong>securitatem</strong></span> <span class='ocrx_word' id='word_1_660' title='bbox 572 5027 636 5068; x_wconf 88' lang='lat' dir='ltr'><strong>cum</strong></span> <span class='ocrx_word' id='word_1_661' title='bbox 662 5008 799 5071; x_wconf 84' lang='lat' dir='ltr'><strong>libertate</strong></span> <span class='ocrx_word' id='word_1_662' title='bbox 819 5016 850 5071; x_wconf 90' lang='lat' dir='ltr'><strong>et</strong></span> <span class='ocrx_word' id='word_1_663' title='bbox 868 5030 929 5073; x_wconf 85' lang='lat' dir='ltr'><strong>mu·</strong></span> <span class='ocrx_word' id='word_1_664' title='bbox 988 5019 1097 5075; x_wconf 86' lang='lat' dir='ltr'><strong>carent.</strong></span> <span class='ocrx_word' id='word_1_665' title='bbox 1143 5008 1299 5072; x_wconf 81' lang='lat' dir='ltr'><strong>Terminus</strong></span> <span class='ocrx_word' id='word_1_666' title='bbox 1324 5013 1437 5091; x_wconf 87' lang='lat' dir='ltr'><strong>imperii</strong></span> <span class='ocrx_word' id='word_1_667' title='bbox 1464 5012 1593 5074; x_wconf 90' lang='lat' dir='ltr'><strong>libenter</strong></span> <span class='ocrx_word' id='word_1_668' title='bbox 1629 5014 1786 5095; x_wconf 82' lang='lat' dir='ltr'><strong>ampliabat</strong></span> 
     </span>
    </p>
   </div>
   <div class='ocr_carea' id='block_1_8' title="bbox 0 0 1907 5626">
    <p class='ocr_par' dir='ltr' id='par_1_8' title="bbox 0 0 1907 5626">
     <span class='ocr_line' id='line_1_74' title="bbox 0 0 1907 5626; baseline 0 0"><span class='ocrx_word' id='word_1_669' title='bbox 0 0 1907 5626; x_wconf 95' lang='lat' dir='ltr'><strong> </strong></span> 
     </span>
    </p>
   </div>
  </div>
 </body>
</html>
