3734 5610
824 424 977 510 XIV.

751 760 830 861 nn
870 760 1039 861 llllld

241 1118 580 1241 mmmm
619 1116 1205 1237 mnsoovffll
1248 1118 1558 1248 mim

655 1498 731 1592 ιιι
786 1480 1119 1593 ιιιιιιιιιιι

698 1840 1086 1965 spissorum.
1253 1972 1256 1977 ,
1294 1938 1297 1942 >

62 2720 227 2842 omnus
245 2798 302 2840 nos
320 2782 371 2861 qui
392 2779 581 2842 Provinciam
606 2781 684 2841 hene
704 2778 862 2840 incolimus
920 2784 1054 2858 uppurct,
1075 2779 1134 2837 iuro
1154 2795 1194 2837 ue
1214 2777 1385 2857 conjecturs
1406 2774 1523 2859 quidem
1544 2777 1605 2841 ulls
1618 2778 1721 2843 lrslreri
1758 2798 1763 2805 ·
1813 2794 1818 2804 ·

59 2870 292 2933 Sserntissirnse
322 2870 478 2950 lllnjestuti
512 2871 697 2942 Caesareus,
733 2871 862 2932 Domino
921 2876 1032 2949 potest,
1063 2888 1100 2930 es
1122 2888 1198 2950 quse
1220 2868 1345 2930 Mesene
1374 2867 1414 2930 dc
1443 2873 1482 2931 iis
1512 2870 1641 2953 populis,
1671 2874 1721 2952 qui

59 2971 165 3023 nostre
186 2960 443 3035 Clemerrtisslnro,
468 2985 505 3025 es
531 2985 589 3045 qun
609 2962 697 3025 decet
727 2980 862 3025 meren·
921 2961 991 3022 lrnic
1009 2963 1124 3041 regioni
1143 2958 1305 3042 uliqusudo
1323 2961 1513 3044 pruciueriut,
1534 2970 1565 3025 ct
1584 2960 1663 3045 quod
1683 2960 1722 3024 sd

57 3058 112 3125 tis,
131 3072 246 3116 sununs
266 3058 355 3117 enimi
384 3053 568 3118 demissione
598 3059 711 3137 gratiss
736 3059 862 3135 egioms,
920 3055 1050 3135 maiores
1069 3073 1153 3127 suos,
1170 3057 1240 3134 jure
1255 3056 1394 3135 propium
1405 3058 1588 3140 pertinuerit,
1599 3055 1721 3138 prolert,

59 3145 140 3228 quod
161 3166 216 3228 prs
235 3156 361 3228 paterno
378 3151 486 3221 enimn,
507 3169 566 3230 qno
587 3170 657 3228 ergo
671 3158 764 3211 totum
773 3148 863 3208 Rem·
920 3147 1055 3207 uoritstis
1074 3144 1267 3208 fundu-ento
1286 3148 1351 3208 uiti.

58 3238 209 3322 publicum
229 3239 429 3304 Christiunurn
448 3241 553 3303 edecta
573 3251 630 3314 est,
650 3250 682 3303 et
699 3250 732 3303 ut
751 3239 862 3321 diluce-
928 3280 947 3286 --
996 3234 1065 3316 Qus
1084 3241 1163 3300 euim
1180 3241 1296 3303 ratione
1322 3237 1397 3299 ltuee
1421 3239 1488 3319 lpse
1507 3243 1661 3320 provincia
1680 3243 1721 3302 in·

58 3340 142 3394 estse
161 3340 193 3394 et
211 3331 342 3397 sillictus
366 3336 498 3414 regionis
526 3335 632 3415 liujus,
663 3354 741 3416 quse
770 3333 862 3412 longo
920 3329 1035 3393 dostns
1053 3336 1265 3405 merestorum,
1291 3350 1351 3412 ope
1373 3333 1571 3410 navigationis
1597 3335 1722 3415 primum

59 3435 196 3506 tempore
212 3424 251 3487 uls
264 3428 436 3487 incursione
447 3425 638 3489 berbumrunr
652 3429 781 3505 gentium
794 3444 861 3507 pm·
907 3433 1027 3505 -sperts
1042 3426 1098 3485 sit:
1118 3442 1177 3505 quo
1196 3422 1341 3507 deinceps
1354 3421 1443 3485 modo
1456 3424 1575 3487 incolae
1593 3425 1721 3487 ethnicis

58 3514 218 3598 pugrrsuull
243 3520 339 3581 iustos
361 3518 429 3589 init,
455 3517 620 3581 commodis
645 3518 861 3592 consuleretur,
919 3515 1192 3599 superstitionibus,
1212 3524 1243 3578 et
1261 3516 1392 3578 cultibus
1411 3513 1608 3578 idololatrieis
1618 3515 1722 3592 dediti,

58 3608 194 3687 Lugutos
223 3628 299 3670 suos
327 3608 368 3671 sd
387 3610 529 3688 llugnum
547 3610 724 3673 Moseovise
743 3608 859 3670 Ducem
920 3628 938 3669 s
957 3607 1101 3669 iratribus
1121 3606 1238 3669 ordinis
1257 3607 1487 3683 cruciferorum,
1508 3611 1556 3689 qni
1577 3613 1722 3672 etsocios

57 3699 214 3780 slslegerit.
235 3698 297 3762 Pro
317 3720 375 3779 qus
394 3710 519 3782 paterne
539 3724 609 3783 erge
631 3722 688 3764 nos
706 3702 861 3764 voluntate
919 3718 1004 3776 suos,
1027 3703 1057 3761 iu
1078 3699 1204 3762 l’russiu
1223 3698 1349 3761 eundem
1378 3697 1512 3760 ordinem
1537 3698 1722 3781 prolitentes,

57 3802 89 3853 et
108 3790 263 3864 beneficio,
283 3795 375 3853 vitem
395 3801 433 3855 et:
445 3793 580 3855 tortum
605 3803 740 3868 nostres,
770 3814 860 3876 quus·
919 3790 1101 3854 nusumlium
1111 3800 1265 3869 recurunt,
1282 3789 1421 3853 edlidem
1434 3789 1633 3852 Christianum
1653 3810 1721 3852 eou-

57 3883 215 3966 doeunqne
235 3903 311 3965 opus
329 3883 427 3961 inerit,
446 3882 624 3967 profundere
633 3890 728 3968 parati
740 3903 860 3947 snmus:
918 3887 1007 3958 versi,
1026 3893 1058 3947 ct
1076 3903 1135 3944 non
1153 3883 1268 3965 ubsque
1287 3883 1378 3944 multo
1404 3881 1507 3943 labore
1533 3902 1569 3943 co
1594 3881 1722 3946 traducti

56 3977 155 4037 Deum
176 3979 288 4036 interes
308 3986 477 4057 precantes,
496 3981 547 4059 qui
566 3978 859 4059 soluslmpcrinsts·
918 3980 990 4054 sint,
1011 3997 1071 4038 non
1090 3979 1223 4055 ignotum
1248 3984 1309 4038 est:
1339 3995 1406 4036 eum
1426 3994 1463 4035 eo
1482 3982 1615 4056 tempore
1635 3975 1711 4038 hiso

57 4067 125 4129 bilit
146 4075 178 4127 et
195 4066 346 4141 muslert,
366 4078 400 4131 nt
418 4071 477 4132 hoe
495 4070 630 4133 sslutsre
649 4091 741 4152 opus,
772 4071 860 4151 cnjus
919 4090 984 4143 nes,
1000 4067 1235 4150 jurisdictionis,
1252 4067 1423 4148 religionis,
1449 4087 1576 4139 morum,
1603 4067 1723 4149 linguae

56 4158 249 4222 fundamento
268 4180 346 4220 nune
363 4163 446 4241 justu
467 4171 547 4236 sunt,
568 4160 607 4225 sd
628 4170 760 4244 optutum
773 4160 859 4222 linem
920 4158 1050 4243 denique
1068 4159 1296 4235 Moseoridcse,
1316 4179 1355 4220 ne
1373 4162 1523 4224 minimam
1539 4159 1658 4242 quidem
1671 4183 1722 4224 uo·

56 4251 211 4334 perducat.
252 4251 343 4330 Quod
362 4273 434 4315 vero
454 4253 493 4317 sd
510 4258 563 4336 jus
584 4254 674 4329 illud,
695 4252 774 4335 quod
793 4253 859 4315 llin-
917 4255 1015 4316 titium
1035 4251 1195 4316 luberent:
1214 4251 1323 4334 quibus
1340 4272 1401 4314 sou
1419 4253 1516 4315 solnm
1542 4275 1609 4317 enm
1628 4254 1722 4325 hisee,

57 4364 128 4407 scus
149 4349 179 4407 in
200 4345 278 4406 hane
295 4345 354 4407 siti
376 4349 556 4427 provinciam
581 4346 723 4419 uindicet,
744 4350 859 4419 sttinet,
920 4344 977 4409 scd
997 4367 1035 4410 ne
1055 4346 1124 4409 eliis
1144 4343 1263 4426 quidem
1282 4344 1438 4425 gentitus,
1458 4349 1616 4429 quicqum
1644 4368 1721 4407 eom·

56 4446 91 4498 ut
107 4456 208 4499 uerum
228 4437 383 4510 fateamur,
397 4458 463 4498 curn
476 4447 609 4521 stupore,
623 4449 654 4501 et
663 4438 859 4503 admiratione
919 4461 1007 4502 mune
1026 4439 1098 4501 initu
1122 4438 1267 4502 Miserum
1286 4440 1380 4515 enim,
1400 4441 1535 4520 inopem,
1554 4438 1721 4508 barbaram,

56 4550 170 4593 summu
188 4551 224 4593 eu
244 4529 458 4592 intelleximus.
498 4531 568 4591 Non
596 4533 694 4594 solnm
723 4535 800 4593 enim
829 4540 860 4594 et
920 4543 1009 4615 utque
1037 4532 1186 4595 etlrnieem
1215 4534 1321 4604 vitam,
1354 4534 1385 4592 iu
1416 4530 1558 4593 silvarum
1588 4528 1722 4603 latebris,

56 4621 195 4683 omnibus
214 4621 376 4695 veteribus,
396 4631 428 4684 et
448 4620 507 4683 fido
525 4621 624 4702 dignis
643 4624 778 4686 lristoriis
798 4646 859 4686 cer·
919 4646 988 4687 cum
1007 4625 1106 4688 beluis
1131 4623 1284 4686 belusrum
1317 4625 1412 4684 instsr
1442 4620 1598 4700 degentes,
1627 4640 1722 4700 neque

56 4716 203 4774 tissimum
223 4723 287 4789 est,
317 4713 373 4776 scd
399 4719 465 4796 ipss
486 4735 602 4797 qnoque
627 4719 810 4798 experientis
830 4725 861 4778 et
920 4718 995 4795 Dei,
1014 4739 1110 4800 neque
1130 4720 1324 4796 magistratus
1349 4714 1493 4796 alicujus,
1525 4714 1723 4791 cognitionem

55 4814 155 4868 status
175 4807 278 4869 hurum
303 4811 456 4887 regionum
487 4807 562 4869 hsce
594 4810 692 4870 omniu
722 4807 860 4870 fabulosa
919 4809 1011 4870 ullum
1036 4812 1169 4872 ”secuti
1194 4815 1275 4869 snut.
1333 4805 1401 4865 lloe
1421 4803 1517 4864 solum
1538 4802 1626 4864 modo
1648 4809 1723 4886 ipsis

55 4917 141 4970 esse,
164 4907 195 4960 et
214 4903 318 4961 nescio
337 4899 417 4962 unde
438 4898 579 4970 confictu,
606 4898 725 4961 abunde
750 4908 860 4960 testnn·
920 4900 1072 4982 peculiare
1092 4900 1157 4974 iuit,
1177 4901 1278 4979 utqui
1299 4900 1387 4957 unius
1409 4904 1513 4957 essent
1537 4896 1666 4960 familiae
1693 4907 1723 4960 et

54 5001 113 5052 tur.
136 4991 182 5053 Ex
200 4993 338 5054 omnibus
359 4998 437 5055 enim
458 4996 665 5068 monumentis,
686 5012 861 5074 quocunqne
920 4995 1090 5064 societatis,
1117 4993 1253 5054 seuinrcs
1273 5009 1347 5052 suos
1368 5009 1444 5070 quos
1476 4988 1627 5051 habebant
1652 5011 1723 5072 prae

53 5103 131 5143 sane
153 5085 272 5145 nomine
282 5085 482 5165 appellentur,
497 5107 573 5166 quse
584 5095 682 5147 umen
694 5105 752 5145 uon
766 5105 860 5166 psues
922 5086 989 5149 ullis
1009 5092 1223 5160 revererentur,
1243 5103 1320 5166 quos
1339 5080 1448 5144 deinde
1468 5090 1500 5143 nt
1525 5085 1622 5163 major
1642 5092 1724 5142 esset

53 5172 137 5257 apud
156 5194 215 5235 uos
234 5183 346 5250 extent,
360 5198 398 5238 ue
414 5183 572 5258 vestigium
585 5177 703 5259 quidem
713 5181 861 5239 minimum
927 5184 1061 5260 ipsorum
1082 5180 1255 5254 auctoritas,
1274 5197 1376 5256 regum
1397 5179 1515 5237 nomine
1537 5176 1739 5254 appellum&

1517 5275 1544 5328 ἱ
