3742 5626
771 186 931 244 musas.
949 186 1057 243 trun.
1720 186 1752 241 13

81 348 163 412 ¹«reret,
183 342 329 405 adversus
339 339 593 401 'lurcasluarmis
605 338 784 400 habiturum.
809 340 887 399 Com
944 342 1088 421 majores:
1116 340 1173 401 sed
1194 350 1364 403 certantes
1383 360 1461 401 nuuc
1480 342 1624 409 minuet,
1658 360 1752 401 caasa

81 454 200 495 cessum
220 433 279 495 lroc
297 436 395 511 iegato
415 431 470 492 luit
481 450 533 511 per
541 432 672 511 Augusti
684 430 888 511 Caesarisque
912 448 917 513 j
945 450 1004 489 nou
1024 438 1104 499 erat,
1123 437 1296 513 praesertin
1316 456 1404 513 quon
1423 436 1515 495 sciret
1530 432 1649 495 bostem
1661 436 1751 515 impa-

81 525 251 607 dlplomata.
284 523 474 604 Quapropter
490 524 590 585 multis
610 525 680 585 dato
700 524 808 584 uiatico
821 544 886 605 per-
943 528 1048 593 ratum,
1060 525 1109 602 qui
1123 542 1160 583 se
1168 544 1220 601 per
1231 528 1348 605 legatos
1360 526 1471 605 aliquid
1484 526 1656 588 effecturum
1667 542 1751 608 pota·

81 619 204 687 arradet,
223 626 256 677 nt
267 618 417 679 Lubecam
429 636 501 677 sese
511 619 693 685 conterrent,
713 618 815 677 urbem
828 616 885 677 Sa·
943 622 998 685 ret,
1018 618 1109 675 nullis
1129 618 1240 677 viribus
1255 622 1398 679 resistcre
1411 640 1513 699 poam.
1546 617 1616 691 Quo
1627 620 1753 680 similius

83 714 190 771 aoniae
219 713 400 780 maritimam,
431 710 510 769 unde
531 710 658 771 naribus
677 710 707 769 in
728 708 882 769 lairouiam
941 711 1751 787 remeet,posteriorumsenteutiadetiuitumnumerum

82 788 287 884 transportati.
306 804 345 866 ad
364 804 412 865 sui
423 801 567 884 deinceps
577 802 718 883 principis
729 802 805 863 lines
815 822 883 861 corr·
941 800 1037 861 luisse
1056 802 1191 863 missum.
1229 800 1368 863 Ceterum
1388 824 1457 863 mox
1478 804 1517 863 ab
1543 805 1681 883 ingressu
1701 808 1751 867 im·

83 895 245 957 tenderent.
276 896 353 957 Sunt
372 898 491 957 omnino
510 898 556 957 sic
574 916 593 957 e
611 900 713 956 natura
722 896 883 974 comparati
941 893 1075 953 credibili
1095 892 1196 955 lurore
1213 896 1400 955 saevite-in
1413 916 1531 955 omue-
1540 902 1677 969 neuun,
1696 918 1745 959 sc·

84 987 193 1059 Russi,
211 996 243 1049 ut
261 1010 297 1051 er
318 990 449 1069 ingeniis
468 991 533 1049 suis
554 986 710 1048 difficulter
719 989 830 1067 aliquid
844 986 883 1048 ad
942 1006 1021 1057 xum,
1031 984 1505 1067 ordinemtotoampliusneoae;
1526 991 1749 1069 necquicquam

82 1102 166 1140 nsum
193 1080 350 1143 bumauum
374 1084 517 1163 praeclari
537 1082 719 1159 excogitent
771 1074 914 1141 Verum
942 1098 1046 1139 manue
1066 1076 1194 1140 bostiles
1214 1082 1321 1151 erasit,
1342 1082 1461 1161 quinon
1478 1080 1507 1139 in
1526 1080 1751 1189 oppidumDor·

81 1172 169 1233 iidem
188 1177 216 1235 si
235 1176 306 1254 quid
326 1176 366 1235 ab
386 1176 453 1235 aliis
470 1178 636 1243 inventum,
656 1194 715 1253 quo
735 1180 823 1251 pacto
836 1174 887 1233 liat
911 1146 916 1243 l
944 1177 1078 1248 patenae,
1097 1172 1255 1235 velamem
1265 1174 1396 1254 aliquam
1415 1170 1617 1250 (babeteuin
1631 1174 1753 1235 nonnul·

81 1270 262 1327 intueantur:
283 1266 441 1327 nonmodo
454 1267 709 1334 feliciterimituri,
729 1263 917 1323 sedetiam
912 1250 991 1323 'las
1008 1266 1194 1344 episcopus)
1213 1267 1407 1377 conlegisset.
1428 1264 1753 1347 llincprogressiNer·

82 1358 226 1419 industria
244 1380 300 1419 sue
322 1360 453 1419 rrorrrrilrii
475 1360 603 1419 inventis
623 1342 917 1435 adderepossuut.¹
946 1354 1068 1415 remed
1088 1356 1225 1436 ejusdem
1245 1361 1371 1420 nouiuis
1393 1358 1501 1421 llumeu
1512 1360 1600 1420 satum
1611 1358 1749 1439 oppedum

83 1452 148 1511 liae
167 1451 207 1510 de
226 1471 319 1511 causa
336 1452 502 1511 Germanos
530 1450 667 1510 lromines
686 1450 829 1509 aurianum
845 1468 889 1508 re·
915 1452 1059 1528 petunt,
1078 1468 1190 1527 perque
1208 1452 1329 1511 militiae
1340 1450 1475 1530 Magistri
1497 1450 1628 1513 ditiones
1647 1452 1750 1515 eaden

84 1564 146 1603 mm
173 1545 285 1625 peritos
305 1562 482 1622 magnopere
500 1542 626 1603 blesens
646 1542 822 1621 expetebat,
856 1544 918 1601 ut'
914 1580 919 1623 ἰ
945 1542 1126 1601 immanitate
1145 1550 1325 1619 grassantur.
1364 1542 1491 1606 Nereine
1516 1548 1676 1607 resistente
1697 1566 1749 1625 pcr

84 1638 231 1696 irationem
248 1656 332 1697 suam
353 1658 408 1717 per
426 1658 462 1695 se
481 1634 584 1695 melem
598 1653 634 1694 ac
646 1634 811 1703 berberem,
829 1632 889 1693 cul·
913 1640 918 1715 Ι
944 1630 1138 1693 audiunto
1159 1634 1188 1691 in
1209 1634 1337 1713 longum,
1363 1636 1471 1713 quibus
1495 1636 1633 1698 aNarea
1659 1638 1749 1699 Nien-

82 1730 184 1787 tiorem
205 1728 350 1789 redderet.
390 1724 472 1799 Quid
492 1727 544 1787 litt
589 1724 647 1787 Ubi
667 1725 819 1787 bubeeam
839 1746 887 1785 ve
913 1718 918 1771 l
944 1725 1061 1786 busium
1082 1724 1183 1796 distat,
1203 1726 1363 1805 itidemque
1382 1726 1421 1787 ad
1436 1728 1666 1789 ltlttstadiorum
1687 1731 1750 1791 lati·

82 1821 213 1891 nissent,
247 1820 419 1901 diditusque
442 1822 507 1901 jam
528 1826 615 1879 autea
637 1818 675 1877 de
695 1820 772 1900 ipsis
789 1838 889 1879 rumor
913 1826 917 1883 f
943 1818 1076 1878 tudinem
1099 1817 1268 1897 depopulati
1289 1821 1396 1891 omnia,
1416 1819 1516 1881 multis
1526 1818 1676 1881 bominum
1692 1822 1754 1883 mll-

83 1922 185 1981 esset,
211 1934 269 1993 quo
288 1912 458 1973 tenderent:
489 1912 572 1973 adire
591 1913 794 1989 magistratum
814 1932 887 1971 mer·
943 1912 1023 1971 libus
1044 1930 1147 1971 secum
1166 1909 1314 1983 abductis,
1335 1914 1411 1974 intra
1428 1914 1505 1973 fines
1519 1922 1742 1975 suoererertuu

82 2010 197 2065 catores
222 2008 397 2087 praesertim
423 2004 638 2073 Lirouienses,
668 2024 791 2083 quorum
817 2006 887 2064 istic
913 2070 917 2093 Ι
942 2010 999 2065 tur.
1029 2003 1096 2063 Hoc
1117 2004 1229 2081 ingenti
1251 2002 1359 2064 damno
1379 2012 1514 2083 accepto,
1534 2004 1679 2083 Magister
1696 2010 1748 2069 mi·

83 2116 187 2175 magna
213 2096 395 2179 frequentia,
423 2098 524 2159 dicere
549 2096 692 2177 singulari
713 2118 781 2157 cum
801 2096 888 2157 detri-
913 2095 917 2143 ἓ
943 2096 1025 2157 litiae
1045 2116 1119 2157 arros
1139 2094 1276 2157 vendam
1297 2106 1450 2169 convocet,
1478 2098 1518 2159 de
1536 2100 1687 2177 praesenti
1708 2121 1752 2161 re·

82 2196 179 2250 mento
199 2212 258 2251 non
278 2190 364 2251 modo
375 2191 578 2259 hironimum,
601 2188 658 2251 sed
673 2190 803 2271 ipsorum
817 2208 888 2268 quo·
913 2150 917 2255 l
943 2210 1006 2248 rum
1025 2194 1105 2249 statu
1126 2189 1308 2251 deliberandi
1329 2210 1431 2251 cansa.
1450 2190 1585 2253 Fuerunt
1603 2190 1752 2253 beicalio-

84 2302 142 2361 que
163 2284 374 2345 Germanorum
401 2284 458 2345 bos
483 2284 618 2345 lromioes
638 2282 678 2343 ad
697 2282 823 2343 bloscos
840 2302 888 2342 ae·
913 2272 917 2295 '
945 2302 1009 2341 rum
1029 2282 1106 2343 aliae
1125 2284 1300 2345 sententiae.
1338 2280 1479 2345 Nonnulli
1500 2284 1654 2355 volebant,
1673 2284 1754 2345 hosti

83 2396 240 2437 cessuros:
261 2398 345 2437 oraro
365 2378 508 2458 denique,
528 2377 626 2437 nautis
645 2375 783 2435 omnibus
802 2375 888 2434 iuter·
912 2364 917 2391 '
944 2396 996 2452 par
1016 2396 1068 2455 pro
1088 2378 1150 2457 peri
1170 2375 1370 2447 referendum,
1397 2378 1626 2457 couscriptoque
1651 2378 1752 2438 subito

83 2470 197 2539 «licent,
217 2490 255 2529 ne
275 2472 341 2549 quis
361 2490 417 2529 eos
436 2477 519 2529 trans
532 2466 773 2529 marelleltieum
787 2464 887 2530 rebat.
913 2498 916 2505 ·
943 2468 1035 2529 milite
1055 2470 1131 2529 lines
1151 2470 1247 2547 ipsius
1274 2470 1423 2529 consimili
1451 2472 1609 2531 atrocitate
1633 2490 1752 2551 percur-

84 2561 149 2621 lloc
169 2563 337 2641 impetrato,
369 2564 506 2642 paulatim
527 2560 666 2643 dissipati
685 2568 771 2630 snut,
804 2580 887 2641 prae-
912 2560 915 2607 ἶ
943 2562 1063 2625 reudos.
1101 2563 1162 2622 Alii
1182 2562 1349 2622 censebant
1373 2562 1517 2623 mittenda
1537 2584 1670 2635 munera,
1689 2564 1751 2643 qui·

82 2656 184 2715 sertim
195 2656 290 2715 numis
302 2656 525 2726 deicientibus,
543 2654 624 2715 unde
635 2656 809 2715 victitarent.
829 2651 887 2714 Le·
911 2730 915 2743 Ι
943 2656 1000 2715 bus
1022 2656 1138 2716 barbari
1157 2653 1255 2715 bostis
1274 2654 1390 2715 enimus
1411 2654 1534 2715 deleniri
1563 2655 1655 2715 lacile
1681 2676 1752 2716 cou-

82 2754 168 2823 getus
188 2748 270 2827 ipse,
295 2770 383 2827 quum
404 2749 539 2809 eamdem
558 2748 596 2807 ad
616 2750 719 2807 urbem
742 2748 887 2815 venisset,
943 2749 1085 2807 suc-verit.
1138 2746 1239 2806 Posse
1263 2748 1380 2825 triginta
1406 2752 1586 2807 amntem·
1619 2747 1752 2807 millibus

82 2842 252 2918 petentibus
278 2844 319 2899 ita
340 2841 489 2911 luivoniis,
520 2843 570 2919 qui
594 2843 663 2921 jure
684 2860 720 2899 se
740 2838 888 2899 adversus
911 2878 914 2885 ·
943 2841 1089 2920 impetrari
1116 2858 1239 2919 pacem,
1265 2860 1343 2919 quae
1363 2840 1493 2919 pecunie
1512 2838 1595 2899 militi
1616 2860 1672 2921 per
1689 2842 1748 2903 esi·

84 2934 208 3041 improbi
233 2934 373 2993 facinoris
398 2944 548 2993 auctorem
568 2934 692 3013 experiri
713 2930 790 2991 relle
809 2930 887 2991 dice-
942 2952 1033 3011 garum
1053 2932 1092 2993 ad
1112 2938 1231 3013 tempus
1249 2930 1411 2993 suffectura
1422 2932 1472 2991 sit
1495 2930 1751 2995 considerandam

84 3030 163 3093 rent,
196 3028 225 3085 in
246 3046 392 3085 carcerem
413 3026 568 3107 conjectus
588 3030 651 3085 est:
671 3044 768 3104 equo
786 3030 887 3085 tanam
945 3026 1129 3105 potissimum
1149 3030 1180 3085 et
1199 3026 1339 3105 temporis
1359 3026 1513 3097 rationem,
1533 3044 1593 3105 quo
1612 3028 1750 3109 imperati

84 3116 133 3175 ille
154 3124 222 3194 post
242 3118 363 3198 aliquod
374 3128 494 3198 tempus
503 3116 629 3177 solerter
640 3120 744 3185 ereert
774 3114 887 3188 Quum·
943 3118 1071 3179 erebus
1092 3118 1228 3177 omnibus
1248 3118 1288 3178 ad
1306 3118 1415 3178 bellum
1434 3117 1597 3198 gerendam
1608 3138 1751 3181 occasu·

83 3230 141 3288 que
162 3230 212 3283 se,
234 3232 320 3291 quem
343 3212 428 3271 lnciei
450 3210 562 3269 rubedo
584 3211 671 3270 nimia
690 3210 778 3271 facile
791 3192 916 3291 prodi-¹¹
943 3212 995 3271 riis
1015 3216 1130 3281 essent,
1150 3220 1182 3271 et
1202 3210 1300 3271 bostis
1316 3214 1490 3291 polentiam
1517 3210 1605 3273 naso
1623 3232 1644 3273 a
1662 3212 1749 3293 pluri-

83 3310 148 3363 tura
168 3304 258 3373 leret,
279 3326 332 3384 per
352 3326 406 3365 eas
416 3322 554 3381 regiones
563 3303 602 3363 ed
615 3302 717 3363 bornnr
731 3308 915 3385 penetrare
912 3294 1000 3363 'bus
1020 3304 1143 3381 probata
1162 3306 1319 3364 sententia.
1359 3304 1456 3365 Simul
1480 3304 1670 3383 ablegantur,
1697 3306 1748 3384 qui

84 3416 140 3455 non
167 3416 259 3475 posse
278 3398 536 3458 animaduerteret.
570 3395 759 3456 Valentinum
778 3394 888 3475 Engel·
944 3396 1094 3475 expeditis
1126 3398 1281 3457 itineribus
1306 3397 1345 3457 ad
1369 3396 1507 3457 bloscum
1527 3398 1750 3467 contenderent,

83 3489 194 3549 bertum
215 3489 397 3561 Gotbanum,
417 3491 468 3569 qui
488 3489 564 3549 lreec
583 3488 654 3549 milri
675 3490 816 3558 narrarit,
834 3488 887 3549 bo·
913 3546 916 3557 ,
944 3496 974 3550 et
993 3491 1032 3550 ab
1051 3510 1088 3549 eo
1107 3492 1252 3551 mensium
1272 3497 1398 3571 quatuor
1410 3490 1540 3551 indutias
1554 3496 1698 3572 peterent,
1718 3498 1750 3551 et

83 3584 189 3647 minem
208 3588 269 3643 turn
291 3585 576 3651 Astronomicarum,
595 3588 655 3642 tom
667 3579 887 3662 Geograpbice·
913 3620 916 3630 ·
944 3584 1133 3643 internuntiis
1161 3582 1311 3643 ineundae
1333 3582 1421 3663 pacis
1452 3604 1545 3645 cause
1562 3582 1749 3647 dioscoriam

85 3696 147 3734 mm
175 3696 269 3736 rerum
289 3678 396 3757 peritia
415 3696 467 3755 per
487 3675 672 3735 Germaniam
692 3674 886 3735 clarissimum
943 3676 1129 3756 prolecturis,
1149 3676 1264 3736 litteras
1283 3676 1361 3735 salvi
1381 3682 1564 3737 commeatus
1589 3676 1748 3737 adferrent.

82 3768 159 3837 adit,
191 3790 316 3850 eumque
342 3770 380 3829 de
399 3770 536 3829 omnibus
557 3770 586 3828 io
608 3768 776 3827 dioscorum
797 3784 887 3843 regne
912 3784 915 3799 ¹
945 3768 1045 3841 Quum
1064 3768 1191 3829 Monens
1212 3768 1344 3829 bisnilril
1357 3768 1527 3847 denegaret,
1547 3766 1668 3828 decreta
1682 3788 1750 3827 mox

82 3862 262 3922 ducentibus
282 3862 437 3921 itineribus
456 3863 593 3923 consulit.
638 3858 719 3931 Quid
738 3864 837 3920 autem
858 3860 886 3919 ei
911 3880 915 3921 r
944 3863 1061 3941 legatio,
1082 3882 1159 3941 quae
1177 3859 1361 3939 transigendi
1382 3862 1493 3937 negotii
1513 3878 1607 3919 eausa
1620 3878 1687 3919 cum
1712 3880 1750 3921 eo

82 3954 228 4035 deinceps
248 3954 402 4019 acciderit,
422 3954 559 4033 equidem
579 3955 679 4015 dicere
698 3974 759 4013 non
778 3952 886 4015 babeo.
942 3962 1054 4035 ageret.
1074 3954 1133 4015 Ubi
1147 3960 1263 4013 rentum
1275 3952 1314 4011 ed
1326 3951 1422 4011 aulam
1434 3950 1747 4035 lllosci,contraspen

84 4046 119 4105 ld
145 4046 262 4127 quidem
289 4048 447 4129 conjectari
470 4068 527 4107 non
548 4048 604 4107 aba
625 4066 657 4105 re
677 4046 761 4117 lieet,
795 4044 886 4127 liujus
942 4048 1070 4109 adversa
1091 4052 1200 4105 cuncta
1219 4044 1378 4123 reperiunt,
1400 4044 1498 4102 anirno
1517 4044 1748 4125 principianoro

82 4139 213 4197 lrominie
230 4144 387 4218 tantaeque
401 4143 588 4221 pecuniarum
602 4140 886 4221 summaejecturam
943 4140 1070 4221 quodam
1098 4156 1171 4197 casu
1198 4138 1355 4215 insigniter
1378 4136 1565 4200 exacerbato.
1608 4136 1749 4201 llixlmrrs

81 4230 886 4315 Moscianimumtreudmediocriterpupugissc.Quern-
912 4264 916 4291 ι
943 4252 1015 4291 esse
1034 4228 1114 4315 apud
1134 4228 1281 4289 Lironios
1300 4250 1418 4291 amnem
1438 4228 1577 4291 Narrat.
1611 4230 1661 4293 Ad
1681 4236 1749 4317 ejus

80 4325 184 4385 obrem
210 4324 319 4385 indicto
346 4327 403 4387 sub
429 4328 516 4387 tinem
546 4328 615 4389 anni
636 4326 674 4387 57
693 4324 789 4391 bello,
818 4342 886 4383 mox
942 4324 1197 4403 utramqucripam
1211 4320 1270 4382 duo
1286 4322 1344 4383 sita
1355 4330 1426 4384 snut
1437 4324 1571 4405 njusdem
1584 4346 1750 4387 cunerono

81 4420 237 4497 sequentis
262 4422 330 4479 anni
348 4420 489 4481 ianuario
511 4440 613 4481 mense
632 4424 745 4479 tanturn
767 4434 825 4475 non
845 4416 886 4475 ln·
943 4414 1201 4497 nominisoppide.
1219 4416 1352 4477 Alteram
1361 4414 1665 4489 linesicam,alteram
1677 4418 1749 4479 Gor·

80 4510 192 4571 tioitam
204 4508 389 4573 Tartarorunr
402 4512 632 4591 liloacorumque
651 4530 767 4573 manum
779 4510 886 4569 intrare
912 4504 915 4523 '
942 4511 1088 4571 manicam
1109 4508 1238 4573 Nervam
1260 4516 1377 4571 coeant.
1397 4508 1532 4589 Utraque
1551 4512 1617 4569 suis
1629 4512 1749 4569 arcibus

82 4604 157 4661 lines
183 4606 245 4681 egri
265 4606 465 4687 nemetensis
485 4606 579 4685 jubet.
631 4602 670 4662 lli
690 4604 767 4663 cirea
788 4602 886 4665 eidem
943 4608 991 4663 est
1010 4604 1131 4675 munite,
1153 4624 1273 4686 quarum
1296 4624 1333 4663 ea
1354 4622 1432 4683 quae
1448 4602 1554 4663 blosco
1575 4606 1665 4679 paret,
1688 4604 1749 4660 tra·

79 4696 193 4767 ,lanum
225 4706 344 4779 propter
364 4716 460 4757 arcem
486 4694 722 4755 Neirrbusienem
748 4696 885 4773 ingressi,
943 4696 1073 4775 nogroda
1090 4698 1206 4765 dicitur,
1225 4694 1382 4754 adoannis
1395 4694 1537 4773 principis
1551 4694 1678 4757 nomine,
1699 4694 1748 4773 qui

81 4788 159 4848 lerro
185 4796 215 4849 et
239 4792 297 4869 igni
324 4812 377 4871 per
399 4806 542 4847 stammam
562 4788 768 4848 immanitatem
790 4790 885 4849 omnia
943 4808 1008 4849 earn
1029 4790 1093 4849 lteli
1114 4788 1267 4869 eujusdam
1288 4784 1443 4847 architecti
1468 4802 1559 4862 opera
1583 4786 1748 4847 exstnmit:

82 4888 208 4941 restant.
228 4880 261 4943 ln
273 4882 400 4943 boetium
415 4880 523 4940 eastris
535 4880 583 4957 qui
597 4878 760 4955 plurimum,
779 4880 885 4950 doetlt),
907 4872 911 4941 ἶ
941 4880 1061 4941 alteram
1071 4880 1206 4959 Magistri
1217 4880 1337 4939 militiae
1348 4874 1516 4953 praelectus
1527 4884 1670 4955 perpetuo
1680 4900 1748 4943 eum

80 4974 131 5051 qni
152 4976 315 5045 minimum,
341 4976 438 5035 miii
457 4972 553 5033 irrisae
573 4970 739 5055 perbibent.
791 4970 884 5031 lilexi·
908 4960 912 5026 ¹:
942 4970 1090 5051 praesidio
1110 4972 1243 5031 tenebat.
1265 4970 1366 5039 Quum
1390 4966 1475 5025 luciis
1501 4964 1624 5029 indutiis
1643 4968 1748 5043 linesi,

80 5086 145 5125 mas
165 5074 245 5127 certe
266 5068 504 5149 copiesbloscus
519 5066 597 5127 baud
611 5062 885 5141 dilllcultercogere
941 5082 1061 5143 quorum
1083 5068 1166 5123 erant
1185 5062 1223 5121 ad
1242 5060 1299 5119 tria
1318 5058 1407 5119 millia
1426 5058 1455 5117 in
1477 5062 1641 5139 praesidio,
1669 5066 1747 5129 [0010

80 5168 195 5237 potest.
230 5170 259 5223 et
286 5162 424 5221 indicatis
444 5160 530 5221 modo
552 5162 599 5221 rel
618 5180 709 5241 pares
729 5156 776 5215 rel
798 5156 885 5215 etiarn
941 5152 1067 5233 quodam
1088 5154 1137 5213 dle
1149 5154 1339 5215 convenirent
1351 5152 1481 5213 inermes
1489 5160 1602 5233 patenti
1617 5158 1744 5235 quodam
