3742 5626
155 208 211 271 tta
694 200 929 267 llllllilltlblll
949 198 1270 266 ddtnlttts't'mb'tt

158 371 294 433 allectam
316 390 352 430 se
371 366 570 438 existimabat,
589 366 666 426 ultro
687 370 866 447 quereretur.
908 366 963 423 lta·
1020 364 1113 445 pilata
1132 367 1299 445 provincia,
1318 366 1517 447 omnibusque
1537 366 1627 427 rebus
1646 366 1834 427 convasatis.

158 485 218 546 que
238 484 306 525 eom
326 484 364 525 ca
383 461 577 523 Alamanniur
603 459 673 519 inde
693 460 897 533 renunciaret,
923 477 963 517 ex
1021 478 1061 519 ae
1083 478 1171 519 manu
1198 456 1298 539 aliqua
1324 458 1472 519 bominum
1501 457 1579 521 fucta
1605 460 1635 519 in
1657 458 1835 519 Caesareae

158 560 268 639 quibus
287 556 363 618 istas
382 574 502 635 qunque
528 572 578 611 res
601 552 678 613 oltra
696 552 870 631 superiores
889 550 961 631 inju-
1021 550 1143 615 ditionis
1180 552 1358 630 llorrgariam
1396 550 1584 629 transfugere
1616 554 1834 621 constituerat:

159 654 222 711 rias
251 652 347 727 magis
376 654 571 727 exasperatas
597 650 766 725 appareret,
797 642 881 715 llex,
912 640 962 721 qui
1021 664 1079 723 que
1100 652 1180 706 recta
1199 643 1410 705 transeundum
1431 643 1472 702 illi
1494 658 1572 708 erat.
1602 644 1832 707 a'l'raussilra·

161 742 249 803 l'ilna
269 738 419 801 Gnidnam
440 740 504 821 jem
530 748 668 809 venerat,
692 737 882 797 senatoribus
901 734 961 815 ple·
1022 732 1069 797 uls
1090 740 1238 799 obsessas
1255 738 1320 799 rias
1338 737 1541 808 existimabat3
1562 738 1663 818 iraque
1682 757 1752 797 eum
1773 759 1831 799 nru-

160 838 261 915 risque
280 854 318 895 eo
337 834 486 901 evocatis,
507 852 543 891 ex
564 831 677 891 illorum
697 832 846 891 sententia
866 827 962 887 Comi·
1022 830 1085 889 bitu
1114 836 1203 911 capto
1234 850 1289 910 per
1317 830 1473 889 Pocutiam
1506 828 1669 890 Polonieue
1706 830 1832 891 ditionis

158 930 200 989 tia
219 928 411 987 senatorios
429 923 588 985 indicenda
608 924 727 995 statuit:
746 924 776 981 in
795 922 904 1002 quibos
924 918 962 979 de
1021 923 1199 1003 provinciam
1217 942 1403 1003 perrumpere
1422 928 1593 992 conaretur,
1619 934 1715 1002 atque
1736 924 1777 985 ab
1796 944 1830 985 ea

158 1018 251 1081 Sueei
275 1020 363 1080 etiam
390 1016 568 1099 injuriis-ad
588 1014 721 1077 Ordines
745 1013 877 1075 referret.
918 1014 962 1072 ln·
1021 1018 1106 1095 parte
1129 1014 1274 1076 Nicotaus
1297 1014 1488 1077 Jaslouecins
1512 1013 1689 1077 Praefectus
1721 1016 1829 1079 Suiati·

157 1115 243 1175 terim
257 1115 286 1173 in
299 1112 453 1173 laironiam
467 1110 507 1170 ad
519 1108 717 1187 Magistratus
731 1118 763 1167 et
782 1106 963 1187 praefectos,
1022 1109 1136 1183 nensis,
1155 1110 1266 1188 aliique
1275 1107 1406 1169 nonnulli
1419 1130 1457 1167 ex
1468 1108 1631 1169 ditionibus
1641 1110 1738 1187 regiis
1755 1110 1832 1171 fama

158 1226 218 1287 quo
243 1206 309 1265 loeo
336 1224 386 1265 res
404 1208 511 1263 esserrt
530 1204 741 1283 perscriptum:
763 1209 856 1278 utque
882 1198 962 1259 ride·

158 1302 238 1369 rent,
269 1318 308 1359 ne
333 1318 388 1379 per
413 1295 618 1375 negligentiam
638 1293 804 1353 detrimenti
824 1290 896 1371 quid
912 1312 962 1352 ue·

158 1392 314 1471 eiperctur,
334 1390 432 1449 moniti
443 1390 577 1461 fuerunt3
598 1408 662 1447 cum
677 1386 835 1447 Litboanis
852 1390 961 1459 actum,

158 1496 193 1545 ot
211 1486 237 1543 si
263 1486 333 1563 qtds
357 1488 476 1561 pmeter
499 1482 666 1561 opinionem
692 1480 720 1539 in
746 1478 854 1538 ricinia
872 1476 961 1538 laire-

159 1580 209 1637 nia
234 1582 329 1635 motus
355 1572 533 1645 recidisset,
559 1574 717 1653 suppetias
743 1570 867 1631 ferrent:
892 1588 959 1629 cum

159 1670 337 1731 linae-item
365 1667 506 1735 Proseis:
530 1671 564 1726 nt
589 1666 710 1726 finitimo
735 1664 853 1745 etipse
873 1662 959 1723 1ιίνο-

157 1764 226 1823 niae
243 1760 381 1838 Principe
405 1778 460 1839 per
478 1756 681 1819 lleinbuldum
700 1756 960 1839 llejdenstejnium

156 1854 260 1915 eadem
281 1852 494 1929 communicata
521 1852 654 1913 fuerunt:
682 1870 807 1929 comque
826 1848 961 1931 lllajores

155 1947 262 2025 Legati
281 1944 319 2007 ad
339 1944 476 2005 lllosenm
503 1944 606 2018 missi,
630 1944 740 2023 quibus
764 1940 901 2003 mandata
921 1941 960 2003 de

155 2058 230 2121 pace
249 2038 379 2099 sueciae
399 2037 477 2117 ttegt
501 2036 581 2116 apud
605 2034 741 2097 bloseom
767 2034 959 2110 conficienda,

155 2132 227 2193 duta
245 2150 337 2212 sopra
356 2130 556 2201 ostendimus,
582 2131 613 2189 in
634 2130 739 2188 itinera
755 2130 818 2209 jam
838 2134 958 2189 esseut:

156 2246 195 2285 ne
213 2226 301 2287 ullam
324 2226 392 2305 ejus
411 2224 453 2283 rel
467 2224 641 2282 mentionem
656 2220 796 2292 facerent,
816 2232 847 2281 et
861 2224 957 2303 ipsum

156 2338 215 2379 rem
235 2336 319 2377 soom
345 2336 436 2395 agere
454 2315 670 2395 permitterent,
695 2334 750 2395 per
769 2314 895 2373 celerem
915 2322 958 2375 ta-

154 2410 305 2471 bellarium
337 2408 533 2485 significatum
568 2410 606 2467 iis
635 2406 698 2466 fnit.
750 2404 871 2465 Grodna
899 2408 958 2467 sub

154 2522 285 2563 mensem
311 2500 479 2576 Aurgostum
508 2500 677 2561 l'nrsuuiam
704 2499 769 2559 llex
794 2502 959 2579 processit:

154 2614 192 2655 co
216 2594 409 2655 Vamarieios
434 2612 553 2673 quoqne
577 2614 596 2651 e
622 2592 734 2653 Suecia
752 2592 872 2663 eodem,
897 2614 956 2673 quo

152 2686 364 2755 Ala-annius,
395 2684 573 2763 laegatiunis
600 2686 681 2745 exitu
707 2684 745 2745 ad
770 2684 837 2745 euni
864 2688 955 2745 uenit.

153 2777 265 2841 lbidcm
286 2798 357 2839 rere
384 2776 454 2837 dum
477 2776 667 2839 comitiorum
693 2778 772 2839 diem
791 2784 955 2859 exspectat,

151 2870 451 2933 Juncolaanaelriae
466 2868 621 2931 Palatinus
641 2872 671 2931 in
690 2876 867 2950 potestatem
887 2872 955 2953 ejus

151 2966 240 3025 venit.
260 2964 329 3035 llie,
348 2962 594 3042 quemadmodum
615 2984 706 3044 supra
724 2962 955 3024 demonstratum

152 3065 214 3127 est,
240 3078 259 3115 e
278 3056 453 3117 Saxordbns
473 3054 740 3125 Transsilranieis,
766 3056 832 3115 loeo
852 3056 954 3116 humili

150 3160 182 3211 ct
201 3150 331 3209 obscuro
356 3154 455 3219 ortus,
481 3147 645 3209 l'alacbioe
670 3146 836 3229 Principum
857 3168 954 3224 genus

150 3244 309 3303 ementitos
348 3241 458 3314 fuerat;
499 3240 655 3303 Aebmetis
694 3248 792 3301 autem
836 3239 954 3301 llassae

150 3356 241 3414 opero
252 3334 428 3395 Provinciae
447 3336 515 3415 ejus
534 3336 729 3415 principatum
751 3338 867 3403 nomas,
886 3352 952 3393 eom

150 3428 189 3487 ab
209 3426 292 3485 initio
312 3428 427 3495 statim,
453 3444 513 3503 qou
532 3427 630 3485 animo
650 3444 721 3503 erga
741 3422 854 3501 Regem
877 3426 952 3487 futu-

1022 1200 1111 1279 fugae
1135 1204 1204 1283 ejus
1233 1202 1324 1261 exciti
1349 1220 1415 1261 eom
1435 1208 1701 1281 persequerentur,
1727 1204 1768 1261 alr
1796 1206 1832 1263 iis

1021 1299 1128 1373 captos
1155 1294 1371 1375 Leopelimqrre
1397 1293 1556 1372 perdoctus
1583 1295 1638 1354 fuit
1698 1295 1831 1379 Scripsit

1021 1406 1086 1445 mox
1107 1386 1176 1447 Rex
1194 1387 1234 1447 ad
1246 1386 1402 1448 Nicolaum
1419 1388 1600 1458 Samiarium,
1620 1386 1670 1467 qui
1686 1388 1831 1453 finitimae

1020 1478 1141 1539 militine
1160 1480 1190 1539 in
1210 1478 1324 1541 llussia
1342 1486 1492 1559 praeerat,
1521 1498 1558 1539 oc
1576 1479 1734 1543 Nicolaum
1755 1484 1829 1545 ller-

1020 1570 1133 1629 bortum
1154 1570 1340 1631 Praefectum
1353 1572 1591 1653 lanopolicnsem
1609 1578 1642 1631 nt
1656 1576 1729 1657 jure
1749 1576 1828 1637 Gen·

1018 1664 1090 1723 tium
1109 1666 1288 1745 supplicium
1313 1663 1352 1725 de
1372 1684 1409 1723 eo
1429 1672 1595 1725 struerent:
1627 1667 1708 1729 linea
1733 1670 1828 1751 publi-

1019 1756 1112 1817 carit:
1132 1758 1271 1837 misitque
1285 1756 1483 1829 Quaesturam
1505 1758 1609 1819 Palatii
1622 1758 1827 1841 lliaeyntlrum

1018 1848 1229 1925 bllodseriom,
1264 1850 1315 1931 qui
1351 1851 1381 1910 iu
1411 1850 1559 1932 publicum
1590 1872 1627 1913 ca
1658 1854 1826 1934 redigeret:

1018 1942 1100 2002 uxori
1120 1952 1151 2001 et
1172 1942 1273 2003 liberis
1293 1944 1433 2003 alimenta
1452 1964 1550 2003 annrm
1571 1948 1735 2007 coustituit.
1763 1950 1825 2029 Ap·

1018 2036 1103 2115 petiit
1121 2035 1234 2095 interim
1260 2042 1379 2115 tempus
1400 2036 1598 2099 domitianum.
1634 2038 1681 2101 Ea
1701 2042 1732 2101 in
1752 2056 1827 2103 ante

1017 2130 1133 2187 tertium
1158 2129 1273 2187 mensis
1293 2126 1437 2189 Octobris
1457 2130 1522 2191 lieu
1550 2130 1704 2193 indiremt.
1743 2134 1823 2195 Nam

1017 2240 1084 2281 curru
1104 2222 1135 2281 in
1153 2220 1310 2281 adrentum
1330 2228 1442 2281 tantum
1471 2224 1608 2304 majorum
1627 2224 1824 2303 Legatornm.

1016 2312 1260 2395 quemadmodum
1290 2314 1358 2375 Rex
1391 2314 1571 2394 postularat,
1602 2318 1824 2399 oppugnandae

1016 2406 1134 2468 barrae
1153 2408 1289 2484 impetum
1310 2426 1397 2467 suurn
1418 2428 1618 2485 repressorem
1638 2430 1674 2471 se
1690 2410 1822 2473 ltlescus

1015 2501 1214 2581 promisisset,
1236 2519 1275 2559 ne
1295 2500 1323 2559 si
1336 2500 1467 2581 blujures
1489 2500 1596 2577 legati
1615 2504 1696 2565 idem
1717 2514 1821 2565 tencre

1017 2612 1074 2652 non
1093 2594 1279 2673 potuissent,
1303 2592 1343 2653 ad
1363 2592 1518 2653 aurisilium
1544 2616 1598 2675 pro
1617 2602 1755 2678 tempure
1774 2618 1820 2659 ea·

1016 2684 1151 2765 piendum
1178 2686 1345 2765 imparatior
1362 2692 1462 2755 esset,
1494 2707 1549 2747 non
1575 2690 1817 2753 cornmittemlum

1014 2778 1073 2839 sibi
1093 2776 1303 2849 arbitrabatur,
1328 2782 1398 2859 quio
1426 2780 1515 2861 primo
1540 2798 1661 2861 quoque
1687 2790 1817 2867 tempore

1013 2872 1051 2932 ad
1083 2870 1215 2931 Ordines
1249 2871 1288 2931 do
1318 2894 1354 2932 eo
1384 2872 1516 2932 referret.
1555 2866 1721 2939 Praeterea
1748 2898 1817 2937 rere

1013 2966 1165 3045 prouincia
1196 2962 1324 3026 lsironia
1353 2962 1595 3042 blagistrutibus,
1633 2988 1670 3029 ac
1702 2970 1816 3047 legibus

1014 3056 1180 3127 fundanda,
1209 3056 1385 3137 praesidiis,
1414 3064 1592 3130 commeatu,
1623 3062 1815 3123 instrumento

1013 3150 1090 3209 omni
1112 3149 1235 3223 bellico,
1260 3150 1389 3229 aliisque
1413 3156 1517 3213 eontra
1535 3154 1700 3233 repentinos
1719 3173 1812 3215 casus

1011 3242 1050 3305 ad
1077 3242 1282 3303 defensionem
1308 3244 1489 3303 necessariis
1514 3244 1600 3305 rebus
1628 3242 1812 3325 providenda

1012 3341 1090 3395 erat:
1111 3336 1289 3397 munitiones
1303 3336 1456 3415 collapsae
1476 3334 1696 3401 instaurandae:
1714 3358 1814 3399 norae

1011 3426 1225 3497 instituendae:
1251 3448 1329 3508 qnae
1353 3434 1384 3490 et
1409 3430 1438 3487 in
1459 3432 1581 3509 regione
1599 3430 1702 3511 partim
1722 3432 1813 3491 couti·

149 3538 201 3579 ms
220 3522 318 3591 esset,
347 3518 535 3589 ostenderat:
564 3526 740 3599 praeterque
760 3518 950 3579 decessorum
1012 3542 1069 3581 nuo
1088 3528 1131 3581 tot
1150 3542 1290 3583 annorum
1311 3520 1529 3599 bellorastatu,
1548 3524 1655 3605 partim
1673 3522 1714 3584 ab
1724 3523 1815 3587 besta

148 3628 268 3671 suorum
290 3630 397 3671 morem
418 3610 516 3672 nullos
535 3631 662 3689 unquam
681 3612 815 3690 laegatus
832 3613 871 3673 ad
893 3612 951 3673 lte·
1011 3616 1052 3676 ita
1071 3614 1193 3691 tradita,
1213 3624 1246 3675 ut
1264 3636 1342 3695 qnae
1362 3616 1453 3675 armis
1471 3616 1511 3675 ab
1529 3617 1631 3676 inritis
1650 3616 1814 3697 exprimun-

148 3724 214 3782 κει
234 3702 370 3777 miserat3
389 3710 449 3763 tum
469 3709 574 3783 postca
588 3704 679 3764 uariis
699 3706 814 3785 injuriis
827 3706 950 3785 liegem,
1010 3714 1071 3779 tor,
1102 3708 1177 3769 trudi
1202 3706 1315 3783 solent,
1344 3709 1443 3769 omnia
1468 3707 1603 3769 deerant:
1635 3719 1665 3769 et
1685 3708 1754 3771 Rex
1774 3730 1813 3771 er

147 3796 949 3879 bomiucsqoeejnsalfecemt:litterusltegiasad'l'ur·
1009 3802 1137 3861 omnium
1176 3800 1321 3861 (inlinum
1357 3803 1523 3871 sententia,
1567 3800 1812 3881 quemadmodum

148 3910 246 3951 curum
265 3891 472 3970 lmperatorem
485 3888 645 3967 aliquoties
655 3890 867 3971 interceperat:
879 3894 949 3953 resi·
1009 3914 1100 3973 sopra
1124 3894 1326 3965 ostendimus,
1352 3893 1560 3955 constituenda
1584 3894 1644 3955 sibi
1662 3896 1812 3957 existima-

148 3981 736 4061 gnarut:resignatasremiserat:llegem
744 3986 949 4065 &erratumque
1008 3988 1070 4047 but.
1111 3986 1237 4047 Adbaec
1262 3986 1394 4047 nonnihil
1421 3986 1536 4048 'l'artari
1563 3988 1668 4062 etiam,
1694 3988 1733 4049 de
1751 4008 1813 4067 qoa

148 4076 245 4155 Regni
257 4076 394 4135 ‹rnurribus
404 4076 502 4135 modis
513 4076 541 4133 in
553 4074 651 4133 odium
662 4096 698 4135 nc
711 4076 949 4139 inridinmaddu-
976 4086 981 4182 q
1008 4100 1100 4160 snpra
1124 4078 1231 4141 dietum
1260 4090 1325 4151 est,
1356 4080 1462 4139 bellum
1487 4078 1694 4141 denuntiantis
1716 4082 1813 4141 oratio

147 4188 216 4227 cere
229 4172 354 4225 cunutus
380 4168 489 4227 fuerat:
515 4169 544 4226 in
570 4170 708 4229 finitimas
732 4168 843 4250 aliqrmt
865 4172 949 4232 uillas
977 4183 981 4258 t
1008 4193 1076 4233 eom
1096 4181 1303 4233 eornmorerat.
1342 4173 1390 4233 nd
1411 4192 1498 4253 qnam
1518 4192 1584 4231 cum
1606 4173 1701 4233 crebri
1722 4176 1811 4235 etiam

147 4258 296 4320 Nobilium
307 4260 478 4331 latrociniis,
492 4260 577 4333 ferro,
588 4283 624 4319 ac
637 4261 781 4323 inecrrdiis
793 4276 950 4341 grassatos
977 4274 981 4313 ¹
1007 4286 1141 4326 rumores
1167 4287 1204 4327 ex
1223 4264 1338 4327 ltussia
1362 4264 1401 4325 de
1420 4264 1544 4325 tumultu
1562 4264 1643 4327 allati
1663 4268 1810 4327 accessis·

148 4352 259 4413 fueret:
279 4349 414 4409 beminen
435 4354 549 4429 regios,
575 4355 624 4431 qui
650 4374 745 4414 rerum
766 4378 885 4417 suarum
905 4380 948 4419 re·
976 4318 981 4410 l
1007 4366 1084 4429 sent,
1104 4360 1196 4419 itaut
1216 4360 1244 4419 in
1264 4359 1416 4439 procinctu
1433 4360 1494 4439 jam
1508 4358 1624 4419 Tartari
1645 4378 1719 4419 esse
1739 4380 1811 4419 nuo

146 4442 351 4523 petendarum,
367 4444 505 4523 jurisque
525 4446 677 4505 olitinendi
696 4468 789 4511 eausa
808 4450 847 4511 ad
866 4452 947 4513 illum
976 4427 980 4484 l
1007 4454 1158 4525 timentur,
1173 4454 1235 4533 jam
1255 4457 1325 4511 aute
1343 4450 1460 4529 quidem
1478 4452 1582 4529 rigiuti
1601 4450 1680 4513 duas
1700 4458 1812 4513 turmas

147 4538 317 4609 venissent,
353 4536 490 4617 pulsatos
519 4540 548 4597 in
583 4560 729 4599 carcerem
765 4547 949 4625 conjecerat3
976 4541 979 4591 !
1008 4548 1146 4625 equitnm,
1164 4546 1215 4622 qui
1235 4544 1273 4604 ad
1290 4544 1475 4605 Plescoriam
1496 4544 1644 4623 stipendia
1665 4545 1812 4617 fecerant,

145 4632 256 4711 quibus
273 4631 389 4711 injuriis
408 4648 475 4691 curn
494 4630 563 4693 llex
582 4640 743 4713 permotus,
763 4636 947 4713 quemadmo·
975 4620 979 4681 l
1006 4636 1045 4699 ad
1079 4637 1249 4697 Seniarium
1286 4636 1475 4698 Praefectum
1505 4638 1629 4698 militiae
1656 4636 1812 4699 Russicae

145 4724 213 4787 dom
238 4728 309 4787 ante
333 4724 534 4799 ostendimus,
560 4724 720 4785 'ferrearum
740 4728 946 4808 lmperatorem
974 4746 978 4793 t
1005 4730 1196 4813 praemittere
1221 4729 1409 4791 Zrmosciuin
1430 4732 1574 4813 jusserat.
1616 4730 1657 4791 Ut
1683 4750 1755 4791 rere
1778 4732 1809 4791 ia

146 4814 185 4875 de
205 4818 244 4875 iis
269 4816 468 4897 appellasset:
495 4824 586 4898 utque
610 4819 688 4879 illum
709 4840 728 4879 a
751 4820 904 4895 lalucbia,
929 4844 948 4885 a
1005 4823 1271 4904 praesentiaarma
1290 4824 1410 4885 abillis
1430 4844 1488 4883 non
1510 4830 1713 4889 sumerentur:
1738 4824 1812 4907 quia

146 4908 254 4967 fioribus
272 4909 436 4969 molestiam
456 4910 536 4971 bane
552 4921 717 4981 amoveret,
746 4932 782 4971 ex
802 4914 948 4991 dignitate
973 4942 976 5002 ;
1004 4924 1102 4979 tamen
1130 4916 1208 4975 facili
1233 4924 1381 4978 momente
1407 4918 1517 4997 impelli
1542 4938 1597 4977 eos
1617 4916 1749 4985 rideret:
1777 4925 1812 4979 at

145 4998 275 5075 alioquin
304 5022 360 5061 sua
389 5004 542 5063 eonsilium
569 5012 722 5084 capturos.
753 5008 945 5083 postulasset,
972 5012 976 5107 l
1003 5010 1033 5069 in
1053 5010 1184 5069 ditiones
1204 5030 1277 5069 roas
1296 5012 1468 5083 transirent,
1487 5011 1642 5089 dignitatis
1662 5009 1811 5071 nibilomi-

146 5110 196 5149 res
213 5088 304 5149 dilata
322 5092 427 5153 fuerat.
468 5096 534 5155 lloe
554 5104 686 5179 tenqmro
705 5099 734 5157 in
753 5100 849 5161 aulam
872 5100 944 5161 Tur·
972 5123 975 5130 ·
1003 5122 1061 5163 rios
1080 5122 1155 5163 suae
1175 5122 1247 5163 esse
1266 5104 1426 5167 statuebat,
1446 5114 1479 5163 nt
1499 5122 1551 5181 pro
1572 5102 1651 5165 fama
1670 5122 1770 5165 rcrom
1792 5124 1810 5163 a

145 5186 220 5245 eiam
240 5202 417 5245 successore
442 5188 471 5245 ei
496 5193 657 5251 sermnisso
677 5200 835 5263 eruentus,
866 5214 942 5253 eom·
969 5154 974 5270 l
1002 5214 1038 5255 sc
1068 5204 1219 5273 gestarum
1250 5218 1287 5256 ea
1320 5197 1445 5257 coasilia
1474 5198 1658 5277 susciperet,
1696 5198 1809 5279 quibos
