<?xml version="1.0" encoding="UTF-8"?>
<!DOCTYPE html PUBLIC "-//W3C//DTD XHTML 1.0 Transitional//EN"
    "http://www.w3.org/TR/xhtml1/DTD/xhtml1-transitional.dtd">
<html xmlns="http://www.w3.org/1999/xhtml" xml:lang="en" lang="en">
 <head>
  <title>
</title>
<meta http-equiv="Content-Type" content="text/html;charset=utf-8" />
  <meta name='ocr-system' content='tesseract 3.04.00' />
  <meta name='ocr-capabilities' content='ocr_page ocr_carea ocr_par ocr_line ocrx_word'/>
</head>
<body>
  <div class='ocr_page' id='page_1' title='image "./historiaeruthen00stargoog_0439.png"; bbox 0 0 3742 5626; ppageno 0'>
   <div class='ocr_carea' id='block_1_1' title="bbox 122 212 1241 287">
    <p class='ocr_par' dir='ltr' id='par_1_1' title="bbox 122 212 1241 287">
     <span class='ocr_line' id='line_1_1' title="bbox 122 212 1241 287; baseline -0.006 -1"><span class='ocrx_word' id='word_1_1' title='bbox 122 228 175 287; x_wconf 78' lang='lat' dir='ltr'><strong>iii</strong></span> <span class='ocrx_word' id='word_1_2' title='bbox 659 212 895 279; x_wconf 71' lang='lat' dir='ltr'><strong>notabatur</strong></span> <span class='ocrx_word' id='word_1_3' title='bbox 914 212 1241 279; x_wconf 67' lang='lat' dir='ltr'><strong>burnunculum!</strong></span> 
     </span>
    </p>
   </div>
   <div class='ocr_carea' id='block_1_2' title="bbox 98 376 1791 5191">
    <p class='ocr_par' dir='ltr' id='par_1_2' title="bbox 98 376 1791 5191">
     <span class='ocr_line' id='line_1_2' title="bbox 121 376 1791 470; baseline -0.003 -26"><span class='ocrx_word' id='word_1_4' title='bbox 121 388 252 470; x_wconf 77' lang='lat' dir='ltr'><strong>abjiciat.</strong></span> <span class='ocrx_word' id='word_1_5' title='bbox 273 378 546 443; x_wconf 83' lang='lat' dir='ltr'><strong>Perreaerunthoo</strong></span> <span class='ocrx_word' id='word_1_6' title='bbox 564 376 679 439; x_wconf 73' lang='lat' dir='ltr'><strong>litterae</strong></span> <span class='ocrx_word' id='word_1_7' title='bbox 700 376 739 439; x_wconf 91' lang='lat' dir='ltr'><strong>ad</strong></span> <span class='ocrx_word' id='word_1_8' title='bbox 753 378 926 448; x_wconf 89' lang='lat' dir='ltr'><strong>lliicletiura,</strong></span> <span class='ocrx_word' id='word_1_9' title='bbox 984 377 1190 441; x_wconf 87' lang='lat' dir='ltr'><strong>Smoleaseam</strong></span> <span class='ocrx_word' id='word_1_10' title='bbox 1212 379 1456 463; x_wconf 76' lang='lat' dir='ltr'><strong>populationibus</strong></span> <span class='ocrx_word' id='word_1_11' title='bbox 1477 390 1644 461; x_wconf 78' lang='lat' dir='ltr'><strong>provectus,</strong></span> <span class='ocrx_word' id='word_1_12' title='bbox 1668 390 1791 459; x_wconf 89' lang='lat' dir='ltr'><strong>praeter</strong></span> 
     </span>
     <span class='ocr_line' id='line_1_3' title="bbox 123 468 1788 561; baseline -0.005 -21"><span class='ocrx_word' id='word_1_13' title='bbox 123 478 231 561; x_wconf 87' lang='lat' dir='ltr'><strong>quide</strong></span> <span class='ocrx_word' id='word_1_14' title='bbox 255 474 411 537; x_wconf 85' lang='lat' dir='ltr'><strong>tormentis</strong></span> <span class='ocrx_word' id='word_1_15' title='bbox 436 470 623 553; x_wconf 80' lang='lat' dir='ltr'><strong>potissimum</strong></span> <span class='ocrx_word' id='word_1_16' title='bbox 643 488 680 531; x_wconf 87' lang='lat' dir='ltr'><strong>ac</strong></span> <span class='ocrx_word' id='word_1_17' title='bbox 698 475 841 551; x_wconf 82' lang='lat' dir='ltr'><strong>apparatu</strong></span> <span class='ocrx_word' id='word_1_18' title='bbox 863 468 922 529; x_wconf 90' lang='lat' dir='ltr'><strong>hel·</strong></span> <span class='ocrx_word' id='word_1_19' title='bbox 982 474 1048 551; x_wconf 79' lang='lat' dir='ltr'><strong>ogri</strong></span> <span class='ocrx_word' id='word_1_20' title='bbox 1068 472 1166 533; x_wconf 91' lang='lat' dir='ltr'><strong>solum</strong></span> <span class='ocrx_word' id='word_1_21' title='bbox 1185 474 1258 535; x_wconf 94' lang='lat' dir='ltr'><strong>nihii</strong></span> <span class='ocrx_word' id='word_1_22' title='bbox 1280 477 1317 535; x_wconf 88' lang='lat' dir='ltr'><strong>iis</strong></span> <span class='ocrx_word' id='word_1_23' title='bbox 1336 477 1366 534; x_wconf 93' lang='lat' dir='ltr'><strong>in</strong></span> <span class='ocrx_word' id='word_1_24' title='bbox 1386 472 1462 533; x_wconf 89' lang='lat' dir='ltr'><strong>locis</strong></span> <span class='ocrx_word' id='word_1_25' title='bbox 1487 470 1632 553; x_wconf 75' lang='lat' dir='ltr'><strong>reliquum</strong></span> <span class='ocrx_word' id='word_1_26' title='bbox 1656 470 1788 533; x_wconf 76' lang='lat' dir='ltr'><strong>fecerat:</strong></span> 
     </span>
     <span class='ocr_line' id='line_1_4' title="bbox 122 560 1789 645; baseline -0.005 -11"><span class='ocrx_word' id='word_1_27' title='bbox 122 575 180 633; x_wconf 93' lang='lat' dir='ltr'><strong>lico</strong></span> <span class='ocrx_word' id='word_1_28' title='bbox 199 570 354 635; x_wconf 82' lang='lat' dir='ltr'><strong>sollicitus,</strong></span> <span class='ocrx_word' id='word_1_29' title='bbox 375 565 426 644; x_wconf 91' lang='lat' dir='ltr'><strong>qui</strong></span> <span class='ocrx_word' id='word_1_30' title='bbox 445 560 485 625; x_wconf 91' lang='lat' dir='ltr'><strong>ad</strong></span> <span class='ocrx_word' id='word_1_31' title='bbox 503 560 682 623; x_wconf 82' lang='lat' dir='ltr'><strong>deditionem</strong></span> <span class='ocrx_word' id='word_1_32' title='bbox 702 560 809 625; x_wconf 81' lang='lat' dir='ltr'><strong>hostes</strong></span> <span class='ocrx_word' id='word_1_33' title='bbox 827 561 924 623; x_wconf 91' lang='lat' dir='ltr'><strong>horto·</strong></span> <span class='ocrx_word' id='word_1_34' title='bbox 983 562 1113 645; x_wconf 76' lang='lat' dir='ltr'>indeque</span> <span class='ocrx_word' id='word_1_35' title='bbox 1141 586 1249 645; x_wconf 79' lang='lat' dir='ltr'><strong>magaa</strong></span> <span class='ocrx_word' id='word_1_36' title='bbox 1280 586 1347 627; x_wconf 91' lang='lat' dir='ltr'><strong>cum</strong></span> <span class='ocrx_word' id='word_1_37' title='bbox 1379 568 1477 625; x_wconf 80' lang='lat' dir='ltr'><strong>amaris</strong></span> <span class='ocrx_word' id='word_1_38' title='bbox 1507 566 1627 645; x_wconf 74' lang='lat' dir='ltr'><strong>generis</strong></span> <span class='ocrx_word' id='word_1_39' title='bbox 1657 562 1789 645; x_wconf 66' lang='lat' dir='ltr'><strong>praedm</strong></span> 
     </span>
     <span class='ocr_line' id='line_1_5' title="bbox 123 654 1788 740; baseline -0.006 -13"><span class='ocrx_word' id='word_1_40' title='bbox 123 674 210 735; x_wconf 88' lang='lat' dir='ltr'><strong>retur,</strong></span> <span class='ocrx_word' id='word_1_41' title='bbox 229 662 321 724; x_wconf 83' lang='lat' dir='ltr'><strong>misit.</strong></span> <span class='ocrx_word' id='word_1_42' title='bbox 353 654 487 717; x_wconf 78' lang='lat' dir='ltr'><strong>Eaedem</strong></span> <span class='ocrx_word' id='word_1_43' title='bbox 507 660 604 717; x_wconf 84' lang='lat' dir='ltr'><strong>autera</strong></span> <span class='ocrx_word' id='word_1_44' title='bbox 624 676 690 717; x_wconf 86' lang='lat' dir='ltr'><strong>caro</strong></span> <span class='ocrx_word' id='word_1_45' title='bbox 709 656 740 715; x_wconf 92' lang='lat' dir='ltr'><strong>la</strong></span> <span class='ocrx_word' id='word_1_46' title='bbox 759 655 925 717; x_wconf 87' lang='lat' dir='ltr'><strong>Palatinum</strong></span> <span class='ocrx_word' id='word_1_47' title='bbox 983 657 1065 719; x_wconf 92' lang='lat' dir='ltr'><strong>nullo</strong></span> <span class='ocrx_word' id='word_1_48' title='bbox 1087 657 1263 721; x_wconf 90' lang='lat' dir='ltr'><strong>detrimento</strong></span> <span class='ocrx_word' id='word_1_49' title='bbox 1284 668 1409 740; x_wconf 87' lang='lat' dir='ltr'><strong>accepto</strong></span> <span class='ocrx_word' id='word_1_50' title='bbox 1430 678 1503 719; x_wconf 91' lang='lat' dir='ltr'><strong>suos</strong></span> <span class='ocrx_word' id='word_1_51' title='bbox 1523 656 1693 718; x_wconf 87' lang='lat' dir='ltr'><strong>reduxerat.</strong></span> <span class='ocrx_word' id='word_1_52' title='bbox 1720 655 1788 717; x_wconf 80' lang='lat' dir='ltr'><strong>Res</strong></span> 
     </span>
     <span class='ocr_line' id='line_1_6' title="bbox 123 747 1786 829; baseline -0.006 -9"><span class='ocrx_word' id='word_1_53' title='bbox 123 756 323 820; x_wconf 86' lang='lat' dir='ltr'><strong>Pelatiensem</strong></span> <span class='ocrx_word' id='word_1_54' title='bbox 342 750 430 810; x_wconf 80' lang='lat' dir='ltr'><strong>elion</strong></span> <span class='ocrx_word' id='word_1_55' title='bbox 449 747 642 819; x_wconf 71' lang='lat' dir='ltr'><strong>incidissent,</strong></span> <span class='ocrx_word' id='word_1_56' title='bbox 662 750 729 829; x_wconf 86' lang='lat' dir='ltr'><strong>ipse</strong></span> <span class='ocrx_word' id='word_1_57' title='bbox 749 768 868 829; x_wconf 90' lang='lat' dir='ltr'><strong>qaoque</strong></span> <span class='ocrx_word' id='word_1_58' title='bbox 887 766 924 807; x_wconf 91' lang='lat' dir='ltr'><strong>eo</strong></span> <span class='ocrx_word' id='word_1_59' title='bbox 982 770 1050 810; x_wconf 91' lang='lat' dir='ltr'><strong>cnm</strong></span> <span class='ocrx_word' id='word_1_60' title='bbox 1070 751 1138 812; x_wconf 89' lang='lat' dir='ltr'><strong>aliis</strong></span> <span class='ocrx_word' id='word_1_61' title='bbox 1153 754 1335 813; x_wconf 87' lang='lat' dir='ltr'><strong>necessariis</strong></span> <span class='ocrx_word' id='word_1_62' title='bbox 1350 750 1514 822; x_wconf 86' lang='lat' dir='ltr'><strong>decausis,</strong></span> <span class='ocrx_word' id='word_1_63' title='bbox 1528 752 1739 811; x_wconf 82' lang='lat' dir='ltr'><strong>maximevero</strong></span> <span class='ocrx_word' id='word_1_64' title='bbox 1755 762 1786 810; x_wconf 90' lang='lat' dir='ltr'><strong>ut</strong></span> 
     </span>
     <span class='ocr_line' id='line_1_7' title="bbox 122 840 1785 925; baseline -0.007 -13"><span class='ocrx_word' id='word_1_65' title='bbox 122 848 255 914; x_wconf 83' lang='lat' dir='ltr'><strong>accurrit.</strong></span> <span class='ocrx_word' id='word_1_66' title='bbox 295 844 412 905; x_wconf 87' lang='lat' dir='ltr'><strong>llostes</strong></span> <span class='ocrx_word' id='word_1_67' title='bbox 431 843 524 921; x_wconf 88' lang='lat' dir='ltr'><strong>pacti,</strong></span> <span class='ocrx_word' id='word_1_68' title='bbox 549 848 584 901; x_wconf 88' lang='lat' dir='ltr'><strong>ut</strong></span> <span class='ocrx_word' id='word_1_69' title='bbox 601 841 730 920; x_wconf 81' lang='lat' dir='ltr'><strong>singulis</strong></span> <span class='ocrx_word' id='word_1_70' title='bbox 748 860 816 902; x_wconf 90' lang='lat' dir='ltr'><strong>cum</strong></span> <span class='ocrx_word' id='word_1_71' title='bbox 835 840 925 901; x_wconf 83' lang='lat' dir='ltr'><strong>resti·</strong></span> <span class='ocrx_word' id='word_1_72' title='bbox 982 840 1089 903; x_wconf 87' lang='lat' dir='ltr'><strong>bellura</strong></span> <span class='ocrx_word' id='word_1_73' title='bbox 1102 852 1339 925; x_wconf 74' lang='lat' dir='ltr'><strong>persequeretur,</strong></span> <span class='ocrx_word' id='word_1_74' title='bbox 1360 842 1488 905; x_wconf 84' lang='lat' dir='ltr'><strong>Cauritia</strong></span> <span class='ocrx_word' id='word_1_75' title='bbox 1507 840 1646 905; x_wconf 91' lang='lat' dir='ltr'><strong>babendo</strong></span> <span class='ocrx_word' id='word_1_76' title='bbox 1671 840 1734 903; x_wconf 91' lang='lat' dir='ltr'><strong>sihi</strong></span> <span class='ocrx_word' id='word_1_77' title='bbox 1745 846 1785 903; x_wconf 84' lang='lat' dir='ltr'><strong>in.</strong></span> 
     </span>
     <span class='ocr_line' id='line_1_8' title="bbox 123 932 1783 1019; baseline -0.006 -14"><span class='ocrx_word' id='word_1_78' title='bbox 123 944 234 1005; x_wconf 73' lang='lat' dir='ltr'><strong>trientis</strong></span> <span class='ocrx_word' id='word_1_79' title='bbox 252 935 408 999; x_wconf 77' lang='lat' dir='ltr'><strong>discedere</strong></span> <span class='ocrx_word' id='word_1_80' title='bbox 429 936 488 995; x_wconf 89' lang='lat' dir='ltr'><strong>sibi</strong></span> <span class='ocrx_word' id='word_1_81' title='bbox 507 934 625 1006; x_wconf 89' lang='lat' dir='ltr'><strong>liceret,</strong></span> <span class='ocrx_word' id='word_1_82' title='bbox 650 940 781 997; x_wconf 86' lang='lat' dir='ltr'><strong>castrum</strong></span> <span class='ocrx_word' id='word_1_83' title='bbox 799 938 924 995; x_wconf 82' lang='lat' dir='ltr'><strong>tornea·</strong></span> <span class='ocrx_word' id='word_1_84' title='bbox 981 935 1137 1015; x_wconf 80' lang='lat' dir='ltr'><strong>tolligcret,</strong></span> <span class='ocrx_word' id='word_1_85' title='bbox 1150 939 1314 1019; x_wconf 87' lang='lat' dir='ltr'><strong>eoquejara</strong></span> <span class='ocrx_word' id='word_1_86' title='bbox 1326 937 1356 995; x_wconf 92' lang='lat' dir='ltr'><strong>ia</strong></span> <span class='ocrx_word' id='word_1_87' title='bbox 1368 932 1526 998; x_wconf 89' lang='lat' dir='ltr'><strong>antediem</strong></span> <span class='ocrx_word' id='word_1_88' title='bbox 1539 938 1712 996; x_wconf 87' lang='lat' dir='ltr'><strong>vicesimam</strong></span> <span class='ocrx_word' id='word_1_89' title='bbox 1729 944 1783 997; x_wconf 84' lang='lat' dir='ltr'><strong>ter-</strong></span> 
     </span>
     <span class='ocr_line' id='line_1_9' title="bbox 120 1026 1783 1115; baseline -0.001 -25"><span class='ocrx_word' id='word_1_90' title='bbox 120 1044 219 1115; x_wconf 64' lang='lat' dir='ltr'><strong>raque,</strong></span> <span class='ocrx_word' id='word_1_91' title='bbox 239 1038 270 1093; x_wconf 86' lang='lat' dir='ltr'><strong>et</strong></span> <span class='ocrx_word' id='word_1_92' title='bbox 289 1027 431 1111; x_wconf 88' lang='lat' dir='ltr'><strong>quicquid</strong></span> <span class='ocrx_word' id='word_1_93' title='bbox 449 1030 479 1087; x_wconf 92' lang='lat' dir='ltr'><strong>ia</strong></span> <span class='ocrx_word' id='word_1_94' title='bbox 500 1046 537 1088; x_wconf 90' lang='lat' dir='ltr'><strong>ao</strong></span> <span class='ocrx_word' id='word_1_95' title='bbox 556 1034 716 1109; x_wconf 84' lang='lat' dir='ltr'><strong>apparatos</strong></span> <span class='ocrx_word' id='word_1_96' title='bbox 732 1026 831 1089; x_wconf 85' lang='lat' dir='ltr'><strong>bellici</strong></span> <span class='ocrx_word' id='word_1_97' title='bbox 852 1030 924 1101; x_wconf 86' lang='lat' dir='ltr'><strong>erat,</strong></span> <span class='ocrx_word' id='word_1_98' title='bbox 980 1028 1053 1089; x_wconf 90' lang='lat' dir='ltr'><strong>tiara</strong></span> <span class='ocrx_word' id='word_1_99' title='bbox 1069 1028 1249 1091; x_wconf 84' lang='lat' dir='ltr'><strong>Novembris</strong></span> <span class='ocrx_word' id='word_1_100' title='bbox 1259 1029 1448 1107; x_wconf 75' lang='lat' dir='ltr'><strong>lVorsoviom</strong></span> <span class='ocrx_word' id='word_1_101' title='bbox 1470 1026 1638 1103; x_wconf 74' lang='lat' dir='ltr'><strong>indixisset,</strong></span> <span class='ocrx_word' id='word_1_102' title='bbox 1657 1032 1783 1097; x_wconf 82' lang='lat' dir='ltr'><strong>interim,</strong></span> 
     </span>
     <span class='ocr_line' id='line_1_10' title="bbox 120 1118 1782 1203; baseline -0.005 -14"><span class='ocrx_word' id='word_1_103' title='bbox 120 1128 318 1195; x_wconf 76' lang='lat' dir='ltr'><strong>tradideruat3</strong></span> <span class='ocrx_word' id='word_1_104' title='bbox 348 1122 458 1203; x_wconf 88' lang='lat' dir='ltr'><strong>quibus</strong></span> <span class='ocrx_word' id='word_1_105' title='bbox 487 1120 578 1181; x_wconf 89' lang='lat' dir='ltr'><strong>robus</strong></span> <span class='ocrx_word' id='word_1_106' title='bbox 607 1120 748 1199; x_wconf 75' lang='lat' dir='ltr'><strong>perfectis</strong></span> <span class='ocrx_word' id='word_1_107' title='bbox 772 1118 924 1180; x_wconf 87' lang='lat' dir='ltr'><strong>hlielctius</strong></span> <span class='ocrx_word' id='word_1_108' title='bbox 980 1138 1057 1202; x_wconf 89' lang='lat' dir='ltr'><strong>quoe</strong></span> <span class='ocrx_word' id='word_1_109' title='bbox 1087 1118 1127 1183; x_wconf 88' lang='lat' dir='ltr'><strong>ad</strong></span> <span class='ocrx_word' id='word_1_110' title='bbox 1155 1122 1333 1186; x_wconf 87' lang='lat' dir='ltr'><strong>Liihusniae</strong></span> <span class='ocrx_word' id='word_1_111' title='bbox 1372 1122 1564 1181; x_wconf 80' lang='lat' dir='ltr'><strong>securitatem</strong></span> <span class='ocrx_word' id='word_1_112' title='bbox 1594 1123 1782 1201; x_wconf 83' lang='lat' dir='ltr'><strong>pertinerent,</strong></span> 
     </span>
     <span class='ocr_line' id='line_1_11' title="bbox 121 1211 1782 1299; baseline -0.005 -18"><span class='ocrx_word' id='word_1_113' title='bbox 121 1226 150 1283; x_wconf 93' lang='lat' dir='ltr'><strong>in</strong></span> <span class='ocrx_word' id='word_1_114' title='bbox 171 1229 234 1281; x_wconf 89' lang='lat' dir='ltr'><strong>tres</strong></span> <span class='ocrx_word' id='word_1_115' title='bbox 253 1221 355 1299; x_wconf 85' lang='lat' dir='ltr'><strong>partes</strong></span> <span class='ocrx_word' id='word_1_116' title='bbox 375 1212 736 1276; x_wconf 78' lang='lat' dir='ltr'><strong>exercitandistribatam</strong></span> <span class='ocrx_word' id='word_1_117' title='bbox 755 1215 786 1273; x_wconf 92' lang='lat' dir='ltr'><strong>ia</strong></span> <span class='ocrx_word' id='word_1_118' title='bbox 800 1211 924 1271; x_wconf 87' lang='lat' dir='ltr'><strong>hiberna</strong></span> <span class='ocrx_word' id='word_1_119' title='bbox 981 1228 1118 1293; x_wconf 88' lang='lat' dir='ltr'><strong>quaeque</strong></span> <span class='ocrx_word' id='word_1_120' title='bbox 1144 1216 1174 1273; x_wconf 90' lang='lat' dir='ltr'><strong>ia</strong></span> <span class='ocrx_word' id='word_1_121' title='bbox 1201 1234 1305 1275; x_wconf 90' lang='lat' dir='ltr'><strong>omacs</strong></span> <span class='ocrx_word' id='word_1_122' title='bbox 1332 1234 1422 1276; x_wconf 87' lang='lat' dir='ltr'><strong>easns</strong></span> <span class='ocrx_word' id='word_1_123' title='bbox 1450 1224 1552 1275; x_wconf 86' lang='lat' dir='ltr'><strong>eontra</strong></span> <span class='ocrx_word' id='word_1_124' title='bbox 1577 1211 1709 1274; x_wconf 89' lang='lat' dir='ltr'><strong>hostium</strong></span> <span class='ocrx_word' id='word_1_125' title='bbox 1734 1217 1782 1273; x_wconf 77' lang='lat' dir='ltr'><strong>in-</strong></span> 
     </span>
     <span class='ocr_line' id='line_1_12' title="bbox 122 1302 1781 1389; baseline -0.005 -14"><span class='ocrx_word' id='word_1_126' title='bbox 122 1312 255 1375; x_wconf 82' lang='lat' dir='ltr'><strong>deduxit.</strong></span> <span class='ocrx_word' id='word_1_127' title='bbox 286 1308 396 1370; x_wconf 84' lang='lat' dir='ltr'><strong>Primis</strong></span> <span class='ocrx_word' id='word_1_128' title='bbox 414 1304 661 1387; x_wconf 75' lang='lat' dir='ltr'><strong>christophorum</strong></span> <span class='ocrx_word' id='word_1_129' title='bbox 680 1305 843 1367; x_wconf 84' lang='lat' dir='ltr'><strong>Nisoiciura</strong></span> <span class='ocrx_word' id='word_1_130' title='bbox 866 1302 924 1363; x_wconf 83' lang='lat' dir='ltr'><strong>ho·</strong></span> <span class='ocrx_word' id='word_1_131' title='bbox 981 1308 1155 1386; x_wconf 83' lang='lat' dir='ltr'><strong>pressiones</strong></span> <span class='ocrx_word' id='word_1_132' title='bbox 1175 1304 1353 1389; x_wconf 87' lang='lat' dir='ltr'><strong>opponenda</strong></span> <span class='ocrx_word' id='word_1_133' title='bbox 1368 1305 1539 1388; x_wconf 85' lang='lat' dir='ltr'><strong>judicabat,</strong></span> <span class='ocrx_word' id='word_1_134' title='bbox 1565 1326 1631 1367; x_wconf 90' lang='lat' dir='ltr'><strong>cuar</strong></span> <span class='ocrx_word' id='word_1_135' title='bbox 1658 1304 1781 1367; x_wconf 65' lang='lat' dir='ltr'><strong>&amp;aare</strong></span> 
     </span>
     <span class='ocr_line' id='line_1_13' title="bbox 122 1396 1781 1483; baseline -0.006 -16"><span class='ocrx_word' id='word_1_136' title='bbox 122 1414 236 1483; x_wconf 70' lang='lat' dir='ltr'><strong>gatiam:</strong></span> <span class='ocrx_word' id='word_1_137' title='bbox 267 1399 370 1463; x_wconf 88' lang='lat' dir='ltr'><strong>alteris</strong></span> <span class='ocrx_word' id='word_1_138' title='bbox 398 1400 554 1461; x_wconf 86' lang='lat' dir='ltr'><strong>hlsrtiuum</strong></span> <span class='ocrx_word' id='word_1_139' title='bbox 580 1400 797 1461; x_wconf 82' lang='lat' dir='ltr'><strong>Coaarroriuur:</strong></span> <span class='ocrx_word' id='word_1_140' title='bbox 825 1397 924 1457; x_wconf 85' lang='lat' dir='ltr'><strong>tertiis</strong></span> <span class='ocrx_word' id='word_1_141' title='bbox 980 1396 1062 1457; x_wconf 89' lang='lat' dir='ltr'><strong>ribus</strong></span> <span class='ocrx_word' id='word_1_142' title='bbox 1087 1400 1266 1461; x_wconf 87' lang='lat' dir='ltr'><strong>Litbusniae</strong></span> <span class='ocrx_word' id='word_1_143' title='bbox 1294 1403 1464 1474; x_wconf 84' lang='lat' dir='ltr'><strong>cerrstituit;</strong></span> <span class='ocrx_word' id='word_1_144' title='bbox 1493 1402 1544 1479; x_wconf 93' lang='lat' dir='ltr'><strong>qui</strong></span> <span class='ocrx_word' id='word_1_145' title='bbox 1571 1416 1673 1459; x_wconf 90' lang='lat' dir='ltr'><strong>eorum</strong></span> <span class='ocrx_word' id='word_1_146' title='bbox 1699 1418 1781 1480; x_wconf 78' lang='lat' dir='ltr'><strong>prae</strong></span> 
     </span>
     <span class='ocr_line' id='line_1_14' title="bbox 122 1488 1782 1577; baseline -0.005 -18"><span class='ocrx_word' id='word_1_147' title='bbox 122 1493 344 1577; x_wconf 74' lang='lat' dir='ltr'><strong>sigismundum</strong></span> <span class='ocrx_word' id='word_1_148' title='bbox 373 1491 521 1553; x_wconf 74' lang='lat' dir='ltr'><strong>llosaim</strong></span> <span class='ocrx_word' id='word_1_149' title='bbox 551 1493 708 1573; x_wconf 82' lang='lat' dir='ltr'><strong>praefecit.</strong></span> <span class='ocrx_word' id='word_1_150' title='bbox 756 1492 825 1552; x_wconf 84' lang='lat' dir='ltr'><strong>lom</strong></span> <span class='ocrx_word' id='word_1_151' title='bbox 853 1494 922 1551; x_wconf 89' lang='lat' dir='ltr'><strong>nate</strong></span> <span class='ocrx_word' id='word_1_152' title='bbox 978 1488 1058 1551; x_wconf 92' lang='lat' dir='ltr'><strong>sidio</strong></span> <span class='ocrx_word' id='word_1_153' title='bbox 1077 1491 1252 1569; x_wconf 74' lang='lat' dir='ltr'><strong>Provinciae</strong></span> <span class='ocrx_word' id='word_1_154' title='bbox 1271 1490 1351 1553; x_wconf 91' lang='lat' dir='ltr'><strong>domi</strong></span> <span class='ocrx_word' id='word_1_155' title='bbox 1371 1500 1558 1565; x_wconf 86' lang='lat' dir='ltr'><strong>remaneant,</strong></span> <span class='ocrx_word' id='word_1_156' title='bbox 1584 1494 1634 1571; x_wconf 91' lang='lat' dir='ltr'><strong>qui</strong></span> <span class='ocrx_word' id='word_1_157' title='bbox 1655 1492 1782 1552; x_wconf 80' lang='lat' dir='ltr'><strong>Comitio</strong></span> 
     </span>
     <span class='ocr_line' id='line_1_15' title="bbox 123 1580 1782 1667; baseline -0.001 -20"><span class='ocrx_word' id='word_1_158' title='bbox 123 1586 318 1652; x_wconf 75' lang='lat' dir='ltr'><strong>tiorrstontioo</strong></span> <span class='ocrx_word' id='word_1_159' title='bbox 348 1584 509 1663; x_wconf 75' lang='lat' dir='ltr'><strong>Ostrogiao</strong></span> <span class='ocrx_word' id='word_1_160' title='bbox 536 1584 624 1645; x_wconf 85' lang='lat' dir='ltr'><strong>Duce</strong></span> <span class='ocrx_word' id='word_1_161' title='bbox 656 1584 860 1645; x_wconf 83' lang='lat' dir='ltr'><strong>excursionem</strong></span> <span class='ocrx_word' id='word_1_162' title='bbox 891 1582 920 1640; x_wconf 89' lang='lat' dir='ltr'><strong>io</strong></span> <span class='ocrx_word' id='word_1_163' title='bbox 979 1581 1098 1657; x_wconf 88' lang='lat' dir='ltr'><strong>obeant,</strong></span> <span class='ocrx_word' id='word_1_164' title='bbox 1118 1589 1195 1647; x_wconf 89' lang='lat' dir='ltr'><strong>inter</strong></span> <span class='ocrx_word' id='word_1_165' title='bbox 1215 1604 1268 1645; x_wconf 89' lang='lat' dir='ltr'><strong>eus</strong></span> <span class='ocrx_word' id='word_1_166' title='bbox 1288 1596 1449 1667; x_wconf 87' lang='lat' dir='ltr'><strong>coarparat.</strong></span> <span class='ocrx_word' id='word_1_167' title='bbox 1482 1584 1591 1645; x_wconf 89' lang='lat' dir='ltr'><strong>Vilaae</strong></span> <span class='ocrx_word' id='word_1_168' title='bbox 1612 1580 1782 1645; x_wconf 77' lang='lat' dir='ltr'><strong>Radirilan</strong></span> 
     </span>
     <span class='ocr_line' id='line_1_16' title="bbox 120 1672 1781 1759; baseline -0.003 -19"><span class='ocrx_word' id='word_1_169' title='bbox 120 1686 249 1743; x_wconf 86' lang='lat' dir='ltr'><strong>ditiones</strong></span> <span class='ocrx_word' id='word_1_170' title='bbox 275 1677 406 1739; x_wconf 77' lang='lat' dir='ltr'><strong>hostiles</strong></span> <span class='ocrx_word' id='word_1_171' title='bbox 429 1696 508 1756; x_wconf 87' lang='lat' dir='ltr'><strong>quoe</strong></span> <span class='ocrx_word' id='word_1_172' title='bbox 532 1676 571 1737; x_wconf 87' lang='lat' dir='ltr'><strong>ad</strong></span> <span class='ocrx_word' id='word_1_173' title='bbox 596 1672 817 1757; x_wconf 79' lang='lat' dir='ltr'><strong>Borysthenem</strong></span> <span class='ocrx_word' id='word_1_174' title='bbox 837 1674 922 1755; x_wconf 92' lang='lat' dir='ltr'><strong>perti·</strong></span> <span class='ocrx_word' id='word_1_175' title='bbox 979 1674 1148 1737; x_wconf 88' lang='lat' dir='ltr'><strong>Palatinam</strong></span> <span class='ocrx_word' id='word_1_176' title='bbox 1170 1677 1360 1751; x_wconf 85' lang='lat' dir='ltr'><strong>Vilneasenr,</strong></span> <span class='ocrx_word' id='word_1_177' title='bbox 1390 1681 1440 1759; x_wconf 92' lang='lat' dir='ltr'><strong>qni</strong></span> <span class='ocrx_word' id='word_1_178' title='bbox 1466 1696 1531 1737; x_wconf 92' lang='lat' dir='ltr'><strong>cum</strong></span> <span class='ocrx_word' id='word_1_179' title='bbox 1557 1678 1683 1755; x_wconf 89' lang='lat' dir='ltr'><strong>imperio</strong></span> <span class='ocrx_word' id='word_1_180' title='bbox 1711 1674 1781 1735; x_wconf 86' lang='lat' dir='ltr'><strong>mili·</strong></span> 
     </span>
     <span class='ocr_line' id='line_1_17' title="bbox 120 1766 1781 1854; baseline -0.004 -17"><span class='ocrx_word' id='word_1_181' title='bbox 120 1782 191 1837; x_wconf 90' lang='lat' dir='ltr'><strong>aent</strong></span> <span class='ocrx_word' id='word_1_182' title='bbox 211 1782 344 1854; x_wconf 85' lang='lat' dir='ltr'><strong>parante,</strong></span> <span class='ocrx_word' id='word_1_183' title='bbox 363 1768 651 1831; x_wconf 83' lang='lat' dir='ltr'><strong>NicolaeSlouiario</strong></span> <span class='ocrx_word' id='word_1_184' title='bbox 670 1766 920 1829; x_wconf 79' lang='lat' dir='ltr'><strong>statioanmlius·</strong></span> <span class='ocrx_word' id='word_1_185' title='bbox 977 1772 1033 1831; x_wconf 89' lang='lat' dir='ltr'><strong>tori</strong></span> <span class='ocrx_word' id='word_1_186' title='bbox 1054 1780 1132 1843; x_wconf 88' lang='lat' dir='ltr'><strong>erat,</strong></span> <span class='ocrx_word' id='word_1_187' title='bbox 1153 1771 1308 1851; x_wconf 83' lang='lat' dir='ltr'><strong>relinquit3</strong></span> <span class='ocrx_word' id='word_1_188' title='bbox 1327 1771 1414 1831; x_wconf 90' lang='lat' dir='ltr'><strong>simul</strong></span> <span class='ocrx_word' id='word_1_189' title='bbox 1436 1772 1642 1849; x_wconf 83' lang='lat' dir='ltr'><strong>magistratus,</strong></span> <span class='ocrx_word' id='word_1_190' title='bbox 1663 1770 1715 1848; x_wconf 93' lang='lat' dir='ltr'><strong>qui</strong></span> <span class='ocrx_word' id='word_1_191' title='bbox 1733 1786 1781 1831; x_wconf 86' lang='lat' dir='ltr'><strong>ra·</strong></span> 
     </span>
     <span class='ocr_line' id='line_1_18' title="bbox 118 1858 1780 1942; baseline -0.004 -12"><span class='ocrx_word' id='word_1_192' title='bbox 118 1874 247 1929; x_wconf 76' lang='lat' dir='ltr'><strong>sicarum</strong></span> <span class='ocrx_word' id='word_1_193' title='bbox 267 1864 443 1939; x_wconf 77' lang='lat' dir='ltr'><strong>Praefecto,</strong></span> <span class='ocrx_word' id='word_1_194' title='bbox 469 1862 537 1923; x_wconf 81' lang='lat' dir='ltr'><strong>llas</strong></span> <span class='ocrx_word' id='word_1_195' title='bbox 557 1860 725 1934; x_wconf 87' lang='lat' dir='ltr'><strong>mandarat,</strong></span> <span class='ocrx_word' id='word_1_196' title='bbox 745 1865 778 1920; x_wconf 93' lang='lat' dir='ltr'><strong>ut</strong></span> <span class='ocrx_word' id='word_1_197' title='bbox 796 1878 862 1919; x_wconf 85' lang='lat' dir='ltr'><strong>eum</strong></span> <span class='ocrx_word' id='word_1_198' title='bbox 882 1858 920 1919; x_wconf 88' lang='lat' dir='ltr'><strong>iis</strong></span> <span class='ocrx_word' id='word_1_199' title='bbox 976 1860 1095 1938; x_wconf 90' lang='lat' dir='ltr'><strong>coboat,</strong></span> <span class='ocrx_word' id='word_1_200' title='bbox 1115 1860 1275 1925; x_wconf 88' lang='lat' dir='ltr'><strong>distribuit.</strong></span> <span class='ocrx_word' id='word_1_201' title='bbox 1309 1862 1428 1939; x_wconf 82' lang='lat' dir='ltr'><strong>Quibus</strong></span> <span class='ocrx_word' id='word_1_202' title='bbox 1459 1860 1618 1923; x_wconf 82' lang='lat' dir='ltr'><strong>Radirilos</strong></span> <span class='ocrx_word' id='word_1_203' title='bbox 1638 1880 1712 1942; x_wconf 86' lang='lat' dir='ltr'><strong>prae</strong></span> <span class='ocrx_word' id='word_1_204' title='bbox 1736 1882 1780 1923; x_wconf 85' lang='lat' dir='ltr'><strong>cc·</strong></span> 
     </span>
     <span class='ocr_line' id='line_1_19' title="bbox 120 1950 1780 2043; baseline -0.005 -22"><span class='ocrx_word' id='word_1_205' title='bbox 120 1964 230 2043; x_wconf 82' lang='lat' dir='ltr'><strong>copiis,</strong></span> <span class='ocrx_word' id='word_1_206' title='bbox 262 1976 341 2039; x_wconf 89' lang='lat' dir='ltr'><strong>quae</strong></span> <span class='ocrx_word' id='word_1_207' title='bbox 366 1958 396 2017; x_wconf 92' lang='lat' dir='ltr'><strong>ia</strong></span> <span class='ocrx_word' id='word_1_208' title='bbox 422 1954 556 2017; x_wconf 84' lang='lat' dir='ltr'><strong>Russiae</strong></span> <span class='ocrx_word' id='word_1_209' title='bbox 582 1954 692 2013; x_wconf 87' lang='lat' dir='ltr'><strong>tinibus</strong></span> <span class='ocrx_word' id='word_1_210' title='bbox 714 1952 773 2014; x_wconf 87' lang='lat' dir='ltr'><strong>suh</strong></span> <span class='ocrx_word' id='word_1_211' title='bbox 800 1950 919 2031; x_wconf 86' lang='lat' dir='ltr'><strong>imperio</strong></span> <span class='ocrx_word' id='word_1_212' title='bbox 975 1958 1049 2015; x_wconf 86' lang='lat' dir='ltr'><strong>teris</strong></span> <span class='ocrx_word' id='word_1_213' title='bbox 1070 1956 1241 2037; x_wconf 81' lang='lat' dir='ltr'><strong>complexas</strong></span> <span class='ocrx_word' id='word_1_214' title='bbox 1256 1954 1295 2016; x_wconf 88' lang='lat' dir='ltr'><strong>ad</strong></span> <span class='ocrx_word' id='word_1_215' title='bbox 1306 1956 1488 2036; x_wconf 80' lang='lat' dir='ltr'><strong>Episcopum</strong></span> <span class='ocrx_word' id='word_1_216' title='bbox 1500 1954 1687 2024; x_wconf 82' lang='lat' dir='ltr'><strong>Vilneasem,</strong></span> <span class='ocrx_word' id='word_1_217' title='bbox 1706 1974 1780 2035; x_wconf 87' lang='lat' dir='ltr'><strong>quae</strong></span> 
     </span>
     <span class='ocr_line' id='line_1_20' title="bbox 117 2045 1777 2137; baseline -0.001 -26"><span class='ocrx_word' id='word_1_218' title='bbox 117 2060 186 2137; x_wconf 73' lang='lat' dir='ltr'><strong>ejus</strong></span> <span class='ocrx_word' id='word_1_219' title='bbox 205 2050 405 2123; x_wconf 82' lang='lat' dir='ltr'><strong>excubabant,</strong></span> <span class='ocrx_word' id='word_1_220' title='bbox 432 2068 499 2108; x_wconf 85' lang='lat' dir='ltr'><strong>cum</strong></span> <span class='ocrx_word' id='word_1_221' title='bbox 518 2045 568 2107; x_wconf 91' lang='lat' dir='ltr'><strong>illo</strong></span> <span class='ocrx_word' id='word_1_222' title='bbox 587 2066 623 2107; x_wconf 92' lang='lat' dir='ltr'><strong>se</strong></span> <span class='ocrx_word' id='word_1_223' title='bbox 643 2048 852 2128; x_wconf 55' lang='lat' dir='ltr'><strong>conjungerem</strong></span> <span class='ocrx_word' id='word_1_224' title='bbox 878 2046 919 2103; x_wconf 91' lang='lat' dir='ltr'><strong>io·</strong></span> <span class='ocrx_word' id='word_1_225' title='bbox 976 2046 1110 2127; x_wconf 77' lang='lat' dir='ltr'><strong>Georgia</strong></span> <span class='ocrx_word' id='word_1_226' title='bbox 1150 2046 1292 2111; x_wconf 80' lang='lat' dir='ltr'><strong>llodiuilo</strong></span> <span class='ocrx_word' id='word_1_227' title='bbox 1325 2046 1482 2127; x_wconf 77' lang='lat' dir='ltr'><strong>designata</strong></span> <span class='ocrx_word' id='word_1_228' title='bbox 1510 2048 1575 2126; x_wconf 86' lang='lat' dir='ltr'><strong>jam</strong></span> <span class='ocrx_word' id='word_1_229' title='bbox 1607 2056 1680 2108; x_wconf 87' lang='lat' dir='ltr'><strong>autc</strong></span> <span class='ocrx_word' id='word_1_230' title='bbox 1706 2056 1777 2115; x_wconf 69' lang='lat' dir='ltr'><strong>mat</strong></span> 
     </span>
     <span class='ocr_line' id='line_1_21' title="bbox 119 2138 1778 2225; baseline -0.002 -18"><span class='ocrx_word' id='word_1_231' title='bbox 119 2168 177 2225; x_wconf 91' lang='lat' dir='ltr'><strong>que</strong></span> <span class='ocrx_word' id='word_1_232' title='bbox 210 2144 356 2205; x_wconf 83' lang='lat' dir='ltr'><strong>hosticum</strong></span> <span class='ocrx_word' id='word_1_233' title='bbox 389 2162 408 2201; x_wconf 89' lang='lat' dir='ltr'><strong>a</strong></span> <span class='ocrx_word' id='word_1_234' title='bbox 432 2140 541 2201; x_wconf 85' lang='lat' dir='ltr'><strong>lliovia</strong></span> <span class='ocrx_word' id='word_1_235' title='bbox 570 2138 841 2218; x_wconf 73' lang='lat' dir='ltr'><strong>transgredereturz</strong></span> <span class='ocrx_word' id='word_1_236' title='bbox 870 2157 914 2197; x_wconf 82' lang='lat' dir='ltr'><strong>rc</strong></span> <span class='ocrx_word' id='word_1_237' title='bbox 975 2140 1234 2222; x_wconf 87' lang='lat' dir='ltr'><strong>Palatinatamqne</strong></span> <span class='ocrx_word' id='word_1_238' title='bbox 1253 2162 1290 2201; x_wconf 89' lang='lat' dir='ltr'><strong>ae</strong></span> <span class='ocrx_word' id='word_1_239' title='bbox 1310 2142 1463 2223; x_wconf 86' lang='lat' dir='ltr'><strong>imperium</strong></span> <span class='ocrx_word' id='word_1_240' title='bbox 1479 2157 1627 2201; x_wconf 83' lang='lat' dir='ltr'><strong>eumarum</strong></span> <span class='ocrx_word' id='word_1_241' title='bbox 1646 2138 1778 2203; x_wconf 73' lang='lat' dir='ltr'><strong>militare.</strong></span> 
     </span>
     <span class='ocr_line' id='line_1_22' title="bbox 118 2228 1777 2315; baseline -0.005 -16"><span class='ocrx_word' id='word_1_242' title='bbox 118 2262 179 2299; x_wconf 85' lang='lat' dir='ltr'><strong>rura</strong></span> <span class='ocrx_word' id='word_1_243' title='bbox 206 2236 357 2297; x_wconf 82' lang='lat' dir='ltr'><strong>Sieuiavio</strong></span> <span class='ocrx_word' id='word_1_244' title='bbox 376 2234 589 2313; x_wconf 79' lang='lat' dir='ltr'><strong>longinquitate</strong></span> <span class='ocrx_word' id='word_1_245' title='bbox 613 2234 744 2293; x_wconf 74' lang='lat' dir='ltr'><strong>lacerant</strong></span> <span class='ocrx_word' id='word_1_246' title='bbox 769 2228 919 2311; x_wconf 86' lang='lat' dir='ltr'><strong>impedito,</strong></span> <span class='ocrx_word' id='word_1_247' title='bbox 975 2232 1099 2293; x_wconf 83' lang='lat' dir='ltr'><strong>alterum</strong></span> <span class='ocrx_word' id='word_1_248' title='bbox 1119 2237 1189 2295; x_wconf 90' lang='lat' dir='ltr'><strong>itear</strong></span> <span class='ocrx_word' id='word_1_249' title='bbox 1208 2236 1348 2315; x_wconf 89' lang='lat' dir='ltr'><strong>praetorii</strong></span> <span class='ocrx_word' id='word_1_250' title='bbox 1367 2234 1479 2301; x_wconf 90' lang='lat' dir='ltr'><strong>militis,</strong></span> <span class='ocrx_word' id='word_1_251' title='bbox 1499 2252 1625 2313; x_wconf 90' lang='lat' dir='ltr'><strong>quorum</strong></span> <span class='ocrx_word' id='word_1_252' title='bbox 1645 2228 1777 2293; x_wconf 79' lang='lat' dir='ltr'><strong>illudll&#39;i·</strong></span> 
     </span>
     <span class='ocr_line' id='line_1_23' title="bbox 118 2322 1776 2409; baseline -0.004 -20"><span class='ocrx_word' id='word_1_253' title='bbox 118 2345 148 2389; x_wconf 67' lang='lat' dir='ltr'><strong>et</strong></span> <span class='ocrx_word' id='word_1_254' title='bbox 167 2330 270 2390; x_wconf 89' lang='lat' dir='ltr'><strong>adulto</strong></span> <span class='ocrx_word' id='word_1_255' title='bbox 285 2330 349 2409; x_wconf 85' lang='lat' dir='ltr'><strong>jam</strong></span> <span class='ocrx_word' id='word_1_256' title='bbox 368 2332 524 2400; x_wconf 86' lang='lat' dir='ltr'><strong>orrtumno,</strong></span> <span class='ocrx_word' id='word_1_257' title='bbox 549 2344 607 2383; x_wconf 91' lang='lat' dir='ltr'><strong>aaa</strong></span> <span class='ocrx_word' id='word_1_258' title='bbox 628 2322 916 2403; x_wconf 84' lang='lat' dir='ltr'><strong>praetermittendum</strong></span> <span class='ocrx_word' id='word_1_259' title='bbox 976 2326 1079 2387; x_wconf 86' lang='lat' dir='ltr'><strong>colans</strong></span> <span class='ocrx_word' id='word_1_260' title='bbox 1100 2336 1200 2407; x_wconf 88' lang='lat' dir='ltr'><strong>pater,</strong></span> <span class='ocrx_word' id='word_1_261' title='bbox 1231 2326 1288 2387; x_wconf 93' lang='lat' dir='ltr'><strong>boe</strong></span> <span class='ocrx_word' id='word_1_262' title='bbox 1308 2325 1542 2405; x_wconf 77' lang='lat' dir='ltr'><strong>Christapborus</strong></span> <span class='ocrx_word' id='word_1_263' title='bbox 1567 2323 1648 2385; x_wconf 85' lang='lat' dir='ltr'><strong>filius</strong></span> <span class='ocrx_word' id='word_1_264' title='bbox 1668 2322 1776 2385; x_wconf 87' lang='lat' dir='ltr'><strong>obtine-</strong></span> 
     </span>
     <span class='ocr_line' id='line_1_24' title="bbox 118 2414 1777 2501; baseline -0.004 -17"><span class='ocrx_word' id='word_1_265' title='bbox 118 2422 146 2483; x_wconf 85' lang='lat' dir='ltr'><strong>bi</strong></span> <span class='ocrx_word' id='word_1_266' title='bbox 176 2420 324 2501; x_wconf 74' lang='lat' dir='ltr'><strong>gerendae</strong></span> <span class='ocrx_word' id='word_1_267' title='bbox 349 2422 391 2478; x_wconf 88' lang='lat' dir='ltr'><strong>rai</strong></span> <span class='ocrx_word' id='word_1_268' title='bbox 419 2424 539 2499; x_wconf 89' lang='lat' dir='ltr'><strong>tompus</strong></span> <span class='ocrx_word' id='word_1_269' title='bbox 564 2416 633 2475; x_wconf 85' lang='lat' dir='ltr'><strong>Dux</strong></span> <span class='ocrx_word' id='word_1_270' title='bbox 653 2422 751 2487; x_wconf 83' lang='lat' dir='ltr'><strong>ratus,</strong></span> <span class='ocrx_word' id='word_1_271' title='bbox 782 2414 916 2475; x_wconf 88' lang='lat' dir='ltr'><strong>collectis</strong></span> <span class='ocrx_word' id='word_1_272' title='bbox 974 2416 1064 2493; x_wconf 88' lang='lat' dir='ltr'><strong>bont,</strong></span> <span class='ocrx_word' id='word_1_273' title='bbox 1094 2418 1310 2499; x_wconf 73' lang='lat' dir='ltr'><strong>christophoro</strong></span> <span class='ocrx_word' id='word_1_274' title='bbox 1341 2416 1567 2479; x_wconf 84' lang='lat' dir='ltr'><strong>castellanetam</strong></span> <span class='ocrx_word' id='word_1_275' title='bbox 1596 2416 1777 2479; x_wconf 82' lang='lat' dir='ltr'><strong>&#39;Procensera</strong></span> 
     </span>
     <span class='ocr_line' id='line_1_25' title="bbox 118 2506 1776 2591; baseline -0.003 -17"><span class='ocrx_word' id='word_1_276' title='bbox 118 2540 155 2575; x_wconf 74' lang='lat' dir='ltr'><strong>ex</strong></span> <span class='ocrx_word' id='word_1_277' title='bbox 176 2512 335 2573; x_wconf 86' lang='lat' dir='ltr'><strong>clientibus</strong></span> <span class='ocrx_word' id='word_1_278' title='bbox 354 2512 435 2581; x_wconf 86' lang='lat' dir='ltr'><strong>suis,</strong></span> <span class='ocrx_word' id='word_1_279' title='bbox 464 2528 587 2591; x_wconf 87' lang='lat' dir='ltr'><strong>quorum</strong></span> <span class='ocrx_word' id='word_1_280' title='bbox 613 2510 689 2569; x_wconf 88' lang='lat' dir='ltr'><strong>satis</strong></span> <span class='ocrx_word' id='word_1_281' title='bbox 712 2526 849 2584; x_wconf 77' lang='lat' dir='ltr'><strong>magnam</strong></span> <span class='ocrx_word' id='word_1_282' title='bbox 868 2526 917 2567; x_wconf 89' lang='lat' dir='ltr'><strong>co·</strong></span> <span class='ocrx_word' id='word_1_283' title='bbox 973 2518 1004 2571; x_wconf 88' lang='lat' dir='ltr'><strong>et</strong></span> <span class='ocrx_word' id='word_1_284' title='bbox 1031 2511 1161 2589; x_wconf 78' lang='lat' dir='ltr'><strong>sigilbnn</strong></span> <span class='ocrx_word' id='word_1_285' title='bbox 1191 2515 1287 2571; x_wconf 88' lang='lat' dir='ltr'><strong>arirrus</strong></span> <span class='ocrx_word' id='word_1_286' title='bbox 1319 2509 1439 2591; x_wconf 83' lang='lat' dir='ltr'><strong>adjicit:</strong></span> <span class='ocrx_word' id='word_1_287' title='bbox 1475 2506 1776 2587; x_wconf 75' lang='lat' dir='ltr'><strong>Norogrodcceuscn</strong></span> 
     </span>
     <span class='ocr_line' id='line_1_26' title="bbox 115 2600 1767 2689; baseline -0.002 -22"><span class='ocrx_word' id='word_1_288' title='bbox 115 2610 194 2689; x_wconf 80' lang='lat' dir='ltr'><strong>pirna</strong></span> <span class='ocrx_word' id='word_1_289' title='bbox 214 2606 314 2679; x_wconf 89' lang='lat' dir='ltr'><strong>babet,</strong></span> <span class='ocrx_word' id='word_1_290' title='bbox 334 2602 448 2683; x_wconf 89' lang='lat' dir='ltr'><strong>aliquot</strong></span> <span class='ocrx_word' id='word_1_291' title='bbox 465 2600 595 2662; x_wconf 86' lang='lat' dir='ltr'><strong>millibus</strong></span> <span class='ocrx_word' id='word_1_292' title='bbox 613 2600 771 2675; x_wconf 73' lang='lat' dir='ltr'><strong>herminum,</strong></span> <span class='ocrx_word' id='word_1_293' title='bbox 791 2600 917 2679; x_wconf 87' lang='lat' dir='ltr'><strong>aliisque</strong></span> <span class='ocrx_word' id='word_1_294' title='bbox 973 2602 1171 2665; x_wconf 87' lang='lat' dir='ltr'><strong>Palatinotum</strong></span> <span class='ocrx_word' id='word_1_295' title='bbox 1190 2606 1275 2667; x_wconf 89' lang='lat' dir='ltr'><strong>alteri</strong></span> <span class='ocrx_word' id='word_1_296' title='bbox 1287 2604 1416 2665; x_wconf 84' lang='lat' dir='ltr'><strong>Palatini</strong></span> <span class='ocrx_word' id='word_1_297' title='bbox 1435 2600 1495 2663; x_wconf 86' lang='lat' dir='ltr'><strong>filio</strong></span> <span class='ocrx_word' id='word_1_298' title='bbox 1506 2600 1653 2677; x_wconf 86' lang='lat' dir='ltr'><strong>Nicoloo;</strong></span> <span class='ocrx_word' id='word_1_299' title='bbox 1672 2612 1767 2665; x_wconf 90' lang='lat' dir='ltr'><strong>utrum</strong></span> 
     </span>
     <span class='ocr_line' id='line_1_27' title="bbox 115 2693 1775 2783; baseline -0.002 -26"><span class='ocrx_word' id='word_1_300' title='bbox 115 2724 153 2761; x_wconf 73' lang='lat' dir='ltr'><strong>aa</strong></span> <span class='ocrx_word' id='word_1_301' title='bbox 169 2702 326 2783; x_wconf 77' lang='lat' dir='ltr'><strong>jor-catulo</strong></span> <span class='ocrx_word' id='word_1_302' title='bbox 350 2695 549 2776; x_wconf 82' lang='lat' dir='ltr'><strong>conpluribus</strong></span> <span class='ocrx_word' id='word_1_303' title='bbox 567 2712 604 2753; x_wconf 92' lang='lat' dir='ltr'><strong>se</strong></span> <span class='ocrx_word' id='word_1_304' title='bbox 623 2694 651 2753; x_wconf 91' lang='lat' dir='ltr'><strong>ei</strong></span> <span class='ocrx_word' id='word_1_305' title='bbox 676 2693 916 2777; x_wconf 77' lang='lat' dir='ltr'><strong>adjungentibus,</strong></span> <span class='ocrx_word' id='word_1_306' title='bbox 973 2716 1030 2776; x_wconf 85' lang='lat' dir='ltr'><strong>qne</strong></span> <span class='ocrx_word' id='word_1_307' title='bbox 1050 2704 1202 2777; x_wconf 87' lang='lat' dir='ltr'><strong>practerea</strong></span> <span class='ocrx_word' id='word_1_308' title='bbox 1223 2696 1482 2769; x_wconf 83' lang='lat' dir='ltr'><strong>hlorschalcatunr,</strong></span> <span class='ocrx_word' id='word_1_309' title='bbox 1501 2694 1631 2757; x_wconf 86' lang='lat' dir='ltr'><strong>Nicoloo</strong></span> <span class='ocrx_word' id='word_1_310' title='bbox 1649 2694 1775 2757; x_wconf 84' lang='lat' dir='ltr'><strong>Christo-</strong></span> 
     </span>
     <span class='ocr_line' id='line_1_28' title="bbox 113 2784 1775 2869; baseline -0.001 -20"><span class='ocrx_word' id='word_1_311' title='bbox 113 2814 178 2855; x_wconf 79' lang='lat' dir='ltr'><strong>.·ura</strong></span> <span class='ocrx_word' id='word_1_312' title='bbox 199 2788 393 2851; x_wconf 86' lang='lat' dir='ltr'><strong>illioJarrusie</strong></span> <span class='ocrx_word' id='word_1_313' title='bbox 411 2784 916 2849; x_wconf 79' lang='lat' dir='ltr'><strong>ethiiebaelel&#39;isnoveciot&#39;nstcl·</strong></span> <span class='ocrx_word' id='word_1_314' title='bbox 972 2788 1067 2868; x_wconf 91' lang='lat' dir='ltr'><strong>pboro</strong></span> <span class='ocrx_word' id='word_1_315' title='bbox 1086 2792 1244 2869; x_wconf 86' lang='lat' dir='ltr'><strong>mojorem,</strong></span> <span class='ocrx_word' id='word_1_316' title='bbox 1270 2792 1412 2849; x_wconf 91' lang='lat' dir='ltr'><strong>minorem</strong></span> <span class='ocrx_word' id='word_1_317' title='bbox 1432 2788 1560 2850; x_wconf 84' lang='lat' dir='ltr'><strong>Alberto</strong></span> <span class='ocrx_word' id='word_1_318' title='bbox 1583 2788 1708 2853; x_wconf 86' lang='lat' dir='ltr'><strong>alterins</strong></span> <span class='ocrx_word' id='word_1_319' title='bbox 1726 2786 1775 2849; x_wconf 72' lang='lat' dir='ltr'><strong>iit.</strong></span> 
     </span>
     <span class='ocr_line' id='line_1_29' title="bbox 113 2878 1775 2962; baseline 0 -15"><span class='ocrx_word' id='word_1_320' title='bbox 113 2890 181 2947; x_wconf 74' lang='lat' dir='ltr'><strong>iarrrr</strong></span> <span class='ocrx_word' id='word_1_321' title='bbox 211 2883 424 2945; x_wconf 85' lang='lat' dir='ltr'><strong>liraslsvioaso</strong></span> <span class='ocrx_word' id='word_1_322' title='bbox 452 2878 673 2959; x_wconf 87' lang='lat' dir='ltr'><strong>Borysthenem</strong></span> <span class='ocrx_word' id='word_1_323' title='bbox 705 2888 915 2957; x_wconf 76' lang='lat' dir='ltr'><strong>transgressus</strong></span> <span class='ocrx_word' id='word_1_324' title='bbox 972 2880 1060 2956; x_wconf 90' lang='lat' dir='ltr'><strong>colai,</strong></span> <span class='ocrx_word' id='word_1_325' title='bbox 1081 2885 1129 2962; x_wconf 92' lang='lat' dir='ltr'><strong>qui</strong></span> <span class='ocrx_word' id='word_1_326' title='bbox 1150 2888 1218 2943; x_wconf 88' lang='lat' dir='ltr'><strong>ante</strong></span> <span class='ocrx_word' id='word_1_327' title='bbox 1238 2882 1315 2943; x_wconf 89' lang='lat' dir='ltr'><strong>hunc</strong></span> <span class='ocrx_word' id='word_1_328' title='bbox 1328 2880 1775 2957; x_wconf 83' lang='lat' dir='ltr'><strong>PalatinusVilneasisl&#39;uerat,</strong></span> 
     </span>
     <span class='ocr_line' id='line_1_30' title="bbox 113 2970 1775 3053; baseline 0 -14"><span class='ocrx_word' id='word_1_329' title='bbox 113 2984 224 3039; x_wconf 84' lang='lat' dir='ltr'><strong>luerat:</strong></span> <span class='ocrx_word' id='word_1_330' title='bbox 267 2974 559 3053; x_wconf 82' lang='lat' dir='ltr'><strong>expeditissimisque</strong></span> <span class='ocrx_word' id='word_1_331' title='bbox 597 2974 766 3052; x_wconf 82' lang='lat' dir='ltr'><strong>quibusque</strong></span> <span class='ocrx_word' id='word_1_332' title='bbox 810 2973 914 3031; x_wconf 89' lang='lat' dir='ltr'><strong>turmis</strong></span> <span class='ocrx_word' id='word_1_333' title='bbox 971 2970 1055 3033; x_wconf 83' lang='lat' dir='ltr'><strong>filiis:</strong></span> <span class='ocrx_word' id='word_1_334' title='bbox 1075 2973 1309 3036; x_wconf 77' lang='lat' dir='ltr'><strong>castellanetam</strong></span> <span class='ocrx_word' id='word_1_335' title='bbox 1329 2973 1505 3037; x_wconf 86' lang='lat' dir='ltr'><strong>Viluensem</strong></span> <span class='ocrx_word' id='word_1_336' title='bbox 1524 2974 1687 3038; x_wconf 85' lang='lat' dir='ltr'><strong>Eustochio</strong></span> <span class='ocrx_word' id='word_1_337' title='bbox 1712 2975 1775 3039; x_wconf 83' lang='lat' dir='ltr'><strong>Vo-</strong></span> 
     </span>
     <span class='ocr_line' id='line_1_31' title="bbox 111 3064 1774 3149; baseline 0.002 -20"><span class='ocrx_word' id='word_1_338' title='bbox 111 3070 295 3149; x_wconf 83' lang='lat' dir='ltr'><strong>praornissis,</strong></span> <span class='ocrx_word' id='word_1_339' title='bbox 315 3064 633 3146; x_wconf 81' lang='lat' dir='ltr'><strong>achialougolathuc</strong></span> <span class='ocrx_word' id='word_1_340' title='bbox 645 3065 756 3143; x_wconf 72' lang='lat' dir='ltr'><strong>vagari</strong></span> <span class='ocrx_word' id='word_1_341' title='bbox 775 3070 806 3123; x_wconf 89' lang='lat' dir='ltr'><strong>ct</strong></span> <span class='ocrx_word' id='word_1_342' title='bbox 825 3070 913 3123; x_wconf 75' lang='lat' dir='ltr'><strong>terro·</strong></span> <span class='ocrx_word' id='word_1_343' title='bbox 971 3064 1094 3141; x_wconf 80' lang='lat' dir='ltr'><strong>lanicio,</strong></span> <span class='ocrx_word' id='word_1_344' title='bbox 1126 3070 1176 3148; x_wconf 93' lang='lat' dir='ltr'><strong>qui</strong></span> <span class='ocrx_word' id='word_1_345' title='bbox 1197 3066 1389 3129; x_wconf 84' lang='lat' dir='ltr'><strong>Castellonus</strong></span> <span class='ocrx_word' id='word_1_346' title='bbox 1415 3065 1578 3129; x_wconf 80' lang='lat' dir='ltr'><strong>&#39;Procensis</strong></span> <span class='ocrx_word' id='word_1_347' title='bbox 1599 3068 1699 3133; x_wconf 86' lang='lat' dir='ltr'><strong>iuerat</strong></span> <span class='ocrx_word' id='word_1_348' title='bbox 1716 3090 1774 3133; x_wconf 88' lang='lat' dir='ltr'><strong>uua</strong></span> 
     </span>
     <span class='ocr_line' id='line_1_32' title="bbox 112 3156 1772 3240; baseline 0.001 -17"><span class='ocrx_word' id='word_1_349' title='bbox 112 3182 174 3225; x_wconf 79' lang='lat' dir='ltr'><strong>rem</strong></span> <span class='ocrx_word' id='word_1_350' title='bbox 193 3164 223 3223; x_wconf 90' lang='lat' dir='ltr'><strong>iu</strong></span> <span class='ocrx_word' id='word_1_351' title='bbox 242 3178 348 3221; x_wconf 81' lang='lat' dir='ltr'><strong>omaos</strong></span> <span class='ocrx_word' id='word_1_352' title='bbox 370 3165 473 3239; x_wconf 85' lang='lat' dir='ltr'><strong>partes</strong></span> <span class='ocrx_word' id='word_1_353' title='bbox 498 3156 684 3217; x_wconf 80' lang='lat' dir='ltr'><strong>circumferre</strong></span> <span class='ocrx_word' id='word_1_354' title='bbox 706 3159 819 3239; x_wconf 86' lang='lat' dir='ltr'><strong>jussis,</strong></span> <span class='ocrx_word' id='word_1_355' title='bbox 844 3158 913 3237; x_wconf 88' lang='lat' dir='ltr'><strong>ipso</strong></span> <span class='ocrx_word' id='word_1_356' title='bbox 970 3178 1038 3218; x_wconf 89' lang='lat' dir='ltr'><strong>cnm</strong></span> <span class='ocrx_word' id='word_1_357' title='bbox 1057 3160 1158 3237; x_wconf 75' lang='lat' dir='ltr'><strong>sigillo</strong></span> <span class='ocrx_word' id='word_1_358' title='bbox 1178 3163 1282 3240; x_wconf 86' lang='lat' dir='ltr'><strong>majori</strong></span> <span class='ocrx_word' id='word_1_359' title='bbox 1305 3158 1372 3221; x_wconf 88' lang='lat' dir='ltr'><strong>dat:</strong></span> <span class='ocrx_word' id='word_1_360' title='bbox 1392 3159 1551 3225; x_wconf 85' lang='lat' dir='ltr'><strong>abdicante</strong></span> <span class='ocrx_word' id='word_1_361' title='bbox 1572 3182 1611 3223; x_wconf 89' lang='lat' dir='ltr'><strong>se</strong></span> <span class='ocrx_word' id='word_1_362' title='bbox 1631 3182 1671 3223; x_wconf 88' lang='lat' dir='ltr'><strong>eo</strong></span> <span class='ocrx_word' id='word_1_363' title='bbox 1691 3162 1772 3225; x_wconf 88' lang='lat' dir='ltr'><strong>Palo·</strong></span> 
     </span>
     <span class='ocr_line' id='line_1_33' title="bbox 111 3250 1776 3334; baseline 0.003 -19"><span class='ocrx_word' id='word_1_364' title='bbox 111 3250 653 3333; x_wconf 82' lang='lat' dir='ltr'><strong>curureliquisoopiisCseruihoriam</strong></span> <span class='ocrx_word' id='word_1_365' title='bbox 668 3270 765 3328; x_wconf 80' lang='lat' dir='ltr'><strong>usquo</strong></span> <span class='ocrx_word' id='word_1_366' title='bbox 779 3270 910 3310; x_wconf 85' lang='lat' dir='ltr'><strong>excurre·</strong></span> <span class='ocrx_word' id='word_1_367' title='bbox 970 3254 1033 3311; x_wconf 85' lang='lat' dir='ltr'><strong>tino</strong></span> <span class='ocrx_word' id='word_1_368' title='bbox 1053 3251 1207 3325; x_wconf 88' lang='lat' dir='ltr'><strong>Vilaensi‚</strong></span> <span class='ocrx_word' id='word_1_369' title='bbox 1237 3262 1271 3313; x_wconf 89' lang='lat' dir='ltr'><strong>ut</strong></span> <span class='ocrx_word' id='word_1_370' title='bbox 1294 3257 1390 3314; x_wconf 89' lang='lat' dir='ltr'><strong>minus</strong></span> <span class='ocrx_word' id='word_1_371' title='bbox 1416 3250 1493 3334; x_wconf 93' lang='lat' dir='ltr'><strong>quod</strong></span> <span class='ocrx_word' id='word_1_372' title='bbox 1517 3252 1701 3315; x_wconf 77' lang='lat' dir='ltr'><strong>Volericius</strong></span> <span class='ocrx_word' id='word_1_373' title='bbox 1726 3258 1776 3319; x_wconf 89' lang='lat' dir='ltr'><strong>ho·</strong></span> 
     </span>
     <span class='ocr_line' id='line_1_34' title="bbox 111 3340 1775 3427; baseline 0.002 -18"><span class='ocrx_word' id='word_1_374' title='bbox 111 3357 170 3409; x_wconf 85' lang='lat' dir='ltr'><strong>rat:</strong></span> <span class='ocrx_word' id='word_1_375' title='bbox 190 3365 278 3425; x_wconf 90' lang='lat' dir='ltr'><strong>qnam</strong></span> <span class='ocrx_word' id='word_1_376' title='bbox 299 3346 408 3404; x_wconf 87' lang='lat' dir='ltr'><strong>castris</strong></span> <span class='ocrx_word' id='word_1_377' title='bbox 428 3344 546 3403; x_wconf 88' lang='lat' dir='ltr'><strong>metatis</strong></span> <span class='ocrx_word' id='word_1_378' title='bbox 566 3362 672 3421; x_wconf 77' lang='lat' dir='ltr'><strong>magna</strong></span> <span class='ocrx_word' id='word_1_379' title='bbox 691 3344 721 3401; x_wconf 83' lang='lat' dir='ltr'><strong>vi</strong></span> <span class='ocrx_word' id='word_1_380' title='bbox 740 3362 911 3423; x_wconf 85' lang='lat' dir='ltr'><strong>oppugnare</strong></span> <span class='ocrx_word' id='word_1_381' title='bbox 969 3340 1089 3415; x_wconf 88' lang='lat' dir='ltr'><strong>bucrot,</strong></span> <span class='ocrx_word' id='word_1_382' title='bbox 1111 3344 1173 3405; x_wconf 84' lang='lat' dir='ltr'><strong>lilio</strong></span> <span class='ocrx_word' id='word_1_383' title='bbox 1194 3346 1411 3427; x_wconf 77' lang='lat' dir='ltr'><strong>christophoro</strong></span> <span class='ocrx_word' id='word_1_384' title='bbox 1437 3342 1609 3407; x_wconf 86' lang='lat' dir='ltr'><strong>traderetur.</strong></span> <span class='ocrx_word' id='word_1_385' title='bbox 1649 3348 1775 3413; x_wconf 84' lang='lat' dir='ltr'><strong>Praele-</strong></span> 
     </span>
     <span class='ocr_line' id='line_1_35' title="bbox 109 3432 1774 3517; baseline 0.004 -18"><span class='ocrx_word' id='word_1_386' title='bbox 109 3456 267 3517; x_wconf 70' lang='lat' dir='ltr'><strong>agressus,</strong></span> <span class='ocrx_word' id='word_1_387' title='bbox 294 3454 360 3495; x_wconf 84' lang='lat' dir='ltr'><strong>cunr</strong></span> <span class='ocrx_word' id='word_1_388' title='bbox 380 3432 530 3515; x_wconf 87' lang='lat' dir='ltr'><strong>praesidio</strong></span> <span class='ocrx_word' id='word_1_389' title='bbox 550 3436 632 3494; x_wconf 88' lang='lat' dir='ltr'><strong>tirmo</strong></span> <span class='ocrx_word' id='word_1_390' title='bbox 654 3454 719 3493; x_wconf 81' lang='lat' dir='ltr'><strong>esna</strong></span> <span class='ocrx_word' id='word_1_391' title='bbox 739 3438 849 3506; x_wconf 87' lang='lat' dir='ltr'><strong>teneri,</strong></span> <span class='ocrx_word' id='word_1_392' title='bbox 869 3436 911 3495; x_wconf 92' lang='lat' dir='ltr'><strong>id·</strong></span> <span class='ocrx_word' id='word_1_393' title='bbox 968 3440 1081 3497; x_wconf 90' lang='lat' dir='ltr'><strong>cturom</strong></span> <span class='ocrx_word' id='word_1_394' title='bbox 1106 3440 1289 3517; x_wconf 76' lang='lat' dir='ltr'><strong>Somogitiao</strong></span> <span class='ocrx_word' id='word_1_395' title='bbox 1314 3458 1391 3517; x_wconf 87' lang='lat' dir='ltr'><strong>quae</strong></span> <span class='ocrx_word' id='word_1_396' title='bbox 1415 3436 1588 3499; x_wconf 88' lang='lat' dir='ltr'><strong>ardentibus</strong></span> <span class='ocrx_word' id='word_1_397' title='bbox 1613 3440 1774 3505; x_wconf 88' lang='lat' dir='ltr'><strong>multorum</strong></span> 
     </span>
     <span class='ocr_line' id='line_1_36' title="bbox 109 3526 1772 3611; baseline 0.01 -28"><span class='ocrx_word' id='word_1_398' title='bbox 109 3556 168 3611; x_wconf 72' lang='lat' dir='ltr'><strong>qna</strong></span> <span class='ocrx_word' id='word_1_399' title='bbox 193 3538 224 3589; x_wconf 87' lang='lat' dir='ltr'><strong>et</strong></span> <span class='ocrx_word' id='word_1_400' title='bbox 248 3528 356 3591; x_wconf 82' lang='lat' dir='ltr'><strong>animis</strong></span> <span class='ocrx_word' id='word_1_401' title='bbox 381 3532 411 3587; x_wconf 90' lang='lat' dir='ltr'><strong>ot</strong></span> <span class='ocrx_word' id='word_1_402' title='bbox 436 3528 573 3587; x_wconf 86' lang='lat' dir='ltr'><strong>omuibus</strong></span> <span class='ocrx_word' id='word_1_403' title='bbox 599 3528 690 3587; x_wconf 75' lang='lat' dir='ltr'><strong>retius</strong></span> <span class='ocrx_word' id='word_1_404' title='bbox 714 3526 782 3587; x_wconf 88' lang='lat' dir='ltr'><strong>aliis</strong></span> <span class='ocrx_word' id='word_1_405' title='bbox 802 3528 840 3589; x_wconf 86' lang='lat' dir='ltr'><strong>ad</strong></span> <span class='ocrx_word' id='word_1_406' title='bbox 861 3528 911 3589; x_wconf 90' lang='lat' dir='ltr'><strong>de·</strong></span> <span class='ocrx_word' id='word_1_407' title='bbox 968 3526 1078 3591; x_wconf 91' lang='lat' dir='ltr'><strong>studiis</strong></span> <span class='ocrx_word' id='word_1_408' title='bbox 1109 3530 1311 3600; x_wconf 89' lang='lat' dir='ltr'><strong>ambiebatur,</strong></span> <span class='ocrx_word' id='word_1_409' title='bbox 1350 3530 1460 3593; x_wconf 87' lang='lat' dir='ltr'><strong>loaani</strong></span> <span class='ocrx_word' id='word_1_410' title='bbox 1499 3531 1613 3593; x_wconf 86' lang='lat' dir='ltr'><strong>lliscoe</strong></span> <span class='ocrx_word' id='word_1_411' title='bbox 1646 3536 1772 3599; x_wconf 77' lang='lat' dir='ltr'><strong>confert</strong></span> 
     </span>
     <span class='ocr_line' id='line_1_37' title="bbox 110 3618 1772 3701; baseline 0.004 -18"><span class='ocrx_word' id='word_1_412' title='bbox 110 3622 287 3683; x_wconf 65' lang='lat' dir='ltr'><strong>cadendum</strong></span> <span class='ocrx_word' id='word_1_413' title='bbox 311 3620 406 3681; x_wconf 90' lang='lat' dir='ltr'><strong>locum</strong></span> <span class='ocrx_word' id='word_1_414' title='bbox 432 3626 565 3701; x_wconf 83' lang='lat' dir='ltr'><strong>paratura</strong></span> <span class='ocrx_word' id='word_1_415' title='bbox 592 3640 664 3680; x_wconf 86' lang='lat' dir='ltr'><strong>osse</strong></span> <span class='ocrx_word' id='word_1_416' title='bbox 683 3618 811 3689; x_wconf 84' lang='lat' dir='ltr'><strong>videret,</strong></span> <span class='ocrx_word' id='word_1_417' title='bbox 836 3640 871 3681; x_wconf 91' lang='lat' dir='ltr'><strong>so</strong></span> <span class='ocrx_word' id='word_1_418' title='bbox 891 3644 910 3682; x_wconf 90' lang='lat' dir='ltr'><strong>a</strong></span> <span class='ocrx_word' id='word_1_419' title='bbox 968 3618 1060 3683; x_wconf 88' lang='lat' dir='ltr'><strong>Vilno</strong></span> <span class='ocrx_word' id='word_1_420' title='bbox 1080 3620 1149 3684; x_wconf 91' lang='lat' dir='ltr'><strong>iude</strong></span> <span class='ocrx_word' id='word_1_421' title='bbox 1170 3620 1323 3684; x_wconf 87' lang='lat' dir='ltr'><strong>Grodnam</strong></span> <span class='ocrx_word' id='word_1_422' title='bbox 1344 3632 1457 3697; x_wconf 85' lang='lat' dir='ltr'><strong>maret3</strong></span> <span class='ocrx_word' id='word_1_423' title='bbox 1482 3622 1533 3685; x_wconf 91' lang='lat' dir='ltr'><strong>uhi</strong></span> <span class='ocrx_word' id='word_1_424' title='bbox 1553 3628 1772 3695; x_wconf 83' lang='lat' dir='ltr'><strong>venationibus.</strong></span> 
     </span>
     <span class='ocr_line' id='line_1_38' title="bbox 107 3713 1771 3801; baseline 0.004 -24"><span class='ocrx_word' id='word_1_425' title='bbox 107 3718 239 3801; x_wconf 75' lang='lat' dir='ltr'><strong>peditatu</strong></span> <span class='ocrx_word' id='word_1_426' title='bbox 260 3716 474 3795; x_wconf 84' lang='lat' dir='ltr'><strong>tormentisque</strong></span> <span class='ocrx_word' id='word_1_427' title='bbox 486 3713 704 3795; x_wconf 83' lang='lat' dir='ltr'><strong>imperationem</strong></span> <span class='ocrx_word' id='word_1_428' title='bbox 721 3714 910 3775; x_wconf 77' lang='lat' dir='ltr'><strong>accessisse:</strong></span> <span class='ocrx_word' id='word_1_429' title='bbox 967 3734 1027 3793; x_wconf 94' lang='lat' dir='ltr'><strong>quo</strong></span> <span class='ocrx_word' id='word_1_430' title='bbox 1054 3736 1112 3775; x_wconf 91' lang='lat' dir='ltr'><strong>una</strong></span> <span class='ocrx_word' id='word_1_431' title='bbox 1137 3716 1304 3796; x_wconf 86' lang='lat' dir='ltr'><strong>voluptario</strong></span> <span class='ocrx_word' id='word_1_432' title='bbox 1334 3716 1436 3777; x_wconf 88' lang='lat' dir='ltr'><strong>labore</strong></span> <span class='ocrx_word' id='word_1_433' title='bbox 1462 3737 1498 3779; x_wconf 83' lang='lat' dir='ltr'><strong>cx</strong></span> <span class='ocrx_word' id='word_1_434' title='bbox 1523 3716 1594 3779; x_wconf 89' lang='lat' dir='ltr'><strong>aliis</strong></span> <span class='ocrx_word' id='word_1_435' title='bbox 1618 3718 1771 3783; x_wconf 85' lang='lat' dir='ltr'><strong>laboribus</strong></span> 
     </span>
     <span class='ocr_line' id='line_1_39' title="bbox 107 3806 1769 3891; baseline 0.002 -20"><span class='ocrx_word' id='word_1_436' title='bbox 107 3814 238 3891; x_wconf 79' lang='lat' dir='ltr'><strong>reliquas</strong></span> <span class='ocrx_word' id='word_1_437' title='bbox 265 3808 371 3889; x_wconf 78' lang='lat' dir='ltr'><strong>copiam</strong></span> <span class='ocrx_word' id='word_1_438' title='bbox 385 3806 522 3867; x_wconf 78' lang='lat' dir='ltr'><strong>maximis</strong></span> <span class='ocrx_word' id='word_1_439' title='bbox 546 3806 681 3866; x_wconf 88' lang='lat' dir='ltr'><strong>itinerum</strong></span> <span class='ocrx_word' id='word_1_440' title='bbox 703 3812 734 3865; x_wconf 89' lang='lat' dir='ltr'><strong>ot</strong></span> <span class='ocrx_word' id='word_1_441' title='bbox 752 3812 908 3887; x_wconf 82' lang='lat' dir='ltr'><strong>tempesta·</strong></span> <span class='ocrx_word' id='word_1_442' title='bbox 966 3810 1091 3869; x_wconf 82' lang='lat' dir='ltr'><strong>maxime</strong></span> <span class='ocrx_word' id='word_1_443' title='bbox 1110 3807 1233 3869; x_wconf 88' lang='lat' dir='ltr'><strong>relicere</strong></span> <span class='ocrx_word' id='word_1_444' title='bbox 1252 3829 1288 3869; x_wconf 90' lang='lat' dir='ltr'><strong>sc</strong></span> <span class='ocrx_word' id='word_1_445' title='bbox 1304 3808 1393 3883; x_wconf 76' lang='lat' dir='ltr'><strong>solet,</strong></span> <span class='ocrx_word' id='word_1_446' title='bbox 1413 3807 1604 3889; x_wconf 87' lang='lat' dir='ltr'><strong>diesaiiquot</strong></span> <span class='ocrx_word' id='word_1_447' title='bbox 1623 3808 1690 3875; x_wconf 85' lang='lat' dir='ltr'><strong>dat.</strong></span> <span class='ocrx_word' id='word_1_448' title='bbox 1710 3814 1769 3877; x_wconf 84' lang='lat' dir='ltr'><strong>hle·</strong></span> 
     </span>
     <span class='ocr_line' id='line_1_40' title="bbox 107 3898 1768 3989; baseline 0.002 -26"><span class='ocrx_word' id='word_1_449' title='bbox 107 3920 165 3963; x_wconf 64' lang='lat' dir='ltr'><strong>nna·</strong></span> <span class='ocrx_word' id='word_1_450' title='bbox 191 3900 384 3963; x_wconf 85' lang='lat' dir='ltr'><strong>incommodis</strong></span> <span class='ocrx_word' id='word_1_451' title='bbox 407 3900 549 3974; x_wconf 87' lang='lat' dir='ltr'><strong>aiilictas,</strong></span> <span class='ocrx_word' id='word_1_452' title='bbox 573 3900 669 3959; x_wconf 85' lang='lat' dir='ltr'><strong>missa</strong></span> <span class='ocrx_word' id='word_1_453' title='bbox 692 3900 848 3961; x_wconf 88' lang='lat' dir='ltr'><strong>obsidione</strong></span> <span class='ocrx_word' id='word_1_454' title='bbox 867 3902 908 3963; x_wconf 85' lang='lat' dir='ltr'><strong>ri·</strong></span> <span class='ocrx_word' id='word_1_455' title='bbox 965 3902 1040 3960; x_wconf 88' lang='lat' dir='ltr'><strong>ritur</strong></span> <span class='ocrx_word' id='word_1_456' title='bbox 1058 3898 1169 3961; x_wconf 90' lang='lat' dir='ltr'><strong>ibideru</strong></span> <span class='ocrx_word' id='word_1_457' title='bbox 1189 3900 1311 3981; x_wconf 84' lang='lat' dir='ltr'><strong>Gnspar</strong></span> <span class='ocrx_word' id='word_1_458' title='bbox 1329 3900 1496 3974; x_wconf 84' lang='lat' dir='ltr'><strong>Belesius,</strong></span> <span class='ocrx_word' id='word_1_459' title='bbox 1525 3900 1565 3963; x_wconf 87' lang='lat' dir='ltr'><strong>de</strong></span> <span class='ocrx_word' id='word_1_460' title='bbox 1591 3924 1656 3985; x_wconf 93' lang='lat' dir='ltr'><strong>quo</strong></span> <span class='ocrx_word' id='word_1_461' title='bbox 1684 3926 1768 3989; x_wconf 87' lang='lat' dir='ltr'><strong>supra</strong></span> 
     </span>
     <span class='ocr_line' id='line_1_41' title="bbox 107 3990 1767 4079; baseline 0.007 -30"><span class='ocrx_word' id='word_1_462' title='bbox 107 4016 172 4055; x_wconf 67' lang='lat' dir='ltr'><strong>anns</strong></span> <span class='ocrx_word' id='word_1_463' title='bbox 206 3998 316 4055; x_wconf 82' lang='lat' dir='ltr'><strong>circum</strong></span> <span class='ocrx_word' id='word_1_464' title='bbox 351 3994 419 4055; x_wconf 73' lang='lat' dir='ltr'><strong>laica</strong></span> <span class='ocrx_word' id='word_1_465' title='bbox 446 3994 545 4053; x_wconf 86' lang='lat' dir='ltr'><strong>omnia</strong></span> <span class='ocrx_word' id='word_1_466' title='bbox 577 3990 752 4069; x_wconf 88' lang='lat' dir='ltr'><strong>diripuerat,</strong></span> <span class='ocrx_word' id='word_1_467' title='bbox 786 3998 907 4074; x_wconf 87' lang='lat' dir='ltr'><strong>totaque</strong></span> <span class='ocrx_word' id='word_1_468' title='bbox 966 3990 1162 4069; x_wconf 87' lang='lat' dir='ltr'><strong>dictumest,</strong></span> <span class='ocrx_word' id='word_1_469' title='bbox 1193 4014 1252 4053; x_wconf 91' lang='lat' dir='ltr'><strong>noa</strong></span> <span class='ocrx_word' id='word_1_470' title='bbox 1271 3996 1368 4053; x_wconf 86' lang='lat' dir='ltr'><strong>nrinus</strong></span> <span class='ocrx_word' id='word_1_471' title='bbox 1393 3996 1572 4068; x_wconf 89' lang='lat' dir='ltr'><strong>inimicitiis,</strong></span> <span class='ocrx_word' id='word_1_472' title='bbox 1602 4016 1767 4079; x_wconf 81' lang='lat' dir='ltr'><strong>quaecum</strong></span> 
     </span>
     <span class='ocr_line' id='line_1_42' title="bbox 107 4084 1766 4168; baseline 0.008 -25"><span class='ocrx_word' id='word_1_473' title='bbox 107 4088 279 4147; x_wconf 57' lang='lat' dir='ltr'><strong>materiensi</strong></span> <span class='ocrx_word' id='word_1_474' title='bbox 305 4084 417 4145; x_wconf 90' lang='lat' dir='ltr'><strong>ditione</strong></span> <span class='ocrx_word' id='word_1_475' title='bbox 443 4090 576 4154; x_wconf 82' lang='lat' dir='ltr'><strong>vastata,</strong></span> <span class='ocrx_word' id='word_1_476' title='bbox 604 4104 641 4145; x_wconf 90' lang='lat' dir='ltr'><strong>ac</strong></span> <span class='ocrx_word' id='word_1_477' title='bbox 666 4086 908 4167; x_wconf 90' lang='lat' dir='ltr'><strong>populationibus</strong></span> <span class='ocrx_word' id='word_1_478' title='bbox 965 4084 1051 4166; x_wconf 80' lang='lat' dir='ltr'><strong>Rege</strong></span> <span class='ocrx_word' id='word_1_479' title='bbox 1071 4089 1214 4147; x_wconf 83' lang='lat' dir='ltr'><strong>acerrime</strong></span> <span class='ocrx_word' id='word_1_480' title='bbox 1234 4086 1304 4147; x_wconf 91' lang='lat' dir='ltr'><strong>olim</strong></span> <span class='ocrx_word' id='word_1_481' title='bbox 1324 4090 1465 4161; x_wconf 83' lang='lat' dir='ltr'><strong>exercuit,</strong></span> <span class='ocrx_word' id='word_1_482' title='bbox 1485 4108 1573 4168; x_wconf 91' lang='lat' dir='ltr'><strong>quara</strong></span> <span class='ocrx_word' id='word_1_483' title='bbox 1592 4092 1766 4155; x_wconf 73' lang='lat' dir='ltr'><strong>virtutem</strong></span> 
     </span>
     <span class='ocr_line' id='line_1_43' title="bbox 107 4176 1764 4257; baseline 0.006 -20"><span class='ocrx_word' id='word_1_484' title='bbox 107 4184 143 4237; x_wconf 75' lang='lat' dir='ltr'><strong>:ai</strong></span> <span class='ocrx_word' id='word_1_485' title='bbox 176 4178 390 4247; x_wconf 75' lang='lat' dir='ltr'><strong>Stnrodnbara,</strong></span> <span class='ocrx_word' id='word_1_486' title='bbox 417 4176 649 4253; x_wconf 74' lang='lat' dir='ltr'><strong>llodchosfiom,</strong></span> <span class='ocrx_word' id='word_1_487' title='bbox 679 4178 906 4257; x_wconf 83' lang='lat' dir='ltr'><strong>Poczopariam,</strong></span> <span class='ocrx_word' id='word_1_488' title='bbox 964 4178 1074 4241; x_wconf 90' lang='lat' dir='ltr'><strong>clarus.</strong></span> <span class='ocrx_word' id='word_1_489' title='bbox 1114 4178 1213 4239; x_wconf 84' lang='lat' dir='ltr'><strong>Natus</strong></span> <span class='ocrx_word' id='word_1_490' title='bbox 1234 4178 1283 4240; x_wconf 92' lang='lat' dir='ltr'><strong>bic</strong></span> <span class='ocrx_word' id='word_1_491' title='bbox 1308 4183 1340 4240; x_wconf 90' lang='lat' dir='ltr'><strong>ia</strong></span> <span class='ocrx_word' id='word_1_492' title='bbox 1361 4178 1601 4255; x_wconf 76' lang='lat' dir='ltr'><strong>Troassilvoaia,</strong></span> <span class='ocrx_word' id='word_1_493' title='bbox 1625 4202 1666 4246; x_wconf 85' lang='lat' dir='ltr'><strong>ac</strong></span> <span class='ocrx_word' id='word_1_494' title='bbox 1685 4188 1715 4247; x_wconf 91' lang='lat' dir='ltr'><strong>iu</strong></span> <span class='ocrx_word' id='word_1_495' title='bbox 1732 4182 1764 4247; x_wconf 83' lang='lat' dir='ltr'><strong>ts·</strong></span> 
     </span>
     <span class='ocr_line' id='line_1_44' title="bbox 107 4270 1765 4353; baseline 0.006 -23"><span class='ocrx_word' id='word_1_496' title='bbox 107 4292 202 4347; x_wconf 67' lang='lat' dir='ltr'><strong>asqae</strong></span> <span class='ocrx_word' id='word_1_497' title='bbox 240 4290 291 4349; x_wconf 86' lang='lat' dir='ltr'><strong>per</strong></span> <span class='ocrx_word' id='word_1_498' title='bbox 329 4270 456 4329; x_wconf 81' lang='lat' dir='ltr'><strong>leuiores</strong></span> <span class='ocrx_word' id='word_1_499' title='bbox 488 4272 618 4348; x_wconf 83' lang='lat' dir='ltr'><strong>equitum</strong></span> <span class='ocrx_word' id='word_1_500' title='bbox 658 4280 770 4333; x_wconf 87' lang='lat' dir='ltr'><strong>turmas</strong></span> <span class='ocrx_word' id='word_1_501' title='bbox 810 4272 907 4345; x_wconf 87' lang='lat' dir='ltr'><strong>iactis,</strong></span> <span class='ocrx_word' id='word_1_502' title='bbox 965 4272 1653 4353; x_wconf 78' lang='lat' dir='ltr'><strong>miliaPetrorieiinobilisBaroniseducatus,</strong></span> <span class='ocrx_word' id='word_1_503' title='bbox 1674 4276 1765 4339; x_wconf 86' lang='lat' dir='ltr'><strong>adulta</strong></span> 
     </span>
     <span class='ocr_line' id='line_1_45' title="bbox 106 4361 1766 4446; baseline 0.006 -27"><span class='ocrx_word' id='word_1_504' title='bbox 106 4361 218 4443; x_wconf 82' lang='lat' dir='ltr'><strong>praeda</strong></span> <span class='ocrx_word' id='word_1_505' title='bbox 246 4362 358 4439; x_wconf 66' lang='lat' dir='ltr'><strong>ingenti</strong></span> <span class='ocrx_word' id='word_1_506' title='bbox 385 4372 454 4422; x_wconf 84' lang='lat' dir='ltr'><strong>octa</strong></span> <span class='ocrx_word' id='word_1_507' title='bbox 482 4362 674 4424; x_wconf 88' lang='lat' dir='ltr'><strong>discesserat.</strong></span> <span class='ocrx_word' id='word_1_508' title='bbox 713 4366 810 4426; x_wconf 87' lang='lat' dir='ltr'><strong>Simili</strong></span> <span class='ocrx_word' id='word_1_509' title='bbox 841 4388 906 4429; x_wconf 88' lang='lat' dir='ltr'><strong>sac-</strong></span> <span class='ocrx_word' id='word_1_510' title='bbox 963 4373 1071 4446; x_wconf 85' lang='lat' dir='ltr'><strong>postca</strong></span> <span class='ocrx_word' id='word_1_511' title='bbox 1089 4372 1189 4425; x_wconf 88' lang='lat' dir='ltr'><strong>aetate</strong></span> <span class='ocrx_word' id='word_1_512' title='bbox 1217 4362 1327 4425; x_wconf 85' lang='lat' dir='ltr'><strong>Joaarri</strong></span> <span class='ocrx_word' id='word_1_513' title='bbox 1354 4363 1549 4445; x_wconf 80' lang='lat' dir='ltr'><strong>sigismundo</strong></span> <span class='ocrx_word' id='word_1_514' title='bbox 1581 4364 1766 4431; x_wconf 81' lang='lat' dir='ltr'><strong>Trarrssilro·</strong></span> 
     </span>
     <span class='ocr_line' id='line_1_46' title="bbox 106 4452 1767 4539; baseline 0.002 -22"><span class='ocrx_word' id='word_1_515' title='bbox 106 4476 197 4517; x_wconf 81' lang='lat' dir='ltr'><strong>cessa</strong></span> <span class='ocrx_word' id='word_1_516' title='bbox 218 4452 353 4515; x_wconf 85' lang='lat' dir='ltr'><strong>ioannes</strong></span> <span class='ocrx_word' id='word_1_517' title='bbox 371 4452 597 4525; x_wconf 77' lang='lat' dir='ltr'><strong>Selomireeias,</strong></span> <span class='ocrx_word' id='word_1_518' title='bbox 621 4458 672 4535; x_wconf 93' lang='lat' dir='ltr'><strong>qui</strong></span> <span class='ocrx_word' id='word_1_519' title='bbox 698 4462 906 4536; x_wconf 84' lang='lat' dir='ltr'><strong>postmortem</strong></span> <span class='ocrx_word' id='word_1_520' title='bbox 965 4461 1033 4519; x_wconf 90' lang='lat' dir='ltr'><strong>aiae</strong></span> <span class='ocrx_word' id='word_1_521' title='bbox 1052 4455 1185 4539; x_wconf 89' lang='lat' dir='ltr'><strong>Principi</strong></span> <span class='ocrx_word' id='word_1_522' title='bbox 1206 4454 1283 4518; x_wconf 88' lang='lat' dir='ltr'><strong>odeo</strong></span> <span class='ocrx_word' id='word_1_523' title='bbox 1302 4468 1406 4535; x_wconf 77' lang='lat' dir='ltr'><strong>gratas</strong></span> <span class='ocrx_word' id='word_1_524' title='bbox 1425 4460 1535 4527; x_wconf 82' lang='lat' dir='ltr'><strong>estitit,</strong></span> <span class='ocrx_word' id='word_1_525' title='bbox 1562 4466 1598 4521; x_wconf 88' lang='lat' dir='ltr'><strong>ut</strong></span> <span class='ocrx_word' id='word_1_526' title='bbox 1619 4480 1690 4521; x_wconf 87' lang='lat' dir='ltr'><strong>cum</strong></span> <span class='ocrx_word' id='word_1_527' title='bbox 1709 4464 1767 4523; x_wconf 85' lang='lat' dir='ltr'><strong>sine</strong></span> 
     </span>
     <span class='ocr_line' id='line_1_47' title="bbox 106 4544 1767 4635; baseline 0.005 -28"><span class='ocrx_word' id='word_1_528' title='bbox 106 4550 199 4629; x_wconf 76' lang='lat' dir='ltr'><strong>patris</strong></span> <span class='ocrx_word' id='word_1_529' title='bbox 220 4556 303 4605; x_wconf 77' lang='lat' dir='ltr'><strong>entra</strong></span> <span class='ocrx_word' id='word_1_530' title='bbox 321 4544 452 4607; x_wconf 83' lang='lat' dir='ltr'><strong>ordinere</strong></span> <span class='ocrx_word' id='word_1_531' title='bbox 470 4548 718 4610; x_wconf 82' lang='lat' dir='ltr'><strong>blicislarieasem</strong></span> <span class='ocrx_word' id='word_1_532' title='bbox 739 4552 906 4614; x_wconf 79' lang='lat' dir='ltr'><strong>Praefecto·</strong></span> <span class='ocrx_word' id='word_1_533' title='bbox 964 4548 1093 4612; x_wconf 88' lang='lat' dir='ltr'><strong>bnerede</strong></span> <span class='ocrx_word' id='word_1_534' title='bbox 1113 4547 1284 4619; x_wconf 87' lang='lat' dir='ltr'><strong>decederet,</strong></span> <span class='ocrx_word' id='word_1_535' title='bbox 1303 4550 1382 4612; x_wconf 78' lang='lat' dir='ltr'><strong>barac</strong></span> <span class='ocrx_word' id='word_1_536' title='bbox 1400 4570 1614 4613; x_wconf 87' lang='lat' dir='ltr'><strong>successorem</strong></span> <span class='ocrx_word' id='word_1_537' title='bbox 1636 4550 1767 4635; x_wconf 66' lang='lat' dir='ltr'><strong>designa·</strong></span> 
     </span>
     <span class='ocr_line' id='line_1_48' title="bbox 105 4638 1768 4725; baseline 0.005 -24"><span class='ocrx_word' id='word_1_538' title='bbox 105 4660 167 4701; x_wconf 82' lang='lat' dir='ltr'><strong>ram</strong></span> <span class='ocrx_word' id='word_1_539' title='bbox 187 4639 613 4715; x_wconf 67' lang='lat' dir='ltr'><strong>odniaistmhstioroslaron</strong></span> <span class='ocrx_word' id='word_1_540' title='bbox 632 4642 781 4723; x_wconf 90' lang='lat' dir='ltr'><strong>oppidum,</strong></span> <span class='ocrx_word' id='word_1_541' title='bbox 801 4662 905 4723; x_wconf 77' lang='lat' dir='ltr'><strong>pagos·</strong></span> <span class='ocrx_word' id='word_1_542' title='bbox 962 4664 995 4705; x_wconf 88' lang='lat' dir='ltr'><strong>re</strong></span> <span class='ocrx_word' id='word_1_543' title='bbox 1015 4662 1075 4703; x_wconf 91' lang='lat' dir='ltr'><strong>noa</strong></span> <span class='ocrx_word' id='word_1_544' title='bbox 1099 4638 1257 4704; x_wconf 83' lang='lat' dir='ltr'><strong>dubitaret.</strong></span> <span class='ocrx_word' id='word_1_545' title='bbox 1297 4642 1373 4705; x_wconf 82' lang='lat' dir='ltr'><strong>Cum</strong></span> <span class='ocrx_word' id='word_1_546' title='bbox 1398 4644 1465 4706; x_wconf 84' lang='lat' dir='ltr'><strong>Rex</strong></span> <span class='ocrx_word' id='word_1_547' title='bbox 1494 4642 1690 4725; x_wconf 87' lang='lat' dir='ltr'><strong>popularium</strong></span> <span class='ocrx_word' id='word_1_548' title='bbox 1715 4658 1768 4709; x_wconf 76' lang='lat' dir='ltr'><strong>aa</strong></span> 
     </span>
     <span class='ocr_line' id='line_1_49' title="bbox 106 4732 1769 4819; baseline 0.004 -24"><span class='ocrx_word' id='word_1_549' title='bbox 106 4754 166 4811; x_wconf 77' lang='lat' dir='ltr'><strong>que</strong></span> <span class='ocrx_word' id='word_1_550' title='bbox 178 4732 348 4811; x_wconf 83' lang='lat' dir='ltr'><strong>complures</strong></span> <span class='ocrx_word' id='word_1_551' title='bbox 364 4733 533 4816; x_wconf 79' lang='lat' dir='ltr'><strong>diripuerat.</strong></span> <span class='ocrx_word' id='word_1_552' title='bbox 559 4734 647 4795; x_wconf 91' lang='lat' dir='ltr'><strong>Pbilo</strong></span> <span class='ocrx_word' id='word_1_553' title='bbox 664 4742 694 4797; x_wconf 89' lang='lat' dir='ltr'><strong>et</strong></span> <span class='ocrx_word' id='word_1_554' title='bbox 710 4736 903 4799; x_wconf 78' lang='lat' dir='ltr'><strong>CaritaPrao</strong></span> <span class='ocrx_word' id='word_1_555' title='bbox 961 4736 1022 4798; x_wconf 89' lang='lat' dir='ltr'><strong>diis</strong></span> <span class='ocrx_word' id='word_1_556' title='bbox 1037 4734 1194 4819; x_wconf 76' lang='lat' dir='ltr'><strong>praelatam</strong></span> <span class='ocrx_word' id='word_1_557' title='bbox 1213 4738 1241 4797; x_wconf 92' lang='lat' dir='ltr'><strong>ei</strong></span> <span class='ocrx_word' id='word_1_558' title='bbox 1260 4736 1377 4811; x_wconf 85' lang='lat' dir='ltr'><strong>luisset,</strong></span> <span class='ocrx_word' id='word_1_559' title='bbox 1397 4736 1600 4799; x_wconf 87' lang='lat' dir='ltr'><strong>aemulatione</strong></span> <span class='ocrx_word' id='word_1_560' title='bbox 1619 4742 1703 4803; x_wconf 80' lang='lat' dir='ltr'><strong>iuter</strong></span> <span class='ocrx_word' id='word_1_561' title='bbox 1720 4758 1769 4801; x_wconf 85' lang='lat' dir='ltr'><strong>eos</strong></span> 
     </span>
     <span class='ocr_line' id='line_1_50' title="bbox 107 4824 1769 4911; baseline 0.005 -27"><span class='ocrx_word' id='word_1_562' title='bbox 107 4824 204 4885; x_wconf 64' lang='lat' dir='ltr'><strong>intus</strong></span> <span class='ocrx_word' id='word_1_563' title='bbox 217 4824 413 4899; x_wconf 84' lang='lat' dir='ltr'><strong>Orsaoeusis,</strong></span> <span class='ocrx_word' id='word_1_564' title='bbox 439 4830 487 4889; x_wconf 87' lang='lat' dir='ltr'><strong>cai</strong></span> <span class='ocrx_word' id='word_1_565' title='bbox 509 4834 623 4887; x_wconf 85' lang='lat' dir='ltr'><strong>tornae</strong></span> <span class='ocrx_word' id='word_1_566' title='bbox 641 4828 754 4909; x_wconf 82' lang='lat' dir='ltr'><strong>aliquot</strong></span> <span class='ocrx_word' id='word_1_567' title='bbox 771 4831 902 4909; x_wconf 90' lang='lat' dir='ltr'><strong>equitum</strong></span> <span class='ocrx_word' id='word_1_568' title='bbox 961 4840 1080 4905; x_wconf 78' lang='lat' dir='ltr'><strong>eremo,</strong></span> <span class='ocrx_word' id='word_1_569' title='bbox 1099 4826 1170 4890; x_wconf 90' lang='lat' dir='ltr'><strong>dum</strong></span> <span class='ocrx_word' id='word_1_570' title='bbox 1189 4838 1300 4890; x_wconf 87' lang='lat' dir='ltr'><strong>statum</strong></span> <span class='ocrx_word' id='word_1_571' title='bbox 1320 4828 1565 4893; x_wconf 83' lang='lat' dir='ltr'><strong>&#39;irarrssilraaiae</strong></span> <span class='ocrx_word' id='word_1_572' title='bbox 1585 4832 1706 4911; x_wconf 88' lang='lat' dir='ltr'><strong>turbat,</strong></span> <span class='ocrx_word' id='word_1_573' title='bbox 1717 4832 1769 4897; x_wconf 76' lang='lat' dir='ltr'><strong>ru·</strong></span> 
     </span>
     <span class='ocr_line' id='line_1_51' title="bbox 104 4918 1771 5005; baseline 0.008 -28"><span class='ocrx_word' id='word_1_574' title='bbox 104 4918 279 4993; x_wconf 79' lang='lat' dir='ltr'><strong>assignatas</strong></span> <span class='ocrx_word' id='word_1_575' title='bbox 297 4926 398 4989; x_wconf 88' lang='lat' dir='ltr'><strong>erant,</strong></span> <span class='ocrx_word' id='word_1_576' title='bbox 426 4926 530 4981; x_wconf 84' lang='lat' dir='ltr'><strong>coacto</strong></span> <span class='ocrx_word' id='word_1_577' title='bbox 548 4920 587 4981; x_wconf 88' lang='lat' dir='ltr'><strong>ad</strong></span> <span class='ocrx_word' id='word_1_578' title='bbox 607 4940 661 4981; x_wconf 85' lang='lat' dir='ltr'><strong>eas</strong></span> <span class='ocrx_word' id='word_1_579' title='bbox 681 4942 740 4981; x_wconf 75' lang='lat' dir='ltr'><strong>arara</strong></span> <span class='ocrx_word' id='word_1_580' title='bbox 762 4923 903 4985; x_wconf 86' lang='lat' dir='ltr'><strong>mediocri</strong></span> <span class='ocrx_word' id='word_1_581' title='bbox 960 4926 1090 5005; x_wconf 73' lang='lat' dir='ltr'><strong>gerlasio</strong></span> <span class='ocrx_word' id='word_1_582' title='bbox 1115 4932 1205 5004; x_wconf 89' lang='lat' dir='ltr'><strong>atque</strong></span> <span class='ocrx_word' id='word_1_583' title='bbox 1230 4922 1299 4983; x_wconf 91' lang='lat' dir='ltr'><strong>aliis</strong></span> <span class='ocrx_word' id='word_1_584' title='bbox 1324 4924 1460 4986; x_wconf 82' lang='lat' dir='ltr'><strong>castellis</strong></span> <span class='ocrx_word' id='word_1_585' title='bbox 1491 4944 1509 4986; x_wconf 92' lang='lat' dir='ltr'><strong>a</strong></span> <span class='ocrx_word' id='word_1_586' title='bbox 1539 4922 1635 5005; x_wconf 71' lang='lat' dir='ltr'><strong>Rege</strong></span> <span class='ocrx_word' id='word_1_587' title='bbox 1664 4932 1771 4991; x_wconf 66' lang='lat' dir='ltr'><strong>uum!</strong></span> 
     </span>
     <span class='ocr_line' id='line_1_52' title="bbox 98 5006 1772 5096; baseline 0.01 -28"><span class='ocrx_word' id='word_1_588' title='bbox 98 5006 236 5075; x_wconf 63' lang='lat' dir='ltr'><strong>finitimis</strong></span> <span class='ocrx_word' id='word_1_589' title='bbox 271 5030 290 5069; x_wconf 89' lang='lat' dir='ltr'><strong>e</strong></span> <span class='ocrx_word' id='word_1_590' title='bbox 320 5010 396 5072; x_wconf 90' lang='lat' dir='ltr'><strong>locis</strong></span> <span class='ocrx_word' id='word_1_591' title='bbox 429 5016 577 5093; x_wconf 87' lang='lat' dir='ltr'><strong>cujusquo</strong></span> <span class='ocrx_word' id='word_1_592' title='bbox 607 5016 726 5093; x_wconf 80' lang='lat' dir='ltr'><strong>generis</strong></span> <span class='ocrx_word' id='word_1_593' title='bbox 756 5016 902 5080; x_wconf 73' lang='lat' dir='ltr'><strong>homiuum</strong></span> <span class='ocrx_word' id='word_1_594' title='bbox 959 5016 999 5079; x_wconf 88' lang='lat' dir='ltr'><strong>ad</strong></span> <span class='ocrx_word' id='word_1_595' title='bbox 1023 5016 1255 5078; x_wconf 83' lang='lat' dir='ltr'><strong>blaximilioaara</strong></span> <span class='ocrx_word' id='word_1_596' title='bbox 1279 5012 1491 5096; x_wconf 84' lang='lat' dir='ltr'><strong>imperatorem</strong></span> <span class='ocrx_word' id='word_1_597' title='bbox 1515 5020 1546 5076; x_wconf 90' lang='lat' dir='ltr'><strong>in</strong></span> <span class='ocrx_word' id='word_1_598' title='bbox 1572 5018 1772 5085; x_wconf 76' lang='lat' dir='ltr'><strong>Germania!</strong></span> 
     </span>
     <span class='ocr_line' id='line_1_53' title="bbox 102 5094 1770 5191; baseline 0.005 -24"><span class='ocrx_word' id='word_1_599' title='bbox 102 5119 188 5167; x_wconf 74' lang='lat' dir='ltr'><strong>unu</strong></span> <span class='ocrx_word' id='word_1_600' title='bbox 207 5100 237 5159; x_wconf 95' lang='lat' dir='ltr'><strong>in</strong></span> <span class='ocrx_word' id='word_1_601' title='bbox 250 5098 379 5164; x_wconf 73' lang='lat' dir='ltr'><strong>ditium</strong></span> <span class='ocrx_word' id='word_1_602' title='bbox 389 5102 517 5165; x_wconf 87' lang='lat' dir='ltr'><strong>hostiles</strong></span> <span class='ocrx_word' id='word_1_603' title='bbox 535 5114 753 5183; x_wconf 74' lang='lat' dir='ltr'><strong>transgressus,</strong></span> <span class='ocrx_word' id='word_1_604' title='bbox 772 5108 901 5171; x_wconf 85' lang='lat' dir='ltr'><strong>duobus-</strong></span> <span class='ocrx_word' id='word_1_605' title='bbox 926 5094 931 5181; x_wconf 96' lang='grc' dir='ltr'>Ι</span> <span class='ocrx_word' id='word_1_606' title='bbox 959 5130 994 5169; x_wconf 86' lang='lat' dir='ltr'><strong>sa</strong></span> <span class='ocrx_word' id='word_1_607' title='bbox 1014 5109 1195 5169; x_wconf 82' lang='lat' dir='ltr'><strong>contulerat:</strong></span> <span class='ocrx_word' id='word_1_608' title='bbox 1214 5108 1266 5168; x_wconf 93' lang='lat' dir='ltr'><strong>abi</strong></span> <span class='ocrx_word' id='word_1_609' title='bbox 1286 5111 1383 5187; x_wconf 89' lang='lat' dir='ltr'><strong>copiis</strong></span> <span class='ocrx_word' id='word_1_610' title='bbox 1402 5110 1515 5191; x_wconf 86' lang='lat' dir='ltr'><strong>aliquot</strong></span> <span class='ocrx_word' id='word_1_611' title='bbox 1535 5114 1659 5174; x_wconf 87' lang='lat' dir='ltr'><strong>coactis</strong></span> <span class='ocrx_word' id='word_1_612' title='bbox 1680 5118 1713 5175; x_wconf 77' lang='lat' dir='ltr'><strong>ai</strong></span> <span class='ocrx_word' id='word_1_613' title='bbox 1727 5112 1770 5175; x_wconf 81' lang='lat' dir='ltr'><strong>de</strong></span> 
     </span>
    </p>
   </div>
   <div class='ocr_carea' id='block_1_3' title="bbox 142 5186 1770 5283">
    <p class='ocr_par' dir='ltr' id='par_1_3' title="bbox 142 5186 1770 5283">
     <span class='ocr_line' id='line_1_54' title="bbox 142 5186 1770 5283; baseline 0.01 -28"><span class='ocrx_word' id='word_1_614' title='bbox 142 5194 296 5255; x_wconf 84' lang='lat' dir='ltr'><strong>rcr&#39;rciter</strong></span> <span class='ocrx_word' id='word_1_615' title='bbox 310 5196 443 5257; x_wconf 67' lang='lat' dir='ltr'><strong>millibus</strong></span> <span class='ocrx_word' id='word_1_616' title='bbox 466 5218 610 5279; x_wconf 69' lang='lat' dir='ltr'><strong>pagorum</strong></span> <span class='ocrx_word' id='word_1_617' title='bbox 629 5201 775 5260; x_wconf 83' lang='lat' dir='ltr'><strong>incensis.</strong></span> <span class='ocrx_word' id='word_1_618' title='bbox 800 5220 835 5261; x_wconf 85' lang='lat' dir='ltr'><strong>oe</strong></span> <span class='ocrx_word' id='word_1_619' title='bbox 861 5204 899 5263; x_wconf 80' lang='lat' dir='ltr'><strong>ad</strong></span> <span class='ocrx_word' id='word_1_620' title='bbox 926 5186 930 5281; x_wconf 89' lang='grc' dir='ltr'>Ι</span> <span class='ocrx_word' id='word_1_621' title='bbox 958 5201 1027 5263; x_wconf 83' lang='lat' dir='ltr'><strong>iada</strong></span> <span class='ocrx_word' id='word_1_622' title='bbox 1052 5204 1204 5263; x_wconf 81' lang='lat' dir='ltr'><strong>acaronis</strong></span> <span class='ocrx_word' id='word_1_623' title='bbox 1232 5198 1372 5262; x_wconf 84' lang='lat' dir='ltr'><strong>invadere</strong></span> <span class='ocrx_word' id='word_1_624' title='bbox 1402 5198 1612 5283; x_wconf 88' lang='lat' dir='ltr'><strong>Principatum</strong></span> <span class='ocrx_word' id='word_1_625' title='bbox 1643 5218 1770 5271; x_wconf 76' lang='lat' dir='ltr'><strong>conatu</strong></span> 
     </span>
    </p>
   </div>
   <div class='ocr_carea' id='block_1_4' title="bbox 0 0 1876 5626">
    <p class='ocr_par' dir='ltr' id='par_1_4' title="bbox 0 0 1876 5626">
     <span class='ocr_line' id='line_1_55' title="bbox 0 0 1876 5626; baseline 0 4"><span class='ocrx_word' id='word_1_626' title='bbox 0 0 1876 5626; x_wconf 95' lang='lat' dir='ltr'><strong> </strong></span> 
     </span>
    </p>
   </div>
  </div>
 </body>
</html>
