3742 5626
138 202 159 257 6
777 208 827 267 tit:
854 208 1055 267 mm.
1077 210 1163 269 w„

138 363 314 423 asianus:
339 358 628 443 pedite-atem,
653 363 939 447 ujnnmutiplu
997 365 1094 427 bieme
1117 365 1796 459 (nidtenpui'nieregioaibusapin's

138 452 411 517 mmutribuebet
432 454 940 537 Primumbloecommagmencun
996 464 1247 523 sim-amei
1266 460 1416 542 gerendae
1435 476 1593 547 propterea
1611 466 1792 551 nuper

137 548 204 609 als
222 544 351 609 feliciter
369 554 545 631 perrupit,
565 548 636 612 inde
653 552 777 613 alterum
796 548 938 613 adoritur.
996 564 1058 615 t·
1083 562 1205 633 magea,
1234 553 1375 635 paludes,
1404 557 1523 620 demina
1547 560 1699 640 congel&
1720 561 1789 624 laci·

139 638 216 701 'l'um
227 638 362 703 Bnilius
379 662 445 703 cum
457 648 545 703 tertio
554 644 686 705 nennilril
701 642 939 726 pedeurelerre,
996 647 1055 709 len
1075 652 1231 709 transitum
1251 649 1431 730 praebeant)
1452 650 1561 713 teitu
1587 658 1665 716 inter
1685 652 1789 719 (ienta-

137 738 939 821 etexitumpegnaespectareaanlutumnputabat,
995 761 1064 802 m
1082 739 1250 802 suedorum
1277 762 1392 821 regen,
1417 766 1456 805 ac
1477 744 1623 807 ioannem
1649 748 1791 810 Basiliam

139 840 172 889 ot
189 832 240 910 qui
255 826 421 889 esineidiis
441 830 679 911 bostematergo
695 836 826 895 invasuri
846 842 939 903 eraut,
995 833 1167 897 bloscorum
1185 838 1348 917 principem
1368 850 1513 911 exertum,
1532 838 1626 920 probe
1645 841 1794 903 biennium

138 924 939 1007 ademunemrelsolotermmpertmbarentdis
995 937 1090 989 totum
1119 926 1245 990 dmarit.
1289 928 1329 989 lii
1359 950 1480 993 cauam
1509 930 1619 992 dedere
1651 935 1796 1015 praelecti

134 1018 278 1097 iimmot,
306 1014 477 1079 caederent.
521 1016 633 1079 Verum
659 1022 699 1081 iis
723 1016 939 1083 ani-straete
995 1024 1149 1103 nutuque
1173 1026 1318 1104 principis
1344 1026 1375 1083 ie
1398 1022 1538 1085 limitibrm
1562 1026 1715 1097 collocati,
1746 1031 1796 1108 qui

137 1106 270 1191 peditum
284 1128 391 1189 agmen
405 1109 579 1194 quadratum
594 1124 772 1183 occurrerat,
786 1122 819 1175 et
834 1132 940 1177 enee
994 1116 1089 1176 semel
1113 1118 1266 1197 suceptio
1293 1119 1452 1178 inimicitiis
1474 1118 1638 1180 alternatim
1664 1118 1798 1199 praedas

137 1206 169 1264 in
187 1200 286 1285 ‘¹¹8ss
310 1206 492 1285 conjecerat.
531 1208 634 1287 ltaque
659 1227 747 1288 quum
772 1206 802 1267 bi
820 1210 938 1269 tertium
995 1208 1170 1288 abigebant,
1195 1220 1227 1268 et
1245 1212 1342 1271 onia
1366 1209 1454 1290 longe
1478 1210 1593 1292 lateque
1612 1211 1736 1273 llammis
1756 1235 1795 1273 ac

136 1296 236 1361 bloeci
254 1318 361 1379 apuren
386 1310 469 1363 recta
491 1308 640 1383 peterem,
667 1299 801 1363 Basilius
818 1300 939 1381 abjecta
996 1301 1076 1363 terro
1094 1301 1322 1385 popnhtntu.
1359 1299 1430 1373 Qua
1445 1301 1562 1376 [nomm
1579 1314 1613 1365 ut
1628 1308 1685 1387 ipei
1703 1309 1792 1366 etiam

136 1412 193 1474 spe
211 1396 354 1457 motoria
379 1414 446 1457 cum
470 1392 666 1455 nobilioribus
690 1404 787 1456 semet
811 1416 848 1456 ex
872 1397 938 1456 acie
996 1400 1148 1477 principes
1169 1399 1275 1458 iritati.
1300 1416 1374 1457 sune
1399 1416 1533 1477 quosque
1557 1397 1724 1479 praelectoa
1743 1395 1793 1458 de·

136 1486 195 1548 sub
215 1486 313 1561 ducit;
338 1486 445 1551 ducem
464 1486 623 1568 &entem
649 1492 740 1550 ceteri
765 1496 939 1570 sequuntur.
996 1486 1163 1550 tendendos
1181 1492 1379 1571 susciperent
1418 1488 1542 1551 Nascus
1559 1488 1687 1552 ducenta
1704 1491 1795 1552 bomi-

138 1578 305 1659 l'ugnatum
323 1580 441 1645 lortiter
458 1581 498 1644 ab
518 1584 572 1653 iia,
592 1586 642 1665 qui
661 1582 787 1645 Polonis
807 1586 938 1665 oppositi
997 1603 1066 1644 num
1091 1582 1183 1643 millia
1208 1586 1304 1662 cogit,
1334 1592 1365 1644 et
1390 1585 1421 1643 in
1446 1581 1631 1646 Pinlnndiam
1660 1588 1797 1666 exponit:

137 1672 237 1739 media
266 1678 297 1737 in
320 1679 388 1741 acie
416 1684 572 1739 steterm
618 1674 683 1737 Sed
711 1696 799 1758 quum
828 1680 940 1759 pariter
996 1676 1037 1737 lli
1056 1679 1210 1737 tormentis
1229 1680 1333 1738 aeaeis
1351 1680 1456 1737 muniti
1476 1674 1516 1739 ad
1535 1674 1675 1761 oppidum
1694 1676 1795 1738 l'ibur·

136 1768 278 1833 Litbuani
303 1774 393 1853 atque
412 1768 531 1853 pedites
550 1773 700 1853 superatis
720 1774 767 1832 iis.
793 1791 869 1853 quoe
888 1768 938 1831 ad·
997 1791 1065 1849 gum
1084 1790 1179 1851 usque
1199 1767 1394 1831 contendunt.
1412 1770 1611 1833 miserabilem
1629 1774 1660 1831 in
1679 1769 1795 1832 modum

136 1883 242 1927 rusus
261 1863 426 1927 habuerant
453 1864 510 1925 bos
529 1868 619 1927 etiam
637 1864 677 1926 ab
695 1864 832 1926 omnibus
851 1866 939 1946 parti·
997 1866 1096 1925 omnia
1114 1858 1257 1944 diripiunt
1275 1874 1307 1923 et
1322 1866 1392 1943 igne
1415 1876 1543 1925 maana
1582 1863 1652 1937 Qua
1672 1862 1794 1925 crudeli·

138 1958 196 2023 δυ
214 1956 404 2021 invaderent:
423 1956 553 2020 tamdem
572 1961 632 2041 ipsi
652 1978 769 2040 quoque
788 1957 859 2039 luga
878 1956 939 2019 eibi
996 1966 1059 2018 tate
1077 1960 1108 2017 in
1126 1976 1200 2018 snos
1219 1959 1349 2017 merciis
1369 1968 1467 2017 notu
1479 1955 1641 2030 (iustam
1658 1957 1745 2018 simul
1765 1966 1795 2017 et

136 2050 357 2115 curnuluerunt.
390 2050 588 2113 Commissum
609 2050 667 2113 boc
684 2051 826 2134 praelium
842 2060 894 2113 est
906 2072 937 2113 a.
998 2048 1206 2111 Gemanicum
1227 2048 1350 2110 militem
1367 2054 1510 2121 arcemn,
1540 2061 1571 2112 et
1591 2058 1718 2133 quantas
1736 2071 1794 2112 om·

136 2140 211 2209 db.
230 2142 292 2209 eid.
305 2143 475 2227 septembr.
491 2164 569 2207 auno
585 2145 669 2208 1514.
697 2146 793 2227 Capta
808 2142 939 2206 bostium
996 2146 1067 2203 uino
1084 2153 1191 2223 posset
1204 2142 1354 2203 bominum
1368 2164 1489 2204 sumum
1503 2147 1608 2227 eopia
1625 2164 1732 2225 magna
1749 2165 1794 2206 ce·

138 2248 247 2309 meten
261 2240 345 2319 regie
359 2236 467 2301 llasilii
485 2238 649 2321 suppellex.
674 2260 768 2301 aenea
783 2246 938 2300 tormenta.
997 2237 1113 2298 leuitate
1133 2240 1224 2317 cogit.
1263 2234 1373 2299 Valido
1389 2240 1454 2319 jam
1472 2240 1635 2299 instructu
1657 2240 1793 2308 exercitu

137 2350 205 2393 cum
231 2332 309 2391 edit)
337 2351 493 2412 equomm3
522 2330 622 2395 Caesa
651 2331 822 2393 bloscomm
852 2333 940 2395 tout.
996 2342 1079 2393 recta
1098 2333 1197 2412 pergit
1217 2333 1247 2390 in
1267 2328 1393 2391 boetem.
1427 2333 1459 2392 le
1479 2352 1550 2393 uero
1568 2334 1650 2411 regis
1668 2328 1793 2394 adventu

137 2424 293 2485 Venerunt
307 2434 339 2487 et
352 2427 505 2507 praecipui
521 2423 639 2507 quidam
652 2423 746 2489 duces
764 2429 793 2486 in
811 2426 938 2486 bostium
996 2445 1051 2506 per
1061 2425 1264 2505 exploratores
1277 2427 1406 2503 cognito,
1420 2420 1460 2485 ad
1469 2421 1638 2486 ᾱίκωιιιι
1647 2444 1714 2487 mox
1724 2442 1793 2485 sese

138 2526 327 2601 potestatem.
368 2516 449 2579 Hinc
474 2516 512 2581 ad
535 2518 743 2580 Smoleuscum
769 2538 938 2601 oppugnari·
997 2526 1158 2598 comparat,
1175 2537 1256 2577 more
1272 2508 1434 2579 'lurcarum
1449 2517 1572 2579 aliorum
1588 2538 1645 2598 que
1657 2516 1794 2580 barbaro·

138 2610 209 2675 dum
231 2620 315 2675 recta
344 2608 452 2675 ductae
479 2615 599 2695 copiae,
628 2610 685 2673 sed
713 2616 795 2673 irrito
820 2622 938 2674 conatu.
996 2631 1060 2671 rum
1081 2610 1195 2671 incolas
1214 2614 1304 2672 etiam
1322 2614 1407 2691 ipsos
1426 2608 1560 2682 abducit,
1579 2620 1677 2671 cetera
1698 2608 1795 2671 foedis

138 2707 214 2771 Nam
224 2704 358 2768 Basilius
374 2727 412 2768 ex
422 2709 489 2769 acic
504 2705 622 2786 bigiens
638 2710 706 2788 ejus
722 2704 802 2788 quod
812 2706 938 2767 lutumm
997 2703 1143 2765 incendiis
1161 2708 1269 2763 uastat
1301 2702 1454 2765 Cedentes
1463 2703 1583 2765 Suedas
1600 2702 1734 2765 aderces
1745 2723 1792 2760 us·

138 2810 257 2885 putarat
275 2808 369 2872 metu,
396 2798 576 2862 lectissimos
595 2820 730 2881 quosque
749 2804 779 2861 in
799 2798 939 2883 oppidum
997 2820 1056 2879 quc
1075 2797 1152 2859 duas
1170 2794 1269 2858 blosci
1288 2798 1444 2881 subjectas
1461 2798 1580 2879 inperio
1598 2797 1792 2877 persequitur.

139 2899 274 2966 miseret,
300 2896 350 2974 qui
371 2896 398 2954 ei
420 2892 572 2975 pmcsidio
592 2902 709 2955 meent:
736 2897 836 2975 itaque
863 2894 939 2955 Coo·
996 2891 1078 2952 Nibil
1104 2898 1203 2952 tamum
1230 2890 1312 2951 aliud
1335 2892 1441 2963 elicit,
1467 2891 1525 2951 nisi
1543 2889 1623 2971 quod
1640 2892 1797 2969 ingressus

138 2991 288 3050 eunucus
301 2986 341 3047 ob
356 2995 605 3067 propugnatorum
620 2990 755 3049 virtutem
772 2988 939 3049 etalienum
997 3006 1100 3065 agmm
1120 2984 1259 3045 hostile·
1279 2985 1527 3065 petiunculentia
1538 2985 1798 3045 neritioonnem

139 3084 208 3143 anni
228 3088 345 3161 tempus
361 3083 585 3159 recuperatione
599 3077 766 3162 despemta.
785 3090 868 3142 trans
881 3079 939 3140 Bo·
998 3088 1128 3141 aetatem
1147 3099 1185 3140 ac
1203 3098 1324 3150 scuun,
1352 3078 1498 3140 aedificiis
1516 3078 1648 3139 llmas
1668 3078 1797 3158 subjicit,

139 3173 309 3253 ryetbenem
326 3173 430 3252 copiae
444 3175 473 3233 iu
485 3172 609 3234 hiberna
624 3171 753 3236 deducit.
774 3171 940 3234 llocmodo
998 3172 1149 3233 bominum
1168 3190 1291 3251 corpora
1309 3191 1377 3231 curn
1396 3171 1587 3233 facultatibus
1604 3191 1641 3232 ac
1654 3169 1797 3253 jumentis

139 3267 245 3328 ,lovius
255 3273 553 3345 conputannannt.
570 3264 940 3345 Quillerberstejnilidem
998 3268 1029 3326 io
1055 3265 1228 3325 servitutem
1253 3263 1384 3328 abducit.
1433 3265 1553 3326 Accidit
1570 3266 1647 3325 iuter
1663 3263 1736 3333 alia,
1764 3268 1798 3322 nt

139 3364 225 3441 sequi
245 3359 380 3420 maluerit
408 3360 439 3417 in
458 3360 525 3439 ejus
547 3358 774 3420 Commentariis
793 3358 880 3421 aliter
899 3362 940 3419 in·
998 3358 1202 3439 qoodringenti
1222 3356 1336 3429 blosci,
1361 3378 1470 3438 magna
1489 3380 1529 3420 ex
1548 3364 1631 3438 parte
1651 3355 1798 3417 nobilibus

140 3452 241 3515 dicata
256 3448 401 3533 quaedam
417 3454 554 3533 reperiet
585 3450 757 3511 Secundum
771 3451 846 3513 haec
861 3474 939 3513 anno
998 3452 1119 3512 familiis
1145 3451 1221 3521 nati,
1250 3449 1401 3533 (Bojaros
1424 3473 1481 3513 sua
1505 3453 1606 3532 lingua
1623 3450 1750 3526 ruunt)
1768 3449 1797 3507 in

143 3548 218 3609 lblti
232 3544 531 3607 bloscibitbuaniam
545 3549 649 3605 iterum
663 3543 864 3627 populabundi
878 3567 941 3627 per·
998 3545 1095 3625 glacie
1113 3545 1316 3606 consistentes
1334 3544 1373 3605 de
1391 3552 1453 3607 tota
1473 3546 1542 3607 belli
1561 3546 1675 3606 ratione
1683 3542 1798 3603 consul·

141 3648 302 3702 currerunt.
329 3638 394 3702 an
407 3637 550 3722 deinceps
561 3638 694 3699 ioannes
705 3638 871 3701 Tarnouius
885 3638 940 3698 l'o·
999 3644 1103 3698 tarent
1132 3636 1180 3699 Ee
1198 3638 1328 3717 pondere
1349 3640 1438 3699 nimio
1448 3639 1496 3699 rcl
1507 3639 1566 3698 elio
1577 3638 1714 3717 quopiam
1725 3654 1798 3695 casu

141 3736 242 3808 lonus,
261 3732 331 3795 felix
348 3741 379 3795 et
392 3730 524 3815 prudens
540 3734 713 3814 imperator,
728 3735 813 3813 justo
829 3732 940 3813 praelio
998 3744 1098 3809 rupts,
1118 3752 1185 3792 mor
1204 3733 1235 3790 in
1252 3753 1347 3813 aquas
1359 3734 1450 3793 mersi
1461 3736 1595 3812 pereunt.
1625 3726 1798 3790 Territibae

140 3832 251 3889 vicisse
264 3825 304 3891 ad
314 3822 514 3891 Starodubam
528 3825 715 3909 perbihetur:
731 3846 807 3907 quac
822 3846 871 3886 res
882 3845 940 3907 quo
998 3845 1121 3885 suorum
1130 3826 1297 3886 calamitate
1306 3828 1408 3896 ceteri,
1427 3826 1543 3886 oblatas
1554 3846 1574 3884 a
1584 3822 1719 3885 Gustaro
1731 3841 1798 3882 con·

140 3932 228 4003 pacto
254 3930 340 4001 pcata
360 3922 417 3991 sit,
445 3939 533 4001 quum
553 3918 642 3981 nobis
667 3917 793 3981 necdum
812 3922 889 3981 eatis
909 3919 940 3979 li·
999 3918 1134 3980 dicium
1143 3920 1229 4000 pacis
1239 3920 1548 3998 operaconcionatoria
1558 3915 1798 3999 cujusda-Abo·

141 4024 243 4095 quaeat,
265 4018 293 4075 in
314 4014 372 4075 boc
391 4012 509 4095 quidem
528 4022 661 4096 tempore
681 4013 808 4095 amplius
828 4010 939 4094 aliquid
1000 4014 1084 4073 ensis
1104 4013 1178 4073 citrn
1196 4013 1436 4073 detrectationem
1445 4012 1533 4072 utta·
1546 4009 1708 4089 accipiunt:
1728 4006 1798 4067 inde

141 4106 272 4187 prolerre
294 4104 571 4187 supersedebimus,
597 4110 774 4188 praestaturi
802 4104 940 4168 fortassis
998 4107 1102 4167 missis
1115 4107 1204 4167 ctiam
1215 4108 1350 4186 utrinque
1360 4105 1470 4184 legatis
1483 4104 1602 4184 majoris
1615 4100 1800 4162 fideiceusse

140 4198 314 4279 eliqrreodo,
342 4221 379 4259 nc
398 4198 468 4280 quid
497 4199 553 4261 bac
579 4203 667 4260 etiam
694 4202 724 4259 iu
744 4208 828 4282 parte
848 4201 942 4261 lector
999 4221 1059 4281 pax
1079 4220 1229 4260 consensu
1241 4201 1404 4281 principum
1416 4199 1564 4265 sancituri,
1584 4201 1616 4255 el·
1626 4195 1665 4255 ab
1675 4200 1798 4274 utroque

141 4288 303 4353 desideret.
340 4292 494 4353 (lorrvcrtit
512 4302 592 4353 certe
612 4290 758 4363 Basilius,
779 4314 854 4376 pace
875 4312 940 4354 cum
999 4293 1178 4374 praeclarum
1198 4293 1237 4353 nd
1256 4298 1393 4371 posteros
1404 4290 1570 4372 exemplum
1580 4288 1732 4359 sinmitrii,
1748 4284 1795 4347 ed·

142 4382 267 4446 Pulunie
285 4383 378 4448 tacu.
404 4387 462 4444 rim
485 4405 600 4445 ornnem
625 4406 770 4449 armorum
797 4384 940 4447 adversus
999 4386 1087 4447 lectis
1105 4389 1208 4448 merito
1227 4407 1323 4468 poena
1336 4385 1405 4445 belli
1415 4387 1518 4468 prinis
1528 4382 1710 4445 auctoribus.
1734 4377 1795 4440 Ex·

141 4476 304 4553 Tartaron,
320 4496 396 4559 quos
415 4496 492 4538 anrro
513 4477 603 4549 1527,
625 4480 733 4555 insigni
751 4481 876 4540 uictoria
894 4481 942 4539 sic
999 4479 1138 4560 ponendo
1158 4479 1302 4561 deinceps
1320 4480 1407 4540 nobis
1425 4500 1463 4541 ea
1477 4478 1556 4539 bella
1568 4477 1702 4547 veniunt,
1720 4492 1797 4553 quae

140 4574 294 4659 superavit
317 4581 349 4633 et
372 4568 513 4635 caecidit.
540 4578 695 4629 uteorum
720 4590 811 4650 supra
837 4572 943 4639 90,ωο
999 4571 1144 4633 adversus
1154 4573 1298 4633 laivonios
1306 4572 1404 4634 Mosei
1418 4571 1623 4633 crudelissime
1634 4571 1801 4648 gesseruut.

141 4676 201 4729 un'o
229 4666 342 4749 praelio
373 4667 500 4746 periisse
530 4659 691 4723 tradantur.
725 4661 766 4722 lit
794 4661 941 4743 qualidum
1000 4666 1089 4726 Prius
1108 4688 1192 4737 vcro,
1212 4687 1298 4746 quen
1318 4666 1482 4727 odillorum
1496 4662 1803 4725 commemorationem

120 4758 210 4845 ,leli
230 4763 313 4839 prius
334 4758 449 4819 bloecie
470 4755 508 4818 ab
531 4755 586 4816 lrnc
605 4766 694 4835 gente
714 4754 803 4817 luerit
821 4756 941 4825 illatum,
1000 4759 1188 4831 accedemus,
1208 4761 1312 4821 ciuiles
1332 4761 1500 4821 eommdem
1511 4758 1703 4819 hironiorum
1722 4752 1800 4814 turo-

127 4850 255 4945 ·preliue
266 4850 346 4915 llere
357 4846 568 4931 sigismundus
582 4852 710 4932 exponit.
734 4848 833 4920 Quum
844 4858 941 4911 autem
1000 4874 1050 4915 res
1070 4854 1192 4915 indicari
1211 4873 1265 4936 par
1285 4860 1348 4925 cst,
1369 4855 1478 4933 quibus
1497 4874 1596 4912 eorum
1616 4851 1696 4910 vires
1705 4864 1804 4927 usque

142 4934 303 5005 undam
327 4942 417 5023 dlprtn
444 4953 556 5005 tantum
588 4942 728 5021 colligere
753 4942 940 5014 uoluerimus,
999 4946 1076 5008 edeo
1094 4953 1166 5007 sunt
1184 4950 1322 5010 accisae:
1341 4954 1374 5007 ut
1393 4946 1472 5007 boeti
1495 4966 1585 5015 noro,
1605 4942 1733 5021 potenti,
1752 4960 1803 5001 su·

140 5030 296 5095 maltum
315 5036 382 5099 beic
396 5058 538 5099 annorum
557 5039 705 5098 mentione
723 5042 941 5118 praetermissa,
999 5061 1110 5121 proque
1135 5041 1254 5102 modurn
1280 5040 1435 5101 humanum
1467 5059 1559 5099 saeuo
1580 5037 1723 5097 resistere
1741 5052 1804 5093 nnn

141 5124 249 5207 quibus
268 5126 386 5189 scilicet
408 5128 479 5191 nibil
505 5127 662 5191 admodum
684 5134 800 5209 insigne
824 5141 940 5213 gestum
999 5142 1134 5216 possent.
1165 5134 1282 5195 Referri
1302 5138 1383 5193 certe
1410 5132 1500 5192 debet
1510 5130 1601 5213 hujus
1611 5127 1744 5205 regionis
1754 5144 1803 5184 ce·

137 5220 210 5289 leli.
241 5215 279 5281 ed
299 5220 418 5303 propria
442 5224 602 5283 recianus.
646 5224 724 5284 Asini
747 5226 820 5287 libi
843 5224 941 5291 media
1000 5227 1116 5291 lamltas
1141 5229 1216 5291 inter
1241 5225 1378 5306 exa-pta
1396 5224 1612 5289 vicissitudinis
1631 5236 1728 5281 remor
1748 5216 1801 5279 bu·
