3742 5626
512 235 565 297 na
587 232 725 299 BELLO
746 228 1273 303 Moscovtttco‚1.taattttt.
1676 237 1727 297 tlt

60 400 159 478 ibique
181 418 216 459 sc
236 400 404 468 continere,
430 402 461 458 et
487 398 602 477 signum
623 402 802 477 exspectare
817 398 863 479 ju·
924 402 1145 479 pomportetam,
1165 404 1253 477 stupa
1273 396 1449 469 inuolutam,
1469 396 1671 477 sulphurequc
1690 418 1727 459 nc

60 494 119 553 bet.
161 490 271 553 Contra
298 492 472 571 eruptiones
497 490 626 551 bostium
651 490 865 551 Vibranoviunr
925 490 992 569 pice
1011 488 1147 567 oblitam,
1166 489 1313 552 stanislai
1333 488 1464 551 Costcas
1482 510 1575 566 opera
1594 490 1632 551 aul
1653 492 1727 551 futu·

59 585 196 665 opponit:
226 604 293 644 eum
313 602 380 643 cunr
399 583 609 665 scloppctariis
629 583 740 663 aliquot
761 600 866 643 sccun-
924 602 986 643 rum
1013 581 1182 643 incendium
1207 586 1380 665 praeparat:
1406 583 1515 661 quibus
1541 585 1630 645 rebus
1664 605 1727 666 per·

59 678 128 739 dum
150 680 244 759 ripam
263 676 394 737 flaminis
421 678 555 756 proprias
574 696 683 738 uersus
703 694 865 757 propugna-
925 674 1014 735 fectis
1038 696 1154 737 summo
1181 696 1281 749 manc,
1313 674 1434 751 eodem,
1461 695 1520 756 quo
1545 684 1614 737 erute
1641 678 1729 738 modo

60 772 174 843 ceritum,
200 778 291 850 atque
310 788 444 830 aversam
464 776 594 851 portam,
619 790 674 849 pcr
692 789 781 849 quam
802 788 865 829 cru·
924 768 1023 847 ligone
1042 769 1129 847 dato,
1155 769 1277 831 alterum
1305 788 1420 829 rursum
1440 768 1582 829 immittit:
1607 771 1634 827 ci
1663 792 1729 833 mox

61 865 138 945 ptrui
159 863 266 923 hostes
292 868 392 937 eraut,
417 862 598 923 succedere:
623 862 763 945 chemrn
784 880 866 941 prue-
924 862 1001 923 alios
1019 864 1189 925 summittit:
1219 868 1253 923 ut
1279 867 1436 923 crescente
1463 860 1581 921 tandem
1604 864 1728 923 multitu·

61 966 144 1016 terea
168 974 205 1014 ex
231 955 442 1017 munitionibus
471 954 630 1036 diiigenter
659 958 804 1015 tormenta
834 955 865 1013 io
925 954 995 1015 dine
1024 957 1277 1029 concurrentium,
1314 974 1433 1035 unaque
1468 974 1533 1015 cnm
1565 974 1600 1013 on
1630 976 1730 1035 opere,

61 1056 252 1129 erumpentes
271 1048 404 1109 emittere
419 1050 515 1131 jubet.
539 1048 602 1119 llic,
619 1046 866 1129 quemadmodum
920 1050 983 1131 jam
1002 1051 1122 1129 triginta
1141 1050 1260 1109 circiter
1278 1048 1449 1109 hominibus
1469 1046 1626 1129 capiendis
1645 1068 1682 1110 oa
1701 1050 1730 1107 in

57 1146 166 1223 ‘iussus
190 1146 268 1217 erat,
295 1147 422 1221 accepto
441 1142 556 1219 ligone,
581 1162 634 1223 per
659 1141 772 1203 fossam
792 1141 867 1201 intra
926 1142 1070 1223 cespitem
1092 1142 1258 1222 patelicrct:
1279 1162 1316 1203 ac
1336 1140 1376 1203 ad
1395 1142 1493 1201 turrim
1516 1142 1610 1220 ipsam
1631 1162 1730 1221 perce·

62 1236 241 1295 rrrrrnitioncs
255 1234 524 1313 nostrasadpolos
542 1254 650 1315 usquc,
670 1254 749 1314 quos
767 1238 866 1293 osten·
926 1236 1045 1295 nirctur.
1086 1234 1177 1297 Forte
1207 1256 1244 1295 eo
1273 1233 1340 1295 loco
1370 1234 1503 1295 fenestra
1527 1233 1596 1292 olim
1626 1234 1731 1303 linerat,

62 1328 176 1397 «limus,
205 1328 355 1407 pervenit:
388 1326 458 1387 iude
488 1347 603 1387 sumina
637 1326 789 1385 celeritate
817 1344 868 1403 per
926 1328 1096 1407 priusquam
1121 1333 1200 1389 terra
1224 1328 1427 1405 obtegeretur:
1453 1346 1507 1407 pcr
1533 1326 1610 1387 lrunc
1633 1326 1731 1387 dlosci

52 1418 868 1502 ,crebrnshostiuurejarculationcsadrallumprocorrit,
926 1421 1091 1501 scloppctis
1111 1430 1245 1495 nostros,
1273 1422 1365 1481 :rostri
1390 1421 1458 1479 itcrn
1481 1418 1609 1479 Illoscuu
1630 1434 1732 1479 rurmro

62 1514 151 1591 eique
171 1532 207 1571 sc
226 1512 382 1593 applicans
402 1515 465 1595 jum
485 1518 568 1573 extra
587 1516 794 1571 tormentomm
817 1509 867 1569 bo·
926 1514 1082 1585 arcebant,
1119 1514 1267 1593 simulque
1296 1516 1434 1573 excussis
1468 1513 1604 1589 ignibus,
1645 1514 1732 1591 ligus,

62 1605 171 1665 utilium
191 1605 295 1669 ictum.
316 1608 459 1683 cespitem
480 1606 578 1683 ligone
598 1604 733 1683 scalpere
753 1604 866 1685 incipit.

64 1698 176 1757 llostes
206 1718 225 1757 ιι
255 1698 374 1759 diuersa
404 1704 489 1779 parte
516 1696 770 1758 circumveniendi
800 1699 867 1779 ejus

63 1810 155 1851 causa
173 1811 209 1850 sc
235 1790 398 1851 effundunt.
439 1790 496 1851 llis
517 1788 733 1866 Vibrauorius,
759 1790 809 1868 qui
830 1788 868 1849 sd

63 1886 154 1964 ripam
173 1883 313 1955 fluminis,
333 1881 578 1963 quemadmodum
596 1882 705 1944 dictum
725 1888 783 1953 cst,
803 1902 868 1943 cum

63 1977 272 2057 scloppeturiia
298 1977 413 2057 aliquot
433 1977 598 2037 collocatus
617 1976 728 2051 fuerat,
749 1998 767 2035 ιι
787 1981 869 2051 tergo

63 2090 100 2129 sc
118 2068 266 2141 ostendit3
286 2090 413 2150 cumque
433 2070 621 2131 creberrimis
640 2074 794 2149 praeterea
813 2074 869 2128 tor-

64 2168 226 2223 mentorum
244 2163 370 2234 ictibus,
391 2164 442 2243 qui
462 2164 501 2223 alr
521 2162 658 2224 omnibus
676 2162 811 2243 partibus
831 2180 869 2221 ca

64 2255 276 2315 munitionibus
305 2256 334 2314 in
362 2274 417 2317 eos
443 2254 659 2333 dirigebantur,
688 2259 870 2336 peterentur,

64 2350 169 2431 reJecti
189 2348 321 2407 fucmnt:
342 2347 429 2409 Unus
443 2368 513 2408 acro
533 2370 573 2409 cx
592 2350 630 2409 iis
642 2346 775 2409 Sabinus
794 2346 871 2409 Nas-

63 2462 157 2501 seruus
179 2446 320 2500 strenuus
344 2460 433 2501 mann
460 2442 536 2501 iuter
553 2440 696 2512 Moscos,
725 2448 756 2501 ct
782 2442 870 2521 quio

64 2534 215 2615 pracsidio
234 2533 366 2593 Suscnsi
388 2532 511 2611 Magnis
535 2534 730 2595 incommodis
750 2542 870 2595 nostros

63 2627 218 2697 effecerat,
238 2624 356 2687 duobus
375 2626 474 2705 globis
494 2626 619 2688 frontem
639 2648 659 2687 s
677 2626 871 2687 Vibrsuoris·

64 2722 112 2779 uis
138 2720 328 2797 perstrictus,
354 2740 474 2799 unoque
499 2719 648 2801 achero
674 2720 788 2780 emisso
813 2720 871 2779 sub

65 2812 194 2892 pedibus
213 2814 282 2891 ejus
301 2817 475 2873 transeunte
488 2813 645 2890 perculsos
666 2812 704 2873 nd
724 2813 872 2871 stationes

62 2930 83 2967 u
113 2905 225 2965 nostris
250 2908 415 2981 pertractus
441 2904 509 2975 fuit;
542 2904 592 2963 ubi
623 2924 659 2964 se
688 2904 871 2983 collegisset,

64 3001 262 3073 interrogatus
286 2993 326 3053 de
350 3001 430 3057 statu
454 2995 598 3077 praesidii
624 2998 723 3059 omnia
742 2996 872 3067 dicebat,

63 3090 174 3169 quihus
199 3107 283 3166 spem
310 3088 445 3169 potiundi
476 3090 544 3169 ejus
567 3094 733 3151 nostrorum
759 3092 871 3149 minuc·

64 3189 124 3243 rct:
150 3202 209 3241 non
236 3182 303 3261 ejus
330 3182 450 3257 generis
475 3200 574 3241 arcem
594 3201 682 3259 csse,
707 3202 870 3263 quaecum

63 3274 269 3355 superioribus
298 3292 316 3331 s
350 3274 463 3333 nostris
498 3276 678 3354 expugnatis
707 3274 870 3357 comparari

66 3372 191 3449 posset:
219 3364 297 3427 vallo
322 3366 514 3427 crassissimo
545 3367 640 3445 cingi:
670 3372 767 3429 turres
792 3368 873 3429 latis·

10 3492 12 3497 ·
64 3464 142 3521 simo
168 3460 285 3541 cespite
309 3464 462 3539 protectas
489 3480 546 3519 nec
571 3464 781 3523 tormentomm
808 3462 873 3521 icti·

66 3556 134 3623 bus,
154 3572 210 3613 nec
230 3550 378 3613 incendiis
398 3558 514 3629 patere:
536 3556 787 3633 propugnaculum
800 3552 873 3615 illud

65 3668 155 3707 runem
180 3646 399 3707 munitissimae
427 3646 508 3705 ercis
542 3646 636 3705 instar
661 3666 749 3718 csse:
779 3648 873 3706 ternis

66 3740 196 3817 iugentia
216 3736 428 3815 magnitudinis
447 3736 562 3798 trabum
582 3738 736 3799 ordinibus
756 3738 873 3817 singule

10 3870 12 3877 =
65 3834 135 3914 ejus
154 3830 247 3891 latera
267 3831 412 3889 revincta:
431 3828 577 3891 altissimo
587 3832 703 3911 cespite
717 3833 874 3891 vestitum:

10 4808 20 4843 ‚
68 4758 265 4839 majoresque
299 4758 378 4819 uires
415 4763 578 4819 sumtumm
610 4760 775 4841 judicabat.
821 4762 879 4823 Po-

66 3946 107 3987 ne
125 3922 274 3984 cuniculia
297 3920 416 4000 quidem
429 3924 536 3983 tentari
550 3944 653 4003 posse,
674 3944 739 3984 cum
754 3930 875 4005 propter

65 4019 127 4078 soli
153 4016 294 4095 palustris
323 4012 543 4089 humiditatem,
568 4024 632 4077 tnnr
660 4016 741 4096 quod
772 4016 874 4077 fonds·

65 4112 195 4173 arentum
227 4128 266 4167 ex
298 4106 478 4169 firmissimis
506 4108 601 4189 palia,
636 4128 674 4171 ac
704 4110 876 4189 ingentibus

65 4198 235 4277 solidisque
254 4202 339 4261 saxis
358 4201 526 4281 subjectum
548 4200 681 4263 baberet.
716 4202 801 4263 llaec
819 4204 874 4265 Za-

67 4292 212 4357 moscium
239 4294 335 4353 omnis
362 4296 456 4372 magis
487 4294 516 4354 in
549 4299 698 4357 sententia
725 4296 876 4357 confirma·

66 4388 150 4449 hant
191 4384 268 4447 Nam
294 4391 325 4445 et
349 4385 429 4464 quod
456 4388 593 4449 cuniculo
619 4395 689 4451 ante
713 4408 877 4467 aggressus

67 4500 136 4543 cam
164 4498 222 4539 non
248 4478 372 4549 fuisset,
398 4480 476 4539 bene
502 4480 654 4543 cecidisse
678 4482 877 4561 intelligebat:

66 4578 180 4651 etque
199 4572 294 4653 major
312 4571 455 4649 lignorum
468 4574 515 4633 uis
534 4594 622 4634 unum
643 4576 672 4635 in
693 4576 789 4636 locum
810 4596 877 4637 eon·

65 4670 158 4747 gesta
178 4672 272 4738 esset,
292 4686 329 4725 co
348 4670 379 4725 ct
400 4665 490 4725 citius
508 4666 678 4728 incendium
698 4668 762 4729 tolli
776 4688 878 4751 posse,

927 1628 1004 1686 equine
1026 1626 1130 1666 secum
1149 1607 1324 1676 attulemnt,
1344 1606 1524 1665 inferebant:
1555 1605 1732 1687 hloscisque

928 1698 1025 1759 hastis
1044 1698 1165 1759 tandem
1190 1718 1243 1779 per
1262 1696 1421 1757 fenestram
1447 1714 1550 1774 gerere
1570 1718 1629 1757 ren
1651 1700 1732 1761 iusti·

928 1792 1088 1865 tuentibus,
1109 1812 1163 1853 ces
1182 1795 1317 1871 arreptas
1336 1788 1395 1850 illis
1416 1788 1641 1867 extorquebant.
1675 1790 1731 1851 Za·

929 1884 1059 1945 nescius
1088 1886 1204 1945 iuterim
1233 1881 1272 1944 ad
1303 1882 1362 1943 ulia
1389 1892 1489 1943 castra
1519 1881 1670 1961 paululum
1696 1904 1733 1945 sc

929 1984 1097 2059 receperat:
1123 1978 1296 2055 veritusque
1317 1996 1355 2035 ne
1375 1994 1530 2055 perperam
1551 1974 1622 2053 quid
1640 1976 1732 2037 admi·

928 2071 1115 2145 nistraretur,
1148 2090 1185 2129 ne
1212 2088 1248 2127 sc
1272 2068 1400 2129 absente
1428 2066 1516 2143 ignes
1546 2067 1732 2144 inferrentur,

929 2168 1071 2223 vetuerat.
1123 2162 1289 2241 Postquam
1317 2159 1467 2221 admoueri
1497 2160 1596 2237 ignem
1625 2162 1734 2237 sensit,

928 2256 1031 2317 statim
1059 2256 1200 2317 accurrit:
1231 2256 1355 2337 jamque
1384 2274 1422 2313 eo
1454 2270 1516 2313 rem
1548 2272 1733 2333 progressam

929 2348 1050 2418 ridens,
1070 2354 1103 2409 ut
1121 2354 1243 2409 strenue
1262 2368 1327 2407 eam
1349 2350 1476 2425 urgeret,
1494 2344 1618 2409 militem
1637 2346 1733 2409 hortu·

929 2452 989 2513 tus,
1010 2440 1117 2503 faculas
1131 2444 1195 2525 jum
1213 2447 1362 2501 antaeum
1383 2441 1413 2499 in
1434 2456 1519 2498 usum
1532 2446 1734 2521 praeparatus,

929 2556 1015 2617 qoam
1037 2534 1296 2615 frequentissimas
1314 2533 1422 2615 subjici
1438 2532 1534 2614 jubet.
1575 2532 1731 2593 hlultorum

929 2628 979 2688 hic
998 2650 1016 2690 c
1035 2628 1199 2689 Nobilitate
1217 2629 1306 2687 ctiam
1327 2646 1393 2687 cum
1413 2626 1548 2700 aliorum,
1567 2634 1629 2687 tunr
1650 2648 1732 2708 prue-

929 2722 1016 2801 eipuc
1037 2718 1243 2799 christophori
1268 2718 1463 2779 lloadrnserii
1491 2716 1637 2777 Praefecti
1662 2718 1732 2779 laer·

929 2814 1080 2883 cicicusis,
1102 2812 1152 2893 qui
1172 2812 1230 2871 sub
1249 2813 1344 2889 ipsum
1365 2810 1439 2869 illati
1458 2810 1534 2885 ignis
1548 2811 1733 2891 principium,

929 2906 1056 2965 ulrsentc
1083 2904 1259 2979 Zamoscio,
1287 2902 1325 2964 ad
1356 2912 1519 2963 extremam
1548 2900 1664 2961 fossam
1696 2924 1734 2965 ac

929 2998 1016 3079 palos
1052 3018 1240 3079 procurrens,
1278 2996 1435 3076 omniaque
1465 2994 1597 3075 pericula
1629 3014 1734 3074 magno

929 3092 1027 3151 animo
1048 3092 1219 3172 excipiens,
1245 3088 1465 3171 promptissime
1483 3106 1544 3147 rem
1563 3085 1734 3169 adjurabat,

930 3182 1081 3261 singulare
1105 3182 1234 3245 studium
1264 3182 1379 3242 enituit.
1424 3178 1493 3241 Non
1522 3178 1646 3242 deerant
1674 3180 1733 3243 silri

929 3282 1013 3335 tnnto
1032 3275 1062 3335 in
1083 3276 1214 3353 periculo
1234 3274 1349 3337 Mosei.
1378 3274 1529 3352 coriisque
1548 3272 1734 3349 madefactis,

930 3374 961 3429 ct
981 3368 1209 3451 quibuscunque
1234 3368 1302 3429 aliis
1327 3372 1463 3447 poterant
1482 3366 1574 3427 rebus
1593 3367 1734 3429 inccndio

930 3462 1132 3523 occurrebant.
1179 3460 1292 3541 Magna
1321 3460 1475 3523 taedarum
1505 3468 1596 3541 atque
1625 3462 1733 3541 ignium

931 3556 958 3615 ui
984 3560 1047 3616 toto
1073 3554 1124 3615 dic
1148 3556 1287 3615 continuo
1313 3556 1343 3615 fn
1370 3554 1472 3615 turrim
1492 3554 1643 3634 conjecta,
1673 3556 1734 3617 nul·

930 3650 989 3707 lum
1015 3654 1114 3709 tumen
1141 3648 1238 3707 adhuc
1263 3648 1433 3707 incendium
1458 3646 1646 3725 cmmpcbst‚
1676 3668 1736 3727 qua

932 3738 971 3799 dc
991 3760 1022 3799 re
1042 3741 1130 3801 variis
1158 3742 1187 3799 in
1214 3741 1341 3801 consilio
1360 3738 1519 3799 sententiis
1538 3737 1645 3813 dictis,
1669 3760 1735 3799 cum

931 3832 1050 3912 quidam
1075 3832 1174 3893 adhuc
1198 3831 1355 3893 cuniculos
1379 3828 1538 3891 tentandos
1562 3830 1736 3891 arbitraren-

932 3934 995 3999 tur,
1022 3924 1215 4001 Zemoacius‚
1244 3926 1303 3985 etsi
1329 3924 1358 3984 in
1384 3924 1544 4003 ancipitem
1571 3942 1669 3983 curam
1699 3946 1737 3985 ex

932 4018 991 4079 dici
1011 4020 1080 4099 ejus
1099 4024 1208 4079 eventu
1227 4019 1383 4099 conjectus
1403 4026 1476 4085 crat,
1498 4013 1625 4075 nondum
1634 4020 1735 4079 tamen

933 4110 1021 4193 plane
1051 4110 1090 4171 de
1121 4114 1263 4189 suscepta
1293 4108 1421 4169 incendii
1447 4126 1503 4185 spe
1526 4106 1674 4189 dejectum
1700 4132 1737 4173 sc

933 4204 1129 4265 ostendebat:
1148 4222 1242 4283 pesse
1261 4208 1292 4263 ct
1311 4222 1432 4283 parram
1451 4200 1610 4263 scintillam
1629 4205 1661 4263 in
1678 4224 1737 4265 ma·

934 4316 1019 4375 gruum
1055 4296 1221 4357 incendium
1260 4296 1339 4358 tolli:
1373 4294 1519 4376 suspicari
1553 4316 1589 4355 sc
1625 4302 1737 4359 tantum

934 4392 1013 4469 ignis
1037 4400 1128 4469 atquc
1152 4386 1302 4451 tserlamm
1329 4386 1497 4471 hujusmodi
1529 4388 1671 4467 lignorum
1700 4412 1738 4451 ac

935 4482 1080 4544 aridorum
1113 4486 1288 4565 praesertim
1319 4484 1392 4545 strui
1424 4480 1572 4543 admotum
1604 4504 1661 4543 non
1692 4486 1740 4543 sic

935 4576 1097 4651 abiturum
1121 4576 1202 4657 quod
1227 4580 1255 4639 si
1280 4579 1380 4639 minus
1399 4580 1496 4635 tameo
1519 4594 1597 4634 nunc
1616 4596 1739 4635 succes·

936 4671 1046 4743 sisset,
1076 4672 1214 4751 sequenti
1240 4670 1430 4732 nihilominus
1455 4665 1504 4725 die
1528 4664 1626 4727 denuo
1654 4669 1741 4747 ignca

937 4762 1036 4823 inferri
1051 4764 1223 4845 jussanum:
1242 4764 1399 4842 omnisque
1420 4760 1535 4819 interim
1556 4762 1657 4841 majori
1677 4760 1740 4823 dili·

65 4848 176 4915 stridie
203 4850 291 4912 aliam
320 4850 433 4913 fesssm
465 4850 629 4911 scaradum
659 4852 784 4929 flumen,
820 4874 880 4933 qus
937 4858 1039 4935 gentis
1065 4862 1316 4937 praeparaturum.
1356 4856 1405 4915 Ab
1430 4852 1525 4913 alters
1549 4858 1632 4932 parts
1659 4852 1741 4915 llus·

68 4942 277 5007 Vibraoeuius
310 4949 399 5005 antea
434 4944 624 5014 constiterat.
666 4944 745 5005 linei
775 4946 879 5027 jubet:
938 4948 1000 5025 geri
1021 4948 1220 5029 irruptionem,
1239 4970 1298 5029 qus
1318 4950 1357 5009 ab
1377 4946 1453 5027 ipsis
1472 4942 1573 5005 adibus
1592 4946 1742 5010 iovsllun

66 5036 211 5099 subsidia
245 5038 275 5096 in
307 5036 365 5097 hac
401 5044 503 5097 contra
534 5038 706 5117 emptiones
737 5037 880 5099 collocet:
939 5040 1105 5119 patefactus
1125 5048 1203 5111 erat,
1226 5042 1407 5121 flagitabant.
1447 5036 1643 5118 Zamoscius,
1661 5042 1742 5123 qued

67 5134 221 5191 tormenta
255 5130 325 5191 item
355 5134 439 5191 trans
471 5130 579 5191 flumen
612 5136 713 5193 contra
743 5152 880 5193 aversum
939 5132 1050 5193 arduus
1075 5131 1205 5215 indeque
1230 5154 1379 5217 praeceps
1404 5132 1489 5193 locus
1515 5138 1594 5205 emt,
1622 5134 1662 5195 ad
1682 5134 1742 5197 lle·

72 5228 191 5303 pertun
210 5220 390 5283 transducit:
409 5222 498 5283 sinrd
510 5240 646 5299 magnam
659 5226 801 5285 materiae
822 5226 880 5287 rim
940 5246 1005 5303 gen
1025 5246 1062 5285 sc
1073 5226 1228 5290 relaturum
1243 5228 1438 5289 ostendebat:
1457 5226 1570 5285 interi·
1584 5228 1613 5288 in
1627 5246 1744 5291 omnem
