<?xml version="1.0" encoding="UTF-8"?>
<!DOCTYPE html PUBLIC "-//W3C//DTD XHTML 1.0 Transitional//EN"
    "http://www.w3.org/TR/xhtml1/DTD/xhtml1-transitional.dtd">
<html xmlns="http://www.w3.org/1999/xhtml" xml:lang="en" lang="en">
 <head>
  <title>
</title>
<meta http-equiv="Content-Type" content="text/html;charset=utf-8" />
  <meta name='ocr-system' content='tesseract 3.04.00' />
  <meta name='ocr-capabilities' content='ocr_page ocr_carea ocr_par ocr_line ocrx_word'/>
</head>
<body>
  <div class='ocr_page' id='page_1' title='image "./historiaeruthen00stargoog_0073.png"; bbox 0 0 3742 5626; ppageno 0'>
   <div class='ocr_carea' id='block_1_1' title="bbox 151 210 1821 450">
    <p class='ocr_par' dir='ltr' id='par_1_1' title="bbox 151 210 1821 450">
     <span class='ocr_line' id='line_1_1' title="bbox 151 210 1230 273; baseline -0.006 0"><span class='ocrx_word' id='word_1_1' title='bbox 151 215 190 273; x_wconf 68' lang='grc' dir='ltr'><strong><em>Β</em></strong></span> <span class='ocrx_word' id='word_1_2' title='bbox 750 212 881 270; x_wconf 72' lang='lat' dir='ltr'><strong>bennit</strong></span> <span class='ocrx_word' id='word_1_3' title='bbox 896 210 1230 270; x_wconf 73' lang='lat' dir='ltr'><strong>uosoovmcannn</strong></span> 
     </span>
     <span class='ocr_line' id='line_1_2' title="bbox 152 362 1821 450; baseline -0.002 -22"><span class='ocrx_word' id='word_1_4' title='bbox 152 368 262 450; x_wconf 84' lang='lat' dir='ltr'><strong>quibus</strong></span> <span class='ocrx_word' id='word_1_5' title='bbox 274 372 416 448; x_wconf 87' lang='lat' dir='ltr'><strong>praesunt</strong></span> <span class='ocrx_word' id='word_1_6' title='bbox 436 365 548 427; x_wconf 78' lang='lat' dir='ltr'><strong>domim</strong></span> <span class='ocrx_word' id='word_1_7' title='bbox 568 365 831 439; x_wconf 80' lang='lat' dir='ltr'><strong>Knesiduborslri,</strong></span> <span class='ocrx_word' id='word_1_8' title='bbox 850 385 957 444; x_wconf 92' lang='lat' dir='ltr'><strong>magno</strong></span> <span class='ocrx_word' id='word_1_9' title='bbox 982 364 986 425; x_wconf 93' lang='lat' dir='ltr'><strong>l</strong></span> <span class='ocrx_word' id='word_1_10' title='bbox 1013 364 1221 441; x_wconf 67' lang='lat' dir='ltr'><strong>delabitur„in</strong></span> <span class='ocrx_word' id='word_1_11' title='bbox 1240 365 1332 449; x_wconf 89' lang='lat' dir='ltr'><strong>bujns</strong></span> <span class='ocrx_word' id='word_1_12' title='bbox 1357 364 1446 425; x_wconf 91' lang='lat' dir='ltr'><strong>ostiis</strong></span> <span class='ocrx_word' id='word_1_13' title='bbox 1467 362 1579 424; x_wconf 85' lang='lat' dir='ltr'><strong>Cossio</strong></span> <span class='ocrx_word' id='word_1_14' title='bbox 1604 368 1734 425; x_wconf 79' lang='lat' dir='ltr'><strong>castrum</strong></span> <span class='ocrx_word' id='word_1_15' title='bbox 1760 368 1821 433; x_wconf 84' lang='lat' dir='ltr'><strong>cst,</strong></span> 
     </span>
    </p>
   </div>
   <div class='ocr_carea' id='block_1_2' title="bbox 34 454 1821 545">
    <p class='ocr_par' dir='ltr' id='par_1_2' title="bbox 34 454 1821 545">
     <span class='ocr_line' id='line_1_3' title="bbox 34 454 1821 545; baseline -0.004 -23"><span class='ocrx_word' id='word_1_16' title='bbox 34 535 39 545; x_wconf 26' lang='grc' dir='ltr'>ι</span> <span class='ocrx_word' id='word_1_17' title='bbox 152 460 232 521; x_wconf 88' lang='lat' dir='ltr'><strong>l)uei</strong></span> <span class='ocrx_word' id='word_1_18' title='bbox 251 459 357 521; x_wconf 80' lang='lat' dir='ltr'><strong>Mosco</strong></span> <span class='ocrx_word' id='word_1_19' title='bbox 376 459 425 536; x_wconf 84' lang='lat' dir='ltr'><strong>(ut</strong></span> <span class='ocrx_word' id='word_1_20' title='bbox 448 461 554 543; x_wconf 86' lang='lat' dir='ltr'><strong>ajunt)</strong></span> <span class='ocrx_word' id='word_1_21' title='bbox 574 460 747 539; x_wconf 90' lang='lat' dir='ltr'><strong>vectigales.</strong></span> <span class='ocrx_word' id='word_1_22' title='bbox 793 459 889 521; x_wconf 87' lang='lat' dir='ltr'><strong>Multa</strong></span> <span class='ocrx_word' id='word_1_23' title='bbox 915 460 956 520; x_wconf 90' lang='lat' dir='ltr'><strong>ibi</strong></span> <span class='ocrx_word' id='word_1_24' title='bbox 1013 458 1091 538; x_wconf 91' lang='lat' dir='ltr'><strong>qnod</strong></span> <span class='ocrx_word' id='word_1_25' title='bbox 1104 458 1173 519; x_wconf 81' lang='lat' dir='ltr'><strong>olim</strong></span> <span class='ocrx_word' id='word_1_26' title='bbox 1186 456 1387 528; x_wconf 84' lang='lat' dir='ltr'><strong>Knesrentza,</strong></span> <span class='ocrx_word' id='word_1_27' title='bbox 1408 476 1486 517; x_wconf 88' lang='lat' dir='ltr'><strong>nunc</strong></span> <span class='ocrx_word' id='word_1_28' title='bbox 1503 474 1575 516; x_wconf 88' lang='lat' dir='ltr'><strong>vero</strong></span> <span class='ocrx_word' id='word_1_29' title='bbox 1592 454 1821 537; x_wconf 75' lang='lat' dir='ltr'><strong>illiusbliipos</strong></span> 
     </span>
    </p>
   </div>
   <div class='ocr_carea' id='block_1_3' title="bbox 152 549 1823 5080">
    <p class='ocr_par' dir='ltr' id='par_1_3' title="bbox 152 549 1823 5080">
     <span class='ocr_line' id='line_1_4' title="bbox 152 549 1821 635; baseline -0.003 -22"><span class='ocrx_word' id='word_1_30' title='bbox 152 554 292 615; x_wconf 85' lang='lat' dir='ltr'><strong>animalia</strong></span> <span class='ocrx_word' id='word_1_31' title='bbox 308 553 464 635; x_wconf 86' lang='lat' dir='ltr'><strong>pellesque</strong></span> <span class='ocrx_word' id='word_1_32' title='bbox 503 553 744 634; x_wconf 70' lang='lat' dir='ltr'><strong>quamplurimae.</strong></span> <span class='ocrx_word' id='word_1_33' title='bbox 1014 552 1123 615; x_wconf 78' lang='lat' dir='ltr'><strong>sideni.</strong></span> <span class='ocrx_word' id='word_1_34' title='bbox 1153 551 1200 612; x_wconf 81' lang='lat' dir='ltr'><strong>Eo</strong></span> <span class='ocrx_word' id='word_1_35' title='bbox 1222 551 1362 613; x_wconf 84' lang='lat' dir='ltr'><strong>aCossin</strong></span> <span class='ocrx_word' id='word_1_36' title='bbox 1384 549 1748 628; x_wconf 63' lang='lat' dir='ltr'><strong>appellantionibus,</strong></span> <span class='ocrx_word' id='word_1_37' title='bbox 1770 555 1821 608; x_wconf 84' lang='lat' dir='ltr'><strong>est</strong></span> 
     </span>
     <span class='ocr_line' id='line_1_5' title="bbox 229 640 1822 724; baseline -0.003 -16"><span class='ocrx_word' id='word_1_38' title='bbox 229 647 280 708; x_wconf 81' lang='lat' dir='ltr'><strong>Ab</strong></span> <span class='ocrx_word' id='word_1_39' title='bbox 300 645 424 708; x_wconf 86' lang='lat' dir='ltr'><strong>lrtiacbe</strong></span> <span class='ocrx_word' id='word_1_40' title='bbox 444 645 526 707; x_wconf 83' lang='lat' dir='ltr'><strong>duvii</strong></span> <span class='ocrx_word' id='word_1_41' title='bbox 551 649 639 708; x_wconf 89' lang='lat' dir='ltr'><strong>ostiis</strong></span> <span class='ocrx_word' id='word_1_42' title='bbox 664 647 702 707; x_wconf 87' lang='lat' dir='ltr'><strong>ad</strong></span> <span class='ocrx_word' id='word_1_43' title='bbox 727 653 856 708; x_wconf 86' lang='lat' dir='ltr'><strong>castrum</strong></span> <span class='ocrx_word' id='word_1_44' title='bbox 883 643 957 703; x_wconf 87' lang='lat' dir='ltr'><strong>Gru·</strong></span> <span class='ocrx_word' id='word_1_45' title='bbox 1015 647 1069 705; x_wconf 88' lang='lat' dir='ltr'><strong>iter</strong></span> <span class='ocrx_word' id='word_1_46' title='bbox 1089 646 1212 706; x_wconf 89' lang='lat' dir='ltr'><strong>duorum</strong></span> <span class='ocrx_word' id='word_1_47' title='bbox 1232 646 1388 706; x_wconf 89' lang='lat' dir='ltr'><strong>mensium.</strong></span> <span class='ocrx_word' id='word_1_48' title='bbox 1428 644 1518 703; x_wconf 84' lang='lat' dir='ltr'><strong>Porro</strong></span> <span class='ocrx_word' id='word_1_49' title='bbox 1539 663 1577 702; x_wconf 86' lang='lat' dir='ltr'><strong>ex</strong></span> <span class='ocrx_word' id='word_1_50' title='bbox 1591 640 1822 724; x_wconf 85' lang='lat' dir='ltr'><strong>ejusdemlluvii</strong></span> 
     </span>
     <span class='ocr_line' id='line_1_6' title="bbox 153 735 1822 822; baseline -0.003 -20"><span class='ocrx_word' id='word_1_51' title='bbox 153 742 243 812; x_wconf 73' lang='lat' dir='ltr'><strong>atina,</strong></span> <span class='ocrx_word' id='word_1_52' title='bbox 263 740 388 801; x_wconf 87' lang='lat' dir='ltr'><strong>duorum</strong></span> <span class='ocrx_word' id='word_1_53' title='bbox 406 741 554 799; x_wconf 87' lang='lat' dir='ltr'><strong>mensium</strong></span> <span class='ocrx_word' id='word_1_54' title='bbox 577 741 648 801; x_wconf 84' lang='lat' dir='ltr'><strong>iter:</strong></span> <span class='ocrx_word' id='word_1_55' title='bbox 673 763 691 802; x_wconf 86' lang='lat' dir='ltr'><strong>a</strong></span> <span class='ocrx_word' id='word_1_56' title='bbox 716 758 775 822; x_wconf 91' lang='lat' dir='ltr'><strong>quo</strong></span> <span class='ocrx_word' id='word_1_57' title='bbox 800 737 840 799; x_wconf 88' lang='lat' dir='ltr'><strong>ud</strong></span> <span class='ocrx_word' id='word_1_58' title='bbox 860 740 957 798; x_wconf 85' lang='lat' dir='ltr'><strong>lacum</strong></span> <span class='ocrx_word' id='word_1_59' title='bbox 1013 737 1147 800; x_wconf 78' lang='lat' dir='ltr'><strong>lontibus</strong></span> <span class='ocrx_word' id='word_1_60' title='bbox 1167 739 1369 801; x_wconf 78' lang='lat' dir='ltr'><strong>alterduvius</strong></span> <span class='ocrx_word' id='word_1_61' title='bbox 1389 735 1530 799; x_wconf 86' lang='lat' dir='ltr'><strong>Cassima</strong></span> <span class='ocrx_word' id='word_1_62' title='bbox 1550 736 1656 807; x_wconf 84' lang='lat' dir='ltr'><strong>oritrn,</strong></span> <span class='ocrx_word' id='word_1_63' title='bbox 1681 755 1822 797; x_wconf 82' lang='lat' dir='ltr'><strong>emensa·</strong></span> 
     </span>
     <span class='ocr_line' id='line_1_7' title="bbox 155 827 1822 916; baseline -0.002 -21"><span class='ocrx_word' id='word_1_64' title='bbox 155 834 246 916; x_wconf 82' lang='lat' dir='ltr'><strong>Kiuj,</strong></span> <span class='ocrx_word' id='word_1_65' title='bbox 271 854 325 914; x_wconf 90' lang='lat' dir='ltr'><strong>per</strong></span> <span class='ocrx_word' id='word_1_66' title='bbox 344 831 405 891; x_wconf 89' lang='lat' dir='ltr'><strong>0bi</strong></span> <span class='ocrx_word' id='word_1_67' title='bbox 428 831 564 900; x_wconf 85' lang='lat' dir='ltr'><strong>lluvium,</strong></span> <span class='ocrx_word' id='word_1_68' title='bbox 588 850 674 910; x_wconf 88' lang='lat' dir='ltr'><strong>quem</strong></span> <span class='ocrx_word' id='word_1_69' title='bbox 702 829 801 890; x_wconf 78' lang='lat' dir='ltr'><strong>sontes</strong></span> <span class='ocrx_word' id='word_1_70' title='bbox 827 850 901 891; x_wconf 92' lang='lat' dir='ltr'><strong>suos</strong></span> <span class='ocrx_word' id='word_1_71' title='bbox 926 831 957 889; x_wconf 90' lang='lat' dir='ltr'><strong>in</strong></span> <span class='ocrx_word' id='word_1_72' title='bbox 1013 852 1071 912; x_wconf 88' lang='lat' dir='ltr'><strong>qne</strong></span> <span class='ocrx_word' id='word_1_73' title='bbox 1097 832 1279 915; x_wconf 79' lang='lat' dir='ltr'><strong>bucomorja</strong></span> <span class='ocrx_word' id='word_1_74' title='bbox 1308 833 1338 891; x_wconf 92' lang='lat' dir='ltr'><strong>in</strong></span> <span class='ocrx_word' id='word_1_75' title='bbox 1369 849 1507 909; x_wconf 84' lang='lat' dir='ltr'><strong>magnum</strong></span> <span class='ocrx_word' id='word_1_76' title='bbox 1531 829 1650 890; x_wconf 86' lang='lat' dir='ltr'><strong>lluvium</strong></span> <span class='ocrx_word' id='word_1_77' title='bbox 1681 827 1822 891; x_wconf 83' lang='lat' dir='ltr'><strong>Tacbnin</strong></span> 
     </span>
     <span class='ocr_line' id='line_1_8' title="bbox 155 922 1822 1005; baseline -0.001 -18"><span class='ocrx_word' id='word_1_78' title='bbox 155 927 213 987; x_wconf 89' lang='lat' dir='ltr'><strong>boo</strong></span> <span class='ocrx_word' id='word_1_79' title='bbox 231 926 297 986; x_wconf 85' lang='lat' dir='ltr'><strong>lacu</strong></span> <span class='ocrx_word' id='word_1_80' title='bbox 316 925 428 986; x_wconf 86' lang='lat' dir='ltr'><strong>babere</strong></span> <span class='ocrx_word' id='word_1_81' title='bbox 447 923 518 994; x_wconf 82' lang='lat' dir='ltr'><strong>dixi,</strong></span> <span class='ocrx_word' id='word_1_82' title='bbox 538 932 587 983; x_wconf 87' lang='lat' dir='ltr'><strong>est</strong></span> <span class='ocrx_word' id='word_1_83' title='bbox 606 923 770 1002; x_wconf 73' lang='lat' dir='ltr'><strong>plusquam</strong></span> <span class='ocrx_word' id='word_1_84' title='bbox 780 926 866 983; x_wconf 84' lang='lat' dir='ltr'><strong>trium</strong></span> <span class='ocrx_word' id='word_1_85' title='bbox 877 944 956 983; x_wconf 89' lang='lat' dir='ltr'><strong>men·</strong></span> <span class='ocrx_word' id='word_1_86' title='bbox 1014 922 1123 984; x_wconf 81' lang='lat' dir='ltr'><strong>induit:</strong></span> <span class='ocrx_word' id='word_1_87' title='bbox 1144 926 1220 986; x_wconf 89' lang='lat' dir='ltr'><strong>ultra</strong></span> <span class='ocrx_word' id='word_1_88' title='bbox 1240 946 1327 1005; x_wconf 88' lang='lat' dir='ltr'><strong>quem</strong></span> <span class='ocrx_word' id='word_1_89' title='bbox 1348 923 1535 1004; x_wconf 71' lang='lat' dir='ltr'><strong>prodigiosae</strong></span> <span class='ocrx_word' id='word_1_90' title='bbox 1556 922 1822 985; x_wconf 78' lang='lat' dir='ltr'><strong>sormaebomincs</strong></span> 
     </span>
     <span class='ocr_line' id='line_1_9' title="bbox 153 1014 1823 1107; baseline -0.001 -28"><span class='ocrx_word' id='word_1_91' title='bbox 153 1022 231 1080; x_wconf 83' lang='lat' dir='ltr'><strong>sium</strong></span> <span class='ocrx_word' id='word_1_92' title='bbox 251 1021 316 1081; x_wconf 85' lang='lat' dir='ltr'><strong>iter.</strong></span> <span class='ocrx_word' id='word_1_93' title='bbox 340 1018 406 1107; x_wconf 75' lang='lat' dir='ltr'><strong>¹Ab</strong></span> <span class='ocrx_word' id='word_1_94' title='bbox 425 1016 484 1076; x_wconf 90' lang='lat' dir='ltr'><strong>boe</strong></span> <span class='ocrx_word' id='word_1_95' title='bbox 503 1017 570 1076; x_wconf 88' lang='lat' dir='ltr'><strong>lacu</strong></span> <span class='ocrx_word' id='word_1_96' title='bbox 589 1017 705 1097; x_wconf 88' lang='lat' dir='ltr'><strong>plurimi</strong></span> <span class='ocrx_word' id='word_1_97' title='bbox 717 1014 853 1076; x_wconf 83' lang='lat' dir='ltr'><strong>homines</strong></span> <span class='ocrx_word' id='word_1_98' title='bbox 873 1018 957 1095; x_wconf 81' lang='lat' dir='ltr'><strong>nigri,</strong></span> <span class='ocrx_word' id='word_1_99' title='bbox 1012 1017 1146 1079; x_wconf 83' lang='lat' dir='ltr'><strong>babitare</strong></span> <span class='ocrx_word' id='word_1_100' title='bbox 1171 1017 1321 1083; x_wconf 83' lang='lat' dir='ltr'><strong>dicuntur,</strong></span> <span class='ocrx_word' id='word_1_101' title='bbox 1353 1038 1476 1098; x_wconf 87' lang='lat' dir='ltr'><strong>quorum</strong></span> <span class='ocrx_word' id='word_1_102' title='bbox 1501 1016 1551 1078; x_wconf 89' lang='lat' dir='ltr'><strong>alii</strong></span> <span class='ocrx_word' id='word_1_103' title='bbox 1575 1015 1701 1076; x_wconf 80' lang='lat' dir='ltr'><strong>serarum</strong></span> <span class='ocrx_word' id='word_1_104' title='bbox 1728 1036 1823 1089; x_wconf 75' lang='lat' dir='ltr'><strong>nore,</strong></span> 
     </span>
     <span class='ocr_line' id='line_1_10' title="bbox 153 1110 1823 1193; baseline -0.001 -21"><span class='ocrx_word' id='word_1_105' title='bbox 153 1113 316 1172; x_wconf 86' lang='lat' dir='ltr'><strong>communis</strong></span> <span class='ocrx_word' id='word_1_106' title='bbox 336 1111 480 1173; x_wconf 87' lang='lat' dir='ltr'><strong>sermonis</strong></span> <span class='ocrx_word' id='word_1_107' title='bbox 500 1114 650 1187; x_wconf 84' lang='lat' dir='ltr'><strong>expertes,</strong></span> <span class='ocrx_word' id='word_1_108' title='bbox 677 1110 811 1169; x_wconf 81' lang='lat' dir='ltr'><strong>veniunt:</strong></span> <span class='ocrx_word' id='word_1_109' title='bbox 841 1130 956 1169; x_wconf 85' lang='lat' dir='ltr'><strong>merces</strong></span> <span class='ocrx_word' id='word_1_110' title='bbox 1011 1118 1074 1171; x_wconf 91' lang='lat' dir='ltr'><strong>toto</strong></span> <span class='ocrx_word' id='word_1_111' title='bbox 1095 1131 1218 1193; x_wconf 91' lang='lat' dir='ltr'><strong>corpore</strong></span> <span class='ocrx_word' id='word_1_112' title='bbox 1238 1112 1306 1191; x_wconf 88' lang='lat' dir='ltr'><strong>pilis</strong></span> <span class='ocrx_word' id='word_1_113' title='bbox 1324 1111 1459 1172; x_wconf 80' lang='lat' dir='ltr'><strong>horrent:</strong></span> <span class='ocrx_word' id='word_1_114' title='bbox 1478 1110 1653 1171; x_wconf 87' lang='lat' dir='ltr'><strong>aliicaninis</strong></span> <span class='ocrx_word' id='word_1_115' title='bbox 1669 1110 1823 1190; x_wconf 81' lang='lat' dir='ltr'><strong>captibus,</strong></span> 
     </span>
     <span class='ocr_line' id='line_1_11' title="bbox 154 1198 1823 1284; baseline -0.001 -17"><span class='ocrx_word' id='word_1_116' title='bbox 154 1207 264 1267; x_wconf 82' lang='lat' dir='ltr'><strong>varias.</strong></span> <span class='ocrx_word' id='word_1_117' title='bbox 281 1206 311 1264; x_wconf 93' lang='lat' dir='ltr'><strong>in</strong></span> <span class='ocrx_word' id='word_1_118' title='bbox 337 1205 437 1281; x_wconf 88' lang='lat' dir='ltr'><strong>primis</strong></span> <span class='ocrx_word' id='word_1_119' title='bbox 456 1208 556 1263; x_wconf 86' lang='lat' dir='ltr'><strong>eutem</strong></span> <span class='ocrx_word' id='word_1_120' title='bbox 583 1203 725 1273; x_wconf 87' lang='lat' dir='ltr'><strong>uniones,</strong></span> <span class='ocrx_word' id='word_1_121' title='bbox 750 1198 866 1283; x_wconf 76' lang='lat' dir='ltr'><strong>lapides</strong></span> <span class='ocrx_word' id='word_1_122' title='bbox 891 1223 956 1284; x_wconf 89' lang='lat' dir='ltr'><strong>pre·</strong></span> <span class='ocrx_word' id='word_1_123' title='bbox 1011 1205 1061 1267; x_wconf 89' lang='lat' dir='ltr'><strong>alii</strong></span> <span class='ocrx_word' id='word_1_124' title='bbox 1080 1226 1203 1283; x_wconf 86' lang='lat' dir='ltr'><strong>prorsus</strong></span> <span class='ocrx_word' id='word_1_125' title='bbox 1223 1206 1290 1264; x_wconf 90' lang='lat' dir='ltr'><strong>sine</strong></span> <span class='ocrx_word' id='word_1_126' title='bbox 1309 1204 1387 1265; x_wconf 92' lang='lat' dir='ltr'><strong>collo</strong></span> <span class='ocrx_word' id='word_1_127' title='bbox 1406 1209 1513 1284; x_wconf 87' lang='lat' dir='ltr'><strong>pectus</strong></span> <span class='ocrx_word' id='word_1_128' title='bbox 1526 1225 1577 1282; x_wconf 93' lang='lat' dir='ltr'><strong>pro</strong></span> <span class='ocrx_word' id='word_1_129' title='bbox 1588 1201 1823 1283; x_wconf 80' lang='lat' dir='ltr'><strong>capitebebcnt,</strong></span> 
     </span>
     <span class='ocr_line' id='line_1_12' title="bbox 154 1295 1822 1378; baseline 0 -19"><span class='ocrx_word' id='word_1_130' title='bbox 154 1300 265 1370; x_wconf 83' lang='lat' dir='ltr'><strong>eiusne,</strong></span> <span class='ocrx_word' id='word_1_131' title='bbox 284 1316 389 1359; x_wconf 89' lang='lat' dir='ltr'><strong>secum</strong></span> <span class='ocrx_word' id='word_1_132' title='bbox 409 1295 589 1366; x_wconf 79' lang='lat' dir='ltr'><strong>adserentes,</strong></span> <span class='ocrx_word' id='word_1_133' title='bbox 608 1314 684 1373; x_wconf 82' lang='lat' dir='ltr'><strong>quas</strong></span> <span class='ocrx_word' id='word_1_134' title='bbox 702 1296 805 1378; x_wconf 89' lang='lat' dir='ltr'><strong>populi</strong></span> <span class='ocrx_word' id='word_1_135' title='bbox 821 1295 955 1357; x_wconf 85' lang='lat' dir='ltr'><strong>Grustin·</strong></span> <span class='ocrx_word' id='word_1_136' title='bbox 1012 1299 1176 1377; x_wconf 83' lang='lat' dir='ltr'><strong>longasque</strong></span> <span class='ocrx_word' id='word_1_137' title='bbox 1194 1296 1403 1377; x_wconf 87' lang='lat' dir='ltr'><strong>sinopedibns</strong></span> <span class='ocrx_word' id='word_1_138' title='bbox 1416 1318 1531 1359; x_wconf 76' lang='lat' dir='ltr'><strong>munus</strong></span> <span class='ocrx_word' id='word_1_139' title='bbox 1553 1296 1612 1357; x_wconf 84' lang='lat' dir='ltr'><strong>Est</strong></span> <span class='ocrx_word' id='word_1_140' title='bbox 1630 1303 1661 1357; x_wconf 88' lang='lat' dir='ltr'><strong>et</strong></span> <span class='ocrx_word' id='word_1_141' title='bbox 1678 1295 1822 1359; x_wconf 81' lang='lat' dir='ltr'><strong>in&#39;l&#39;scb·</strong></span> 
     </span>
     <span class='ocr_line' id='line_1_13' title="bbox 153 1388 1822 1472; baseline -0.001 -20"><span class='ocrx_word' id='word_1_142' title='bbox 153 1395 182 1452; x_wconf 89' lang='lat' dir='ltr'><strong>ci</strong></span> <span class='ocrx_word' id='word_1_143' title='bbox 207 1397 238 1451; x_wconf 89' lang='lat' dir='ltr'><strong>et</strong></span> <span class='ocrx_word' id='word_1_144' title='bbox 258 1389 441 1469; x_wconf 84' lang='lat' dir='ltr'><strong>Serponovci</strong></span> <span class='ocrx_word' id='word_1_145' title='bbox 467 1395 647 1461; x_wconf 68' lang='lat' dir='ltr'><strong>mercantum</strong></span> <span class='ocrx_word' id='word_1_146' title='bbox 671 1388 702 1448; x_wconf 90' lang='lat' dir='ltr'><strong>bi</strong></span> <span class='ocrx_word' id='word_1_147' title='bbox 728 1410 747 1450; x_wconf 89' lang='lat' dir='ltr'><strong>a</strong></span> <span class='ocrx_word' id='word_1_148' title='bbox 771 1396 869 1450; x_wconf 86' lang='lat' dir='ltr'><strong>castro</strong></span> <span class='ocrx_word' id='word_1_149' title='bbox 887 1389 956 1451; x_wconf 86' lang='lat' dir='ltr'><strong>Ser·</strong></span> <span class='ocrx_word' id='word_1_150' title='bbox 1013 1394 1062 1454; x_wconf 91' lang='lat' dir='ltr'><strong>nin</strong></span> <span class='ocrx_word' id='word_1_151' title='bbox 1083 1393 1171 1452; x_wconf 91' lang='lat' dir='ltr'><strong>lluvio</strong></span> <span class='ocrx_word' id='word_1_152' title='bbox 1191 1392 1286 1472; x_wconf 88' lang='lat' dir='ltr'><strong>piscis</strong></span> <span class='ocrx_word' id='word_1_153' title='bbox 1304 1390 1434 1470; x_wconf 87' lang='lat' dir='ltr'><strong>quidam,</strong></span> <span class='ocrx_word' id='word_1_154' title='bbox 1463 1392 1577 1469; x_wconf 80' lang='lat' dir='ltr'><strong>capite,</strong></span> <span class='ocrx_word' id='word_1_155' title='bbox 1602 1389 1700 1461; x_wconf 89' lang='lat' dir='ltr'><strong>olulie,</strong></span> <span class='ocrx_word' id='word_1_156' title='bbox 1730 1408 1822 1462; x_wconf 88' lang='lat' dir='ltr'><strong>naso,</strong></span> 
     </span>
     <span class='ocr_line' id='line_1_14' title="bbox 154 1478 1821 1565; baseline -0.001 -21"><span class='ocrx_word' id='word_1_157' title='bbox 154 1504 261 1565; x_wconf 82' lang='lat' dir='ltr'><strong>ponovv</strong></span> <span class='ocrx_word' id='word_1_158' title='bbox 280 1481 477 1563; x_wconf 74' lang='lat' dir='ltr'><strong>Lucumorp&#39;ae</strong></span> <span class='ocrx_word' id='word_1_159' title='bbox 497 1480 572 1541; x_wconf 86' lang='lat' dir='ltr'><strong>ultra</strong></span> <span class='ocrx_word' id='word_1_160' title='bbox 590 1478 651 1541; x_wconf 90' lang='lat' dir='ltr'><strong>0bi</strong></span> <span class='ocrx_word' id='word_1_161' title='bbox 672 1480 790 1542; x_wconf 81' lang='lat' dir='ltr'><strong>durium</strong></span> <span class='ocrx_word' id='word_1_162' title='bbox 820 1485 850 1542; x_wconf 90' lang='lat' dir='ltr'><strong>ln</strong></span> <span class='ocrx_word' id='word_1_163' title='bbox 873 1503 956 1543; x_wconf 85' lang='lat' dir='ltr'><strong>mon·</strong></span> <span class='ocrx_word' id='word_1_164' title='bbox 1013 1508 1073 1558; x_wconf 88' lang='lat' dir='ltr'><strong>ere,</strong></span> <span class='ocrx_word' id='word_1_165' title='bbox 1093 1485 1238 1554; x_wconf 84' lang='lat' dir='ltr'><strong>manibus,</strong></span> <span class='ocrx_word' id='word_1_166' title='bbox 1258 1482 1398 1563; x_wconf 87' lang='lat' dir='ltr'><strong>pedibus,</strong></span> <span class='ocrx_word' id='word_1_167' title='bbox 1410 1482 1674 1562; x_wconf 86' lang='lat' dir='ltr'><strong>aliisquebumona</strong></span> <span class='ocrx_word' id='word_1_168' title='bbox 1692 1502 1821 1565; x_wconf 81' lang='lat' dir='ltr'><strong>prorsus</strong></span> 
     </span>
     <span class='ocr_line' id='line_1_15' title="bbox 154 1572 1821 1657; baseline 0 -19"><span class='ocrx_word' id='word_1_169' title='bbox 154 1579 236 1638; x_wconf 84' lang='lat' dir='ltr'><strong>tibus</strong></span> <span class='ocrx_word' id='word_1_170' title='bbox 256 1576 334 1636; x_wconf 88' lang='lat' dir='ltr'><strong>sitae</strong></span> <span class='ocrx_word' id='word_1_171' title='bbox 354 1594 459 1635; x_wconf 92' lang='lat' dir='ltr'><strong>nomen</strong></span> <span class='ocrx_word' id='word_1_172' title='bbox 481 1572 600 1637; x_wconf 85' lang='lat' dir='ltr'><strong>babent.</strong></span> <span class='ocrx_word' id='word_1_173' title='bbox 641 1572 838 1657; x_wconf 85' lang='lat' dir='ltr'><strong>Lucomorjne</strong></span> <span class='ocrx_word' id='word_1_174' title='bbox 856 1585 957 1636; x_wconf 89' lang='lat' dir='ltr'><strong>autem</strong></span> <span class='ocrx_word' id='word_1_175' title='bbox 1013 1580 1116 1650; x_wconf 78' lang='lat' dir='ltr'><strong>formu,</strong></span> <span class='ocrx_word' id='word_1_176' title='bbox 1136 1577 1215 1639; x_wconf 87' lang='lat' dir='ltr'><strong>nulla</strong></span> <span class='ocrx_word' id='word_1_177' title='bbox 1235 1584 1335 1636; x_wconf 72' lang='lat' dir='ltr'><strong>maren</strong></span> <span class='ocrx_word' id='word_1_178' title='bbox 1356 1595 1445 1638; x_wconf 82' lang='lat' dir='ltr'><strong>voce:</strong></span> <span class='ocrx_word' id='word_1_179' title='bbox 1485 1576 1552 1655; x_wconf 85' lang='lat' dir='ltr'><strong>qui,</strong></span> <span class='ocrx_word' id='word_1_180' title='bbox 1577 1581 1610 1637; x_wconf 90' lang='lat' dir='ltr'><strong>ut</strong></span> <span class='ocrx_word' id='word_1_181' title='bbox 1634 1576 1685 1637; x_wconf 86' lang='lat' dir='ltr'><strong>elii</strong></span> <span class='ocrx_word' id='word_1_182' title='bbox 1700 1576 1821 1657; x_wconf 80' lang='lat' dir='ltr'><strong>pisces,</strong></span> 
     </span>
     <span class='ocr_line' id='line_1_16' title="bbox 156 1665 1547 1749; baseline -0.001 -20"><span class='ocrx_word' id='word_1_183' title='bbox 156 1669 323 1729; x_wconf 88' lang='lat' dir='ltr'><strong>bominibus</strong></span> <span class='ocrx_word' id='word_1_184' title='bbox 343 1668 474 1729; x_wconf 86' lang='lat' dir='ltr'><strong>mirabile</strong></span> <span class='ocrx_word' id='word_1_185' title='bbox 495 1665 634 1747; x_wconf 75' lang='lat' dir='ltr'><strong>quiddam</strong></span> <span class='ocrx_word' id='word_1_186' title='bbox 660 1687 697 1727; x_wconf 87' lang='lat' dir='ltr'><strong>ac</strong></span> <span class='ocrx_word' id='word_1_187' title='bbox 716 1668 902 1738; x_wconf 73' lang='lat' dir='ltr'><strong>incredibile,</strong></span> <span class='ocrx_word' id='word_1_188' title='bbox 927 1674 958 1727; x_wconf 91' lang='lat' dir='ltr'><strong>et</strong></span> <span class='ocrx_word' id='word_1_189' title='bbox 1013 1692 1107 1735; x_wconf 75' lang='lat' dir='ltr'><strong>suave</strong></span> <span class='ocrx_word' id='word_1_190' title='bbox 1127 1692 1165 1731; x_wconf 78' lang='lat' dir='ltr'><strong>ex</strong></span> <span class='ocrx_word' id='word_1_191' title='bbox 1183 1690 1220 1731; x_wconf 88' lang='lat' dir='ltr'><strong>se</strong></span> <span class='ocrx_word' id='word_1_192' title='bbox 1239 1669 1363 1749; x_wconf 87' lang='lat' dir='ltr'><strong>praebet</strong></span> <span class='ocrx_word' id='word_1_193' title='bbox 1381 1669 1547 1730; x_wconf 88' lang='lat' dir='ltr'><strong>obsonium.</strong></span> 
     </span>
     <span class='ocr_line' id='line_1_17' title="bbox 155 1759 1821 1842; baseline -0.002 -19"><span class='ocrx_word' id='word_1_194' title='bbox 155 1762 273 1825; x_wconf 76' lang='lat' dir='ltr'><strong>suboleo</strong></span> <span class='ocrx_word' id='word_1_195' title='bbox 291 1762 441 1838; x_wconf 77' lang='lat' dir='ltr'><strong>persimile</strong></span> <span class='ocrx_word' id='word_1_196' title='bbox 460 1761 544 1842; x_wconf 85' lang='lat' dir='ltr'><strong>ajunt</strong></span> <span class='ocrx_word' id='word_1_197' title='bbox 561 1759 707 1831; x_wconf 87' lang='lat' dir='ltr'><strong>accidere,</strong></span> <span class='ocrx_word' id='word_1_198' title='bbox 727 1780 804 1839; x_wconf 89' lang='lat' dir='ltr'><strong>qnos</strong></span> <span class='ocrx_word' id='word_1_199' title='bbox 816 1762 845 1821; x_wconf 91' lang='lat' dir='ltr'><strong>in</strong></span> <span class='ocrx_word' id='word_1_200' title='bbox 858 1762 957 1840; x_wconf 89' lang='lat' dir='ltr'><strong>singu·</strong></span> <span class='ocrx_word' id='word_1_201' title='bbox 1090 1764 1256 1835; x_wconf 73' lang='lat' dir='ltr'><strong>Hactenus,</strong></span> <span class='ocrx_word' id='word_1_202' title='bbox 1273 1782 1469 1842; x_wconf 87' lang='lat' dir='ltr'><strong>qnaecnnque</strong></span> <span class='ocrx_word' id='word_1_203' title='bbox 1488 1761 1583 1831; x_wconf 86' lang='lat' dir='ltr'><strong>retuli,</strong></span> <span class='ocrx_word' id='word_1_204' title='bbox 1604 1780 1643 1821; x_wconf 83' lang='lat' dir='ltr'><strong>er</strong></span> <span class='ocrx_word' id='word_1_205' title='bbox 1655 1759 1759 1821; x_wconf 80' lang='lat' dir='ltr'><strong>oblato</strong></span> <span class='ocrx_word' id='word_1_206' title='bbox 1771 1759 1821 1820; x_wconf 90' lang='lat' dir='ltr'><strong>lti-</strong></span> 
     </span>
     <span class='ocr_line' id='line_1_18' title="bbox 154 1851 1821 1935; baseline -0.001 -18"><span class='ocrx_word' id='word_1_207' title='bbox 154 1857 204 1917; x_wconf 91' lang='lat' dir='ltr'><strong>los</strong></span> <span class='ocrx_word' id='word_1_208' title='bbox 223 1875 328 1925; x_wconf 85' lang='lat' dir='ltr'><strong>annos,</strong></span> <span class='ocrx_word' id='word_1_209' title='bbox 348 1875 455 1935; x_wconf 86' lang='lat' dir='ltr'><strong>nempe</strong></span> <span class='ocrx_word' id='word_1_210' title='bbox 474 1853 512 1915; x_wconf 66' lang='lat' dir='ltr'><strong>ii</strong></span> <span class='ocrx_word' id='word_1_211' title='bbox 523 1851 572 1910; x_wconf 91' lang='lat' dir='ltr'><strong>die</strong></span> <span class='ocrx_word' id='word_1_212' title='bbox 582 1851 770 1924; x_wconf 84' lang='lat' dir='ltr'><strong>Novembris,</strong></span> <span class='ocrx_word' id='word_1_213' title='bbox 790 1874 867 1934; x_wconf 84' lang='lat' dir='ltr'><strong>queo</strong></span> <span class='ocrx_word' id='word_1_214' title='bbox 878 1853 958 1935; x_wconf 77' lang='lat' dir='ltr'><strong>opud</strong></span> <span class='ocrx_word' id='word_1_215' title='bbox 1015 1859 1129 1921; x_wconf 84' lang='lat' dir='ltr'><strong>cererin</strong></span> <span class='ocrx_word' id='word_1_216' title='bbox 1148 1855 1335 1926; x_wconf 86' lang='lat' dir='ltr'><strong>Rutbenieo,</strong></span> <span class='ocrx_word' id='word_1_217' title='bbox 1366 1876 1385 1914; x_wconf 89' lang='lat' dir='ltr'><strong>a</strong></span> <span class='ocrx_word' id='word_1_218' title='bbox 1410 1875 1459 1916; x_wconf 91' lang='lat' dir='ltr'><strong>me</strong></span> <span class='ocrx_word' id='word_1_219' title='bbox 1483 1854 1664 1915; x_wconf 86' lang='lat' dir='ltr'><strong>adverbum</strong></span> <span class='ocrx_word' id='word_1_220' title='bbox 1681 1852 1821 1915; x_wconf 71' lang='lat' dir='ltr'><strong>baducta</strong></span> 
     </span>
     <span class='ocr_line' id='line_1_19' title="bbox 157 1945 1820 2029; baseline -0.005 -14"><span class='ocrx_word' id='word_1_221' title='bbox 157 1947 316 2009; x_wconf 61' lang='lat' dir='ltr'><strong>lintheum</strong></span> <span class='ocrx_word' id='word_1_222' title='bbox 336 1946 372 2009; x_wconf 78' lang='lat' dir='ltr'><strong>S·</strong></span> <span class='ocrx_word' id='word_1_223' title='bbox 393 1945 520 2022; x_wconf 66' lang='grc' dir='ltr'><strong>(ὶθθῐεὶθ</strong></span> <span class='ocrx_word' id='word_1_224' title='bbox 541 1963 628 2004; x_wconf 65' lang='lat'>⁸⁰⁰¹&amp;</span> <span class='ocrx_word' id='word_1_225' title='bbox 648 1950 705 2015; x_wconf 65' lang='lat'><strong>⁰⁵1,</strong></span> <span class='ocrx_word' id='word_1_226' title='bbox 724 1946 795 2005; x_wconf 65' lang='grc' dir='ltr'><strong>Μή</strong></span> <span class='ocrx_word' id='word_1_227' title='bbox 814 1950 958 2029; x_wconf 64' lang='grc' dir='ltr'><strong>ιη’ῑιυίῑεῡ</strong></span> <span class='ocrx_word' id='word_1_228' title='bbox 1014 1957 1098 2014; x_wconf 83' lang='lat' dir='ltr'><strong>sunt:</strong></span> <span class='ocrx_word' id='word_1_229' title='bbox 1118 1952 1147 2010; x_wconf 91' lang='lat' dir='ltr'><strong>in</strong></span> <span class='ocrx_word' id='word_1_230' title='bbox 1167 1951 1275 2028; x_wconf 88' lang='lat' dir='ltr'><strong>quibus</strong></span> <span class='ocrx_word' id='word_1_231' title='bbox 1295 1953 1325 2009; x_wconf 90' lang='lat' dir='ltr'><strong>et</strong></span> <span class='ocrx_word' id='word_1_232' title='bbox 1346 1949 1373 2008; x_wconf 90' lang='lat' dir='ltr'><strong>si</strong></span> <span class='ocrx_word' id='word_1_233' title='bbox 1388 1948 1524 2009; x_wconf 85' lang='lat' dir='ltr'><strong>sabulosa</strong></span> <span class='ocrx_word' id='word_1_234' title='bbox 1537 1946 1693 2027; x_wconf 81' lang='lat' dir='ltr'><strong>quaedem,</strong></span> <span class='ocrx_word' id='word_1_235' title='bbox 1706 1946 1820 2026; x_wconf 85' lang='lat' dir='ltr'><strong>vixque</strong></span> 
     </span>
     <span class='ocr_line' id='line_1_20' title="bbox 155 2036 1821 2121; baseline -0.002 -17"><span class='ocrx_word' id='word_1_236' title='bbox 155 2064 225 2104; x_wconf 90' lang='lat' dir='ltr'><strong>vere</strong></span> <span class='ocrx_word' id='word_1_237' title='bbox 245 2039 422 2121; x_wconf 72' lang='lat' dir='ltr'><strong>insequenti,</strong></span> <span class='ocrx_word' id='word_1_238' title='bbox 441 2036 618 2099; x_wconf 85' lang='lat' dir='ltr'><strong>maximeud</strong></span> <span class='ocrx_word' id='word_1_239' title='bbox 633 2039 670 2096; x_wconf 69' lang='lat'><strong>24</strong></span> <span class='ocrx_word' id='word_1_240' title='bbox 684 2038 807 2119; x_wconf 82' lang='lat' dir='ltr'><strong>Aprilis,</strong></span> <span class='ocrx_word' id='word_1_241' title='bbox 822 2060 958 2102; x_wconf 86' lang='lat' dir='ltr'><strong>ranarum</strong></span> <span class='ocrx_word' id='word_1_242' title='bbox 1014 2043 1170 2106; x_wconf 89' lang='lat' dir='ltr'><strong>credibilia</strong></span> <span class='ocrx_word' id='word_1_243' title='bbox 1199 2062 1272 2104; x_wconf 84' lang='lat' dir='ltr'><strong>esse</strong></span> <span class='ocrx_word' id='word_1_244' title='bbox 1296 2041 1461 2112; x_wconf 87' lang='lat' dir='ltr'><strong>videantur,</strong></span> <span class='ocrx_word' id='word_1_245' title='bbox 1490 2041 1581 2100; x_wconf 91' lang='lat' dir='ltr'><strong>veluti</strong></span> <span class='ocrx_word' id='word_1_246' title='bbox 1610 2039 1649 2101; x_wconf 90' lang='lat' dir='ltr'><strong>de</strong></span> <span class='ocrx_word' id='word_1_247' title='bbox 1681 2038 1821 2101; x_wconf 74' lang='lat' dir='ltr'><strong>bomibns</strong></span> 
     </span>
     <span class='ocr_line' id='line_1_21' title="bbox 155 2130 1822 2214; baseline -0.002 -16"><span class='ocrx_word' id='word_1_248' title='bbox 155 2138 263 2206; x_wconf 88' lang='lat' dir='ltr'><strong>instar,</strong></span> <span class='ocrx_word' id='word_1_249' title='bbox 294 2133 393 2193; x_wconf 89' lang='lat' dir='ltr'><strong>denuo</strong></span> <span class='ocrx_word' id='word_1_250' title='bbox 423 2131 610 2191; x_wconf 86' lang='lat' dir='ltr'><strong>reviviscere.</strong></span> <span class='ocrx_word' id='word_1_251' title='bbox 651 2130 726 2191; x_wconf 89' lang='lat' dir='ltr'><strong>Cum</strong></span> <span class='ocrx_word' id='word_1_252' title='bbox 758 2130 806 2193; x_wconf 89' lang='lat' dir='ltr'><strong>bis</strong></span> <span class='ocrx_word' id='word_1_253' title='bbox 840 2139 958 2214; x_wconf 85' lang='lat' dir='ltr'><strong>quoque</strong></span> <span class='ocrx_word' id='word_1_254' title='bbox 1014 2139 1119 2207; x_wconf 86' lang='lat' dir='ltr'><strong>mutis,</strong></span> <span class='ocrx_word' id='word_1_255' title='bbox 1148 2136 1341 2196; x_wconf 89' lang='lat' dir='ltr'><strong>morientibus</strong></span> <span class='ocrx_word' id='word_1_256' title='bbox 1366 2140 1398 2195; x_wconf 93' lang='lat' dir='ltr'><strong>et</strong></span> <span class='ocrx_word' id='word_1_257' title='bbox 1423 2133 1686 2202; x_wconf 85' lang='lat' dir='ltr'><strong>reviviscentibus,</strong></span> <span class='ocrx_word' id='word_1_258' title='bbox 1716 2133 1822 2195; x_wconf 78' lang='lat' dir='ltr'><strong>Aures</strong></span> 
     </span>
     <span class='ocr_line' id='line_1_22' title="bbox 156 2224 1820 2306; baseline -0.002 -15"><span class='ocrx_word' id='word_1_259' title='bbox 156 2227 310 2291; x_wconf 81' lang='lat' dir='ltr'><strong>Grustinci</strong></span> <span class='ocrx_word' id='word_1_260' title='bbox 335 2234 367 2284; x_wconf 91' lang='lat' dir='ltr'><strong>ct</strong></span> <span class='ocrx_word' id='word_1_261' title='bbox 385 2224 569 2305; x_wconf 84' lang='lat' dir='ltr'><strong>Scrponovoi</strong></span> <span class='ocrx_word' id='word_1_262' title='bbox 596 2224 694 2304; x_wconf 87' lang='lat' dir='ltr'><strong>populi</strong></span> <span class='ocrx_word' id='word_1_263' title='bbox 716 2246 800 2297; x_wconf 86' lang='lat' dir='ltr'><strong>nova,</strong></span> <span class='ocrx_word' id='word_1_264' title='bbox 828 2234 859 2287; x_wconf 88' lang='lat' dir='ltr'><strong>et</strong></span> <span class='ocrx_word' id='word_1_265' title='bbox 881 2228 959 2289; x_wconf 88' lang='lat' dir='ltr'><strong>alias</strong></span> <span class='ocrx_word' id='word_1_266' title='bbox 1013 2251 1083 2301; x_wconf 87' lang='lat' dir='ltr'><strong>anu,</strong></span> <span class='ocrx_word' id='word_1_267' title='bbox 1104 2230 1284 2291; x_wconf 87' lang='lat' dir='ltr'><strong>monstrosis</strong></span> <span class='ocrx_word' id='word_1_268' title='bbox 1301 2227 1452 2289; x_wconf 77' lang='lat' dir='ltr'><strong>bominum</strong></span> <span class='ocrx_word' id='word_1_269' title='bbox 1471 2226 1581 2297; x_wconf 79' lang='lat' dir='ltr'><strong>formis,</strong></span> <span class='ocrx_word' id='word_1_270' title='bbox 1599 2227 1747 2306; x_wconf 83' lang='lat' dir='ltr'><strong>pisceque</strong></span> <span class='ocrx_word' id='word_1_271' title='bbox 1766 2224 1820 2287; x_wconf 90' lang='lat' dir='ltr'><strong>bu·</strong></span> 
     </span>
     <span class='ocr_line' id='line_1_23' title="bbox 157 2316 1819 2402; baseline -0.002 -20"><span class='ocrx_word' id='word_1_272' title='bbox 157 2326 335 2382; x_wconf 84' lang='lat' dir='ltr'><strong>inconsueta</strong></span> <span class='ocrx_word' id='word_1_273' title='bbox 352 2316 465 2377; x_wconf 85' lang='lat' dir='ltr'><strong>babent</strong></span> <span class='ocrx_word' id='word_1_274' title='bbox 483 2319 665 2377; x_wconf 86' lang='lat' dir='ltr'><strong>commercia.</strong></span> <span class='ocrx_word' id='word_1_275' title='bbox 705 2318 781 2378; x_wconf 84' lang='lat' dir='ltr'><strong>Cum</strong></span> <span class='ocrx_word' id='word_1_276' title='bbox 803 2321 879 2380; x_wconf 88' lang='lat' dir='ltr'><strong>onim</strong></span> <span class='ocrx_word' id='word_1_277' title='bbox 899 2327 957 2382; x_wconf 83' lang='lat' dir='ltr'><strong>sta·</strong></span> <span class='ocrx_word' id='word_1_278' title='bbox 1014 2343 1102 2383; x_wconf 83' lang='lat' dir='ltr'><strong>mona</strong></span> <span class='ocrx_word' id='word_1_279' title='bbox 1122 2322 1237 2402; x_wconf 74' lang='lat' dir='ltr'><strong>effigiet</strong></span> <span class='ocrx_word' id='word_1_280' title='bbox 1267 2321 1305 2381; x_wconf 92' lang='lat' dir='ltr'><strong>de</strong></span> <span class='ocrx_word' id='word_1_281' title='bbox 1325 2322 1434 2402; x_wconf 87' lang='lat' dir='ltr'><strong>quibus</strong></span> <span class='ocrx_word' id='word_1_282' title='bbox 1454 2321 1511 2381; x_wconf 89' lang='lat' dir='ltr'><strong>etsi</strong></span> <span class='ocrx_word' id='word_1_283' title='bbox 1531 2321 1597 2400; x_wconf 90' lang='lat' dir='ltr'><strong>ipse</strong></span> <span class='ocrx_word' id='word_1_284' title='bbox 1615 2338 1735 2398; x_wconf 90' lang='lat' dir='ltr'><strong>qnoque</strong></span> <span class='ocrx_word' id='word_1_285' title='bbox 1754 2318 1819 2381; x_wconf 90' lang='lat' dir='ltr'><strong>dili-</strong></span> 
     </span>
     <span class='ocr_line' id='line_1_24' title="bbox 157 2409 1819 2493; baseline -0.002 -19"><span class='ocrx_word' id='word_1_286' title='bbox 157 2421 219 2475; x_wconf 90' lang='lat' dir='ltr'><strong>tum</strong></span> <span class='ocrx_word' id='word_1_287' title='bbox 240 2418 359 2490; x_wconf 89' lang='lat' dir='ltr'><strong>tempus</strong></span> <span class='ocrx_word' id='word_1_288' title='bbox 378 2409 532 2480; x_wconf 88' lang='lat' dir='ltr'><strong>moriendi,</strong></span> <span class='ocrx_word' id='word_1_289' title='bbox 551 2430 608 2470; x_wconf 91' lang='lat' dir='ltr'><strong>seu</strong></span> <span class='ocrx_word' id='word_1_290' title='bbox 627 2409 791 2470; x_wconf 89' lang='lat' dir='ltr'><strong>dormiendi</strong></span> <span class='ocrx_word' id='word_1_291' title='bbox 810 2414 887 2493; x_wconf 87' lang='lat' dir='ltr'><strong>ipsis</strong></span> <span class='ocrx_word' id='word_1_292' title='bbox 907 2417 958 2473; x_wconf 90' lang='lat' dir='ltr'><strong>im·</strong></span> <span class='ocrx_word' id='word_1_293' title='bbox 1015 2421 1117 2493; x_wconf 78' lang='lat' dir='ltr'><strong>genter</strong></span> <span class='ocrx_word' id='word_1_294' title='bbox 1136 2415 1389 2493; x_wconf 69' lang='lat' dir='ltr'><strong>investigaverint,</strong></span> <span class='ocrx_word' id='word_1_295' title='bbox 1409 2413 1481 2474; x_wconf 91' lang='lat' dir='ltr'><strong>nibil</strong></span> <span class='ocrx_word' id='word_1_296' title='bbox 1499 2419 1600 2474; x_wconf 86' lang='lat' dir='ltr'><strong>tumen</strong></span> <span class='ocrx_word' id='word_1_297' title='bbox 1618 2412 1691 2472; x_wconf 84' lang='lat' dir='ltr'><strong>certi</strong></span> <span class='ocrx_word' id='word_1_298' title='bbox 1708 2431 1729 2472; x_wconf 87' lang='lat' dir='ltr'><strong>a</strong></span> <span class='ocrx_word' id='word_1_299' title='bbox 1747 2431 1819 2492; x_wconf 86' lang='lat' dir='ltr'><strong>quo·</strong></span> 
     </span>
     <span class='ocr_line' id='line_1_25' title="bbox 157 2501 1819 2588; baseline -0.001 -22"><span class='ocrx_word' id='word_1_300' title='bbox 157 2508 257 2576; x_wconf 86' lang='lat' dir='ltr'><strong>minet,</strong></span> <span class='ocrx_word' id='word_1_301' title='bbox 277 2522 393 2564; x_wconf 75' lang='lat' dir='ltr'><strong>merces</strong></span> <span class='ocrx_word' id='word_1_302' title='bbox 412 2510 494 2563; x_wconf 88' lang='lat' dir='ltr'><strong>certo</strong></span> <span class='ocrx_word' id='word_1_303' title='bbox 513 2505 580 2562; x_wconf 91' lang='lat' dir='ltr'><strong>loco</strong></span> <span class='ocrx_word' id='word_1_304' title='bbox 600 2501 759 2581; x_wconf 90' lang='lat' dir='ltr'><strong>deponunt,</strong></span> <span class='ocrx_word' id='word_1_305' title='bbox 789 2525 865 2584; x_wconf 88' lang='lat' dir='ltr'><strong>quus</strong></span> <span class='ocrx_word' id='word_1_306' title='bbox 886 2505 959 2566; x_wconf 87' lang='lat' dir='ltr'><strong>Gru·</strong></span> <span class='ocrx_word' id='word_1_307' title='bbox 1015 2509 1110 2588; x_wconf 90' lang='lat' dir='ltr'><strong>piam,</strong></span> <span class='ocrx_word' id='word_1_308' title='bbox 1140 2508 1189 2587; x_wconf 92' lang='lat' dir='ltr'><strong>qui</strong></span> <span class='ocrx_word' id='word_1_309' title='bbox 1221 2527 1259 2568; x_wconf 86' lang='lat' dir='ltr'><strong>ea</strong></span> <span class='ocrx_word' id='word_1_310' title='bbox 1288 2506 1383 2567; x_wconf 89' lang='lat' dir='ltr'><strong>oculis</strong></span> <span class='ocrx_word' id='word_1_311' title='bbox 1411 2507 1478 2567; x_wconf 88' lang='lat' dir='ltr'><strong>suis</strong></span> <span class='ocrx_word' id='word_1_312' title='bbox 1506 2504 1635 2566; x_wconf 84' lang='lat' dir='ltr'><strong>vidisset</strong></span> <span class='ocrx_word' id='word_1_313' title='bbox 1665 2505 1819 2585; x_wconf 83' lang='lat' dir='ltr'><strong>(quamvis</strong></span> 
     </span>
     <span class='ocr_line' id='line_1_26' title="bbox 157 2595 1819 2678; baseline -0.002 -18"><span class='ocrx_word' id='word_1_314' title='bbox 157 2600 246 2661; x_wconf 83' lang='lat' dir='ltr'><strong>stinci</strong></span> <span class='ocrx_word' id='word_1_315' title='bbox 266 2603 298 2659; x_wconf 90' lang='lat' dir='ltr'><strong>ct</strong></span> <span class='ocrx_word' id='word_1_316' title='bbox 316 2596 491 2677; x_wconf 77' lang='lat' dir='ltr'><strong>Scrponrci,</strong></span> <span class='ocrx_word' id='word_1_317' title='bbox 511 2596 621 2656; x_wconf 90' lang='lat' dir='ltr'><strong>relictis</strong></span> <span class='ocrx_word' id='word_1_318' title='bbox 640 2597 706 2656; x_wconf 83' lang='lat' dir='ltr'><strong>suis</strong></span> <span class='ocrx_word' id='word_1_319' title='bbox 727 2598 840 2658; x_wconf 86' lang='lat' dir='ltr'><strong>interim</strong></span> <span class='ocrx_word' id='word_1_320' title='bbox 863 2619 960 2677; x_wconf 87' lang='lat' dir='ltr'><strong>aequa</strong></span> <span class='ocrx_word' id='word_1_321' title='bbox 1015 2601 1144 2660; x_wconf 80' lang='lat' dir='ltr'><strong>omnium</strong></span> <span class='ocrx_word' id='word_1_322' title='bbox 1168 2600 1247 2661; x_wconf 84' lang='lat' dir='ltr'><strong>lama</strong></span> <span class='ocrx_word' id='word_1_323' title='bbox 1271 2601 1395 2660; x_wconf 88' lang='lat' dir='ltr'><strong>remita</strong></span> <span class='ocrx_word' id='word_1_324' title='bbox 1414 2618 1451 2659; x_wconf 82' lang='lat' dir='ltr'><strong>ss</strong></span> <span class='ocrx_word' id='word_1_325' title='bbox 1471 2598 1582 2660; x_wconf 86' lang='lat' dir='ltr'><strong>babere</strong></span> <span class='ocrx_word' id='word_1_326' title='bbox 1601 2595 1819 2678; x_wconf 80' lang='lat' dir='ltr'><strong>praedicarent)</strong></span> 
     </span>
     <span class='ocr_line' id='line_1_27' title="bbox 156 2688 1819 2773; baseline -0.002 -19"><span class='ocrx_word' id='word_1_327' title='bbox 156 2692 384 2754; x_wconf 82' lang='lat' dir='ltr'><strong>commutatione</strong></span> <span class='ocrx_word' id='word_1_328' title='bbox 405 2691 561 2761; x_wconf 82' lang='lat' dir='ltr'><strong>mercibus,</strong></span> <span class='ocrx_word' id='word_1_329' title='bbox 581 2688 731 2750; x_wconf 80' lang='lat' dir='ltr'><strong>auserunt:</strong></span> <span class='ocrx_word' id='word_1_330' title='bbox 751 2712 805 2751; x_wconf 85' lang='lat' dir='ltr'><strong>eas</strong></span> <span class='ocrx_word' id='word_1_331' title='bbox 824 2692 865 2751; x_wconf 92' lang='lat' dir='ltr'><strong>illi</strong></span> <span class='ocrx_word' id='word_1_332' title='bbox 883 2691 960 2752; x_wconf 91' lang='lat' dir='ltr'><strong>redi·</strong></span> <span class='ocrx_word' id='word_1_333' title='bbox 1015 2712 1198 2771; x_wconf 85' lang='lat' dir='ltr'><strong>cognoscere</strong></span> <span class='ocrx_word' id='word_1_334' title='bbox 1218 2694 1316 2773; x_wconf 86' lang='lat' dir='ltr'><strong>potui:</strong></span> <span class='ocrx_word' id='word_1_335' title='bbox 1335 2697 1433 2753; x_wconf 87' lang='lat' dir='ltr'><strong>tanen</strong></span> <span class='ocrx_word' id='word_1_336' title='bbox 1452 2697 1486 2750; x_wconf 90' lang='lat' dir='ltr'><strong>ut</strong></span> <span class='ocrx_word' id='word_1_337' title='bbox 1503 2690 1572 2751; x_wconf 88' lang='lat' dir='ltr'><strong>aliis</strong></span> <span class='ocrx_word' id='word_1_338' title='bbox 1590 2691 1819 2771; x_wconf 70' lang='lat' dir='ltr'><strong>ampliore-ba·</strong></span> 
     </span>
     <span class='ocr_line' id='line_1_28' title="bbox 157 2783 1819 2864; baseline -0.002 -16"><span class='ocrx_word' id='word_1_339' title='bbox 157 2789 225 2858; x_wconf 88' lang='lat' dir='ltr'><strong>viri,</strong></span> <span class='ocrx_word' id='word_1_340' title='bbox 250 2787 280 2847; x_wconf 88' lang='lat' dir='ltr'><strong>si</strong></span> <span class='ocrx_word' id='word_1_341' title='bbox 304 2785 448 2864; x_wconf 90' lang='lat' dir='ltr'><strong>iniquiore</strong></span> <span class='ocrx_word' id='word_1_342' title='bbox 473 2784 681 2844; x_wconf 82' lang='lat' dir='ltr'><strong>aestimatione</strong></span> <span class='ocrx_word' id='word_1_343' title='bbox 711 2783 857 2844; x_wconf 86' lang='lat' dir='ltr'><strong>abductas</strong></span> <span class='ocrx_word' id='word_1_344' title='bbox 887 2804 959 2845; x_wconf 90' lang='lat' dir='ltr'><strong>esse</strong></span> <span class='ocrx_word' id='word_1_345' title='bbox 1015 2808 1078 2847; x_wconf 90' lang='lat' dir='ltr'><strong>rum</strong></span> <span class='ocrx_word' id='word_1_346' title='bbox 1099 2807 1193 2846; x_wconf 91' lang='lat' dir='ltr'><strong>rerum</strong></span> <span class='ocrx_word' id='word_1_347' title='bbox 1213 2785 1384 2864; x_wconf 88' lang='lat' dir='ltr'><strong>praeberem</strong></span> <span class='ocrx_word' id='word_1_348' title='bbox 1404 2783 1600 2863; x_wconf 88' lang='lat' dir='ltr'><strong>investigandi</strong></span> <span class='ocrx_word' id='word_1_349' title='bbox 1619 2784 1819 2852; x_wconf 87' lang='lat' dir='ltr'><strong>occasionem,</strong></span> 
     </span>
     <span class='ocr_line' id='line_1_29' title="bbox 157 2876 1819 2959; baseline -0.002 -20"><span class='ocrx_word' id='word_1_350' title='bbox 157 2880 293 2949; x_wconf 88' lang='lat' dir='ltr'><strong>viderint,</strong></span> <span class='ocrx_word' id='word_1_351' title='bbox 312 2896 417 2937; x_wconf 88' lang='lat' dir='ltr'><strong>rursus</strong></span> <span class='ocrx_word' id='word_1_352' title='bbox 444 2883 596 2956; x_wconf 67' lang='lat' dir='ltr'><strong>repetente</strong></span> <span class='ocrx_word' id='word_1_353' title='bbox 621 2876 700 2935; x_wconf 89' lang='lat' dir='ltr'><strong>unde</strong></span> <span class='ocrx_word' id='word_1_354' title='bbox 725 2876 793 2937; x_wconf 87' lang='lat' dir='ltr'><strong>lites</strong></span> <span class='ocrx_word' id='word_1_355' title='bbox 817 2878 959 2958; x_wconf 88' lang='lat' dir='ltr'><strong>plurimae</strong></span> <span class='ocrx_word' id='word_1_356' title='bbox 1014 2880 1096 2941; x_wconf 88' lang='lat' dir='ltr'><strong>nolui</strong></span> <span class='ocrx_word' id='word_1_357' title='bbox 1115 2880 1271 2959; x_wconf 84' lang='lat' dir='ltr'><strong>quicquam</strong></span> <span class='ocrx_word' id='word_1_358' title='bbox 1291 2879 1459 2949; x_wconf 89' lang='lat' dir='ltr'><strong>obmittere;</strong></span> <span class='ocrx_word' id='word_1_359' title='bbox 1479 2876 1559 2936; x_wconf 88' lang='lat' dir='ltr'><strong>unde</strong></span> <span class='ocrx_word' id='word_1_360' title='bbox 1581 2882 1611 2937; x_wconf 94' lang='lat' dir='ltr'><strong>et</strong></span> <span class='ocrx_word' id='word_1_361' title='bbox 1626 2877 1756 2938; x_wconf 85' lang='lat' dir='ltr'><strong>locorum</strong></span> <span class='ocrx_word' id='word_1_362' title='bbox 1769 2897 1819 2937; x_wconf 90' lang='lat' dir='ltr'><strong>vo-</strong></span> 
     </span>
     <span class='ocr_line' id='line_1_30' title="bbox 156 2967 1819 3050; baseline -0.001 -18"><span class='ocrx_word' id='word_1_363' title='bbox 156 2991 193 3033; x_wconf 88' lang='lat' dir='ltr'><strong>ac</strong></span> <span class='ocrx_word' id='word_1_364' title='bbox 212 2969 291 3029; x_wconf 85' lang='lat' dir='ltr'><strong>bella</strong></span> <span class='ocrx_word' id='word_1_365' title='bbox 310 2968 385 3028; x_wconf 89' lang='lat' dir='ltr'><strong>inter</strong></span> <span class='ocrx_word' id='word_1_366' title='bbox 397 2969 603 3027; x_wconf 86' lang='lat' dir='ltr'><strong>coaoriuntur.</strong></span> <span class='ocrx_word' id='word_1_367' title='bbox 623 2968 673 3028; x_wconf 79' lang='lat' dir='ltr'><strong>Ab</strong></span> <span class='ocrx_word' id='word_1_368' title='bbox 688 2967 856 3041; x_wconf 87' lang='lat' dir='ltr'><strong>Obidnvio,</strong></span> <span class='ocrx_word' id='word_1_369' title='bbox 875 2976 959 3050; x_wconf 87' lang='lat' dir='ltr'><strong>parte</strong></span> <span class='ocrx_word' id='word_1_370' title='bbox 1015 2971 1131 3033; x_wconf 87' lang='lat' dir='ltr'><strong>cebnlis</strong></span> <span class='ocrx_word' id='word_1_371' title='bbox 1157 2970 1278 3042; x_wconf 89' lang='lat' dir='ltr'><strong>iisdem,</strong></span> <span class='ocrx_word' id='word_1_372' title='bbox 1308 2972 1417 3050; x_wconf 88' lang='lat' dir='ltr'><strong>quibus</strong></span> <span class='ocrx_word' id='word_1_373' title='bbox 1442 2969 1631 3032; x_wconf 85' lang='lat' dir='ltr'><strong>uRutbenis</strong></span> <span class='ocrx_word' id='word_1_374' title='bbox 1651 2990 1819 3050; x_wconf 85' lang='lat' dir='ltr'><strong>nuncupan-</strong></span> 
     </span>
     <span class='ocr_line' id='line_1_31' title="bbox 156 3059 1267 3142; baseline 0 -17"><span class='ocrx_word' id='word_1_375' title='bbox 156 3066 279 3125; x_wconf 83' lang='lat' dir='ltr'><strong>sinistra</strong></span> <span class='ocrx_word' id='word_1_376' title='bbox 298 3059 520 3129; x_wconf 87' lang='lat' dir='ltr'><strong>descendendo,</strong></span> <span class='ocrx_word' id='word_1_377' title='bbox 539 3066 608 3119; x_wconf 87' lang='lat' dir='ltr'><strong>sunt</strong></span> <span class='ocrx_word' id='word_1_378' title='bbox 630 3060 743 3123; x_wconf 84' lang='lat' dir='ltr'><strong>Calaml</strong></span> <span class='ocrx_word' id='word_1_379' title='bbox 765 3063 883 3140; x_wconf 89' lang='lat' dir='ltr'><strong>populi,</strong></span> <span class='ocrx_word' id='word_1_380' title='bbox 909 3065 959 3142; x_wconf 90' lang='lat' dir='ltr'><strong>qni</strong></span> <span class='ocrx_word' id='word_1_381' title='bbox 1013 3071 1074 3135; x_wconf 91' lang='lat' dir='ltr'><strong>tur,</strong></span> <span class='ocrx_word' id='word_1_382' title='bbox 1096 3084 1170 3125; x_wconf 86' lang='lat' dir='ltr'><strong>usus</strong></span> <span class='ocrx_word' id='word_1_383' title='bbox 1190 3083 1267 3125; x_wconf 87' lang='lat' dir='ltr'><strong>snm.</strong></span> 
     </span>
     <span class='ocr_line' id='line_1_32' title="bbox 156 3151 1820 3234; baseline -0.002 -17"><span class='ocrx_word' id='word_1_384' title='bbox 156 3158 195 3217; x_wconf 90' lang='lat' dir='ltr'><strong>ab</strong></span> <span class='ocrx_word' id='word_1_385' title='bbox 215 3153 333 3215; x_wconf 86' lang='lat' dir='ltr'><strong>Obiova</strong></span> <span class='ocrx_word' id='word_1_386' title='bbox 355 3161 386 3213; x_wconf 88' lang='lat' dir='ltr'><strong>et</strong></span> <span class='ocrx_word' id='word_1_387' title='bbox 406 3151 527 3231; x_wconf 81' lang='lat' dir='ltr'><strong>Pegusa</strong></span> <span class='ocrx_word' id='word_1_388' title='bbox 552 3173 588 3212; x_wconf 86' lang='lat' dir='ltr'><strong>co</strong></span> <span class='ocrx_word' id='word_1_389' title='bbox 609 3156 842 3233; x_wconf 86' lang='lat' dir='ltr'><strong>commigrarunt</strong></span> <span class='ocrx_word' id='word_1_390' title='bbox 882 3156 960 3218; x_wconf 84' lang='lat' dir='ltr'><strong>lnlra</strong></span> <span class='ocrx_word' id='word_1_391' title='bbox 1089 3156 1172 3228; x_wconf 88' lang='lat' dir='ltr'><strong>Nos,</strong></span> <span class='ocrx_word' id='word_1_392' title='bbox 1197 3155 1350 3216; x_wconf 84' lang='lat' dir='ltr'><strong>Rntbenis</strong></span> <span class='ocrx_word' id='word_1_393' title='bbox 1368 3174 1461 3215; x_wconf 88' lang='lat' dir='ltr'><strong>nasus</strong></span> <span class='ocrx_word' id='word_1_394' title='bbox 1477 3154 1598 3216; x_wconf 89' lang='lat' dir='ltr'><strong>dicitur:</strong></span> <span class='ocrx_word' id='word_1_395' title='bbox 1621 3175 1680 3234; x_wconf 91' lang='lat' dir='ltr'><strong>quo</strong></span> <span class='ocrx_word' id='word_1_396' title='bbox 1700 3156 1820 3215; x_wconf 90' lang='lat' dir='ltr'><strong>nomine</strong></span> 
     </span>
     <span class='ocr_line' id='line_1_33' title="bbox 157 3244 1819 3330; baseline -0.002 -20"><span class='ocrx_word' id='word_1_397' title='bbox 157 3248 220 3310; x_wconf 84' lang='lat' dir='ltr'><strong>Obi</strong></span> <span class='ocrx_word' id='word_1_398' title='bbox 239 3246 420 3309; x_wconf 79' lang='lat' dir='ltr'><strong>adAuream</strong></span> <span class='ocrx_word' id='word_1_399' title='bbox 438 3265 536 3316; x_wconf 89' lang='lat' dir='ltr'><strong>anum,</strong></span> <span class='ocrx_word' id='word_1_400' title='bbox 556 3247 606 3305; x_wconf 89' lang='lat' dir='ltr'><strong>ubi</strong></span> <span class='ocrx_word' id='word_1_401' title='bbox 618 3244 678 3306; x_wconf 90' lang='lat' dir='ltr'><strong>0bi</strong></span> <span class='ocrx_word' id='word_1_402' title='bbox 692 3245 847 3308; x_wconf 81' lang='lat' dir='ltr'><strong>Oceanum</strong></span> <span class='ocrx_word' id='word_1_403' title='bbox 866 3250 959 3327; x_wconf 84' lang='lat' dir='ltr'><strong>ingre</strong></span> <span class='ocrx_word' id='word_1_404' title='bbox 1014 3249 1210 3330; x_wconf 86' lang='lat' dir='ltr'><strong>promontoria</strong></span> <span class='ocrx_word' id='word_1_405' title='bbox 1228 3247 1267 3308; x_wconf 90' lang='lat' dir='ltr'><strong>ud</strong></span> <span class='ocrx_word' id='word_1_406' title='bbox 1286 3249 1353 3308; x_wconf 85' lang='lat' dir='ltr'><strong>nasi</strong></span> <span class='ocrx_word' id='word_1_407' title='bbox 1372 3246 1593 3307; x_wconf 87' lang='lat' dir='ltr'><strong>similitudinem</strong></span> <span class='ocrx_word' id='word_1_408' title='bbox 1612 3247 1642 3305; x_wconf 90' lang='lat' dir='ltr'><strong>in</strong></span> <span class='ocrx_word' id='word_1_409' title='bbox 1661 3266 1819 3328; x_wconf 76' lang='lat' dir='ltr'><strong>marepro</strong></span> 
     </span>
     <span class='ocr_line' id='line_1_34' title="bbox 156 3337 1453 3419; baseline 0 -17"><span class='ocrx_word' id='word_1_410' title='bbox 156 3342 245 3409; x_wconf 90' lang='lat' dir='ltr'><strong>ditur,</strong></span> <span class='ocrx_word' id='word_1_411' title='bbox 264 3338 343 3397; x_wconf 87' lang='lat' dir='ltr'><strong>duvii</strong></span> <span class='ocrx_word' id='word_1_412' title='bbox 364 3343 443 3407; x_wconf 88' lang='lat' dir='ltr'><strong>sunt,</strong></span> <span class='ocrx_word' id='word_1_413' title='bbox 464 3337 571 3407; x_wconf 85' lang='lat' dir='ltr'><strong>Sossa,</strong></span> <span class='ocrx_word' id='word_1_414' title='bbox 589 3337 731 3409; x_wconf 87' lang='lat' dir='ltr'><strong>Beresva,</strong></span> <span class='ocrx_word' id='word_1_415' title='bbox 752 3350 783 3400; x_wconf 88' lang='lat' dir='ltr'><strong>et</strong></span> <span class='ocrx_word' id='word_1_416' title='bbox 802 3339 959 3412; x_wconf 86' lang='lat' dir='ltr'><strong>Deuadim‚</strong></span> <span class='ocrx_word' id='word_1_417' title='bbox 1015 3344 1168 3411; x_wconf 79' lang='lat' dir='ltr'><strong>minentis,</strong></span> <span class='ocrx_word' id='word_1_418' title='bbox 1188 3342 1275 3418; x_wconf 90' lang='lat' dir='ltr'><strong>vulgo</strong></span> <span class='ocrx_word' id='word_1_419' title='bbox 1295 3340 1453 3419; x_wconf 86' lang='lat' dir='ltr'><strong>appellent.</strong></span> 
     </span>
     <span class='ocr_line' id='line_1_35' title="bbox 158 3429 1818 3514; baseline -0.002 -21"><span class='ocrx_word' id='word_1_420' title='bbox 158 3436 208 3514; x_wconf 88' lang='lat' dir='ltr'><strong>qui</strong></span> <span class='ocrx_word' id='word_1_421' title='bbox 229 3450 333 3491; x_wconf 89' lang='lat' dir='ltr'><strong>omncs</strong></span> <span class='ocrx_word' id='word_1_422' title='bbox 358 3449 395 3488; x_wconf 81' lang='lat' dir='ltr'><strong>ex</strong></span> <span class='ocrx_word' id='word_1_423' title='bbox 421 3435 521 3489; x_wconf 88' lang='lat' dir='ltr'><strong>monte</strong></span> <span class='ocrx_word' id='word_1_424' title='bbox 548 3430 671 3502; x_wconf 78' lang='lat' dir='ltr'><strong>Comen,</strong></span> <span class='ocrx_word' id='word_1_425' title='bbox 696 3431 877 3511; x_wconf 86' lang='lat' dir='ltr'><strong>Bolscbega,</strong></span> <span class='ocrx_word' id='word_1_426' title='bbox 905 3435 959 3493; x_wconf 87' lang='lat' dir='ltr'><strong>Po·</strong></span> <span class='ocrx_word' id='word_1_427' title='bbox 1090 3433 1211 3493; x_wconf 87' lang='lat' dir='ltr'><strong>Montes</strong></span> <span class='ocrx_word' id='word_1_428' title='bbox 1247 3434 1325 3495; x_wconf 87' lang='lat' dir='ltr'><strong>circu</strong></span> <span class='ocrx_word' id='word_1_429' title='bbox 1354 3431 1515 3492; x_wconf 84' lang='lat' dir='ltr'><strong>Peozoram</strong></span> <span class='ocrx_word' id='word_1_430' title='bbox 1552 3431 1670 3491; x_wconf 89' lang='lat' dir='ltr'><strong>fluvium</strong></span> <span class='ocrx_word' id='word_1_431' title='bbox 1689 3429 1818 3512; x_wconf 87' lang='lat' dir='ltr'><strong>Zemnoj</strong></span> 
     </span>
     <span class='ocr_line' id='line_1_36' title="bbox 153 3521 1819 3610; baseline 0 -27"><span class='ocrx_word' id='word_1_432' title='bbox 153 3531 251 3610; x_wconf 79' lang='lat' dir='ltr'><strong>jassa,</strong></span> <span class='ocrx_word' id='word_1_433' title='bbox 270 3521 460 3602; x_wconf 89' lang='lat' dir='ltr'><strong>scopulisque</strong></span> <span class='ocrx_word' id='word_1_434' title='bbox 479 3525 646 3604; x_wconf 85' lang='lat' dir='ltr'><strong>conjunctis</strong></span> <span class='ocrx_word' id='word_1_435' title='bbox 665 3525 806 3586; x_wconf 80' lang='lat' dir='ltr'><strong>oriuntur.</strong></span> <span class='ocrx_word' id='word_1_436' title='bbox 844 3528 894 3586; x_wconf 86' lang='lat' dir='ltr'><strong>Ab</strong></span> <span class='ocrx_word' id='word_1_437' title='bbox 911 3527 960 3586; x_wconf 89' lang='lat' dir='ltr'><strong>bis</strong></span> <span class='ocrx_word' id='word_1_438' title='bbox 1014 3528 1114 3607; x_wconf 71' lang='lat' dir='ltr'><strong>polae,</strong></span> <span class='ocrx_word' id='word_1_439' title='bbox 1134 3526 1165 3585; x_wconf 92' lang='lat' dir='ltr'><strong>id</strong></span> <span class='ocrx_word' id='word_1_440' title='bbox 1186 3531 1234 3587; x_wconf 86' lang='lat' dir='ltr'><strong>est</strong></span> <span class='ocrx_word' id='word_1_441' title='bbox 1244 3526 1389 3604; x_wconf 79' lang='lat' dir='ltr'><strong>Cingulus</strong></span> <span class='ocrx_word' id='word_1_442' title='bbox 1409 3523 1509 3585; x_wconf 88' lang='lat' dir='ltr'><strong>mnndi</strong></span> <span class='ocrx_word' id='word_1_443' title='bbox 1530 3523 1577 3582; x_wconf 91' lang='lat' dir='ltr'><strong>vol</strong></span> <span class='ocrx_word' id='word_1_444' title='bbox 1597 3529 1692 3583; x_wconf 87' lang='lat' dir='ltr'><strong>terrae</strong></span> <span class='ocrx_word' id='word_1_445' title='bbox 1713 3544 1819 3586; x_wconf 85' lang='lat' dir='ltr'><strong>vocan-</strong></span> 
     </span>
     <span class='ocr_line' id='line_1_37' title="bbox 158 3613 1820 3700; baseline -0.003 -19"><span class='ocrx_word' id='word_1_446' title='bbox 158 3617 330 3681; x_wconf 87' lang='lat' dir='ltr'><strong>llnruinibus</strong></span> <span class='ocrx_word' id='word_1_447' title='bbox 350 3632 546 3694; x_wconf 82' lang='lat' dir='ltr'><strong>quaecuuque</strong></span> <span class='ocrx_word' id='word_1_448' title='bbox 565 3613 743 3676; x_wconf 85' lang='lat' dir='ltr'><strong>adAuream</strong></span> <span class='ocrx_word' id='word_1_449' title='bbox 762 3638 849 3678; x_wconf 83' lang='lat' dir='ltr'><strong>anum</strong></span> <span class='ocrx_word' id='word_1_450' title='bbox 862 3640 957 3698; x_wconf 85' lang='lat' dir='ltr'><strong>usque</strong></span> <span class='ocrx_word' id='word_1_451' title='bbox 1013 3624 1070 3681; x_wconf 76' lang='lat' dir='ltr'><strong>tur,</strong></span> <span class='ocrx_word' id='word_1_452' title='bbox 1098 3618 1193 3700; x_wconf 88' lang='lat' dir='ltr'><strong>Pojas</strong></span> <span class='ocrx_word' id='word_1_453' title='bbox 1213 3620 1290 3678; x_wconf 90' lang='lat' dir='ltr'><strong>enim</strong></span> <span class='ocrx_word' id='word_1_454' title='bbox 1310 3617 1462 3678; x_wconf 84' lang='lat' dir='ltr'><strong>Rutbenis</strong></span> <span class='ocrx_word' id='word_1_455' title='bbox 1487 3616 1634 3693; x_wconf 82' lang='lat' dir='ltr'><strong>cingulum</strong></span> <span class='ocrx_word' id='word_1_456' title='bbox 1658 3617 1820 3694; x_wconf 78' lang='lat' dir='ltr'><strong>significat.</strong></span> 
     </span>
     <span class='ocr_line' id='line_1_38' title="bbox 156 3707 1818 3793; baseline -0.002 -20"><span class='ocrx_word' id='word_1_457' title='bbox 156 3717 264 3791; x_wconf 85' lang='lat' dir='ltr'><strong>gentes</strong></span> <span class='ocrx_word' id='word_1_458' title='bbox 292 3707 442 3777; x_wconf 85' lang='lat' dir='ltr'><strong>babitant,</strong></span> <span class='ocrx_word' id='word_1_459' title='bbox 471 3707 634 3784; x_wconf 88' lang='lat' dir='ltr'><strong>vectigales</strong></span> <span class='ocrx_word' id='word_1_460' title='bbox 663 3707 799 3770; x_wconf 89' lang='lat' dir='ltr'><strong>dicuntur</strong></span> <span class='ocrx_word' id='word_1_461' title='bbox 828 3712 958 3792; x_wconf 87' lang='lat' dir='ltr'><strong>Principi</strong></span> <span class='ocrx_word' id='word_1_462' title='bbox 1014 3709 1129 3789; x_wconf 32' lang='lat' dir='ltr'><strong>Lacus,</strong></span> <span class='ocrx_word' id='word_1_463' title='bbox 1142 3711 1239 3793; x_wconf 84' lang='lat' dir='ltr'><strong>Kitaj:</strong></span> <span class='ocrx_word' id='word_1_464' title='bbox 1272 3733 1291 3770; x_wconf 91' lang='lat' dir='ltr'><strong>a</strong></span> <span class='ocrx_word' id='word_1_465' title='bbox 1320 3732 1377 3789; x_wconf 92' lang='lat' dir='ltr'><strong>quo</strong></span> <span class='ocrx_word' id='word_1_466' title='bbox 1406 3729 1529 3786; x_wconf 84' lang='lat' dir='ltr'><strong>magnus</strong></span> <span class='ocrx_word' id='word_1_467' title='bbox 1556 3707 1642 3768; x_wconf 82' lang='lat' dir='ltr'><strong>Cban</strong></span> <span class='ocrx_word' id='word_1_468' title='bbox 1672 3707 1710 3768; x_wconf 88' lang='lat' dir='ltr'><strong>dc</strong></span> <span class='ocrx_word' id='word_1_469' title='bbox 1739 3709 1818 3769; x_wconf 82' lang='lat' dir='ltr'><strong>Cba·</strong></span> 
     </span>
     <span class='ocr_line' id='line_1_39' title="bbox 155 3800 1818 3883; baseline -0.007 -14"><span class='ocrx_word' id='word_1_470' title='bbox 155 3803 341 3869; x_wconf 73' lang='lat' dir='ltr'><strong>blesensium</strong></span> <span class='ocrx_word' id='word_1_471' title='bbox 1013 3803 1108 3874; x_wconf 85' lang='lat' dir='ltr'><strong>tbsie,</strong></span> <span class='ocrx_word' id='word_1_472' title='bbox 1147 3824 1232 3883; x_wconf 89' lang='lat' dir='ltr'><strong>quem</strong></span> <span class='ocrx_word' id='word_1_473' title='bbox 1263 3802 1360 3864; x_wconf 83' lang='lat' dir='ltr'><strong>Mosei</strong></span> <span class='ocrx_word' id='word_1_474' title='bbox 1393 3803 1470 3862; x_wconf 85' lang='lat' dir='ltr'><strong>Caur</strong></span> <span class='ocrx_word' id='word_1_475' title='bbox 1494 3800 1626 3882; x_wconf 84' lang='lat' dir='ltr'><strong>Kitejslri</strong></span> <span class='ocrx_word' id='word_1_476' title='bbox 1657 3800 1818 3878; x_wconf 84' lang='lat' dir='ltr'><strong>appellant,</strong></span> 
     </span>
     <span class='ocr_line' id='line_1_40' title="bbox 232 3891 1818 3970; baseline -0.001 -13"><span class='ocrx_word' id='word_1_477' title='bbox 232 3896 320 3957; x_wconf 86' lang='lat' dir='ltr'><strong>Zluta</strong></span> <span class='ocrx_word' id='word_1_478' title='bbox 339 3893 427 3963; x_wconf 87' lang='lat' dir='ltr'><strong>baba,</strong></span> <span class='ocrx_word' id='word_1_479' title='bbox 446 3891 477 3953; x_wconf 91' lang='lat' dir='ltr'><strong>id</strong></span> <span class='ocrx_word' id='word_1_480' title='bbox 498 3901 547 3953; x_wconf 84' lang='lat' dir='ltr'><strong>est</strong></span> <span class='ocrx_word' id='word_1_481' title='bbox 556 3892 659 3953; x_wconf 82' lang='lat' dir='ltr'><strong>Aureo</strong></span> <span class='ocrx_word' id='word_1_482' title='bbox 675 3913 760 3964; x_wconf 86' lang='lat' dir='ltr'><strong>cous,</strong></span> <span class='ocrx_word' id='word_1_483' title='bbox 780 3893 889 3956; x_wconf 88' lang='lat' dir='ltr'><strong>idolum</strong></span> <span class='ocrx_word' id='word_1_484' title='bbox 901 3900 958 3965; x_wconf 89' lang='lat' dir='ltr'><strong>est,</strong></span> <span class='ocrx_word' id='word_1_485' title='bbox 1015 3917 1120 3957; x_wconf 90' lang='lat' dir='ltr'><strong>nomen</strong></span> <span class='ocrx_word' id='word_1_486' title='bbox 1132 3896 1231 3960; x_wconf 87' lang='lat' dir='ltr'><strong>babet.</strong></span> <span class='ocrx_word' id='word_1_487' title='bbox 1254 3895 1340 3956; x_wconf 84' lang='lat' dir='ltr'><strong>Cban</strong></span> <span class='ocrx_word' id='word_1_488' title='bbox 1351 3900 1448 3954; x_wconf 87' lang='lat' dir='ltr'><strong>autem</strong></span> <span class='ocrx_word' id='word_1_489' title='bbox 1460 3893 1594 3954; x_wconf 85' lang='lat' dir='ltr'><strong>Tartaris</strong></span> <span class='ocrx_word' id='word_1_490' title='bbox 1607 3912 1704 3970; x_wconf 86' lang='lat' dir='ltr'><strong>regem</strong></span> <span class='ocrx_word' id='word_1_491' title='bbox 1718 3901 1818 3956; x_wconf 86' lang='lat' dir='ltr'><strong>sonat.</strong></span> 
     </span>
     <span class='ocr_line' id='line_1_41' title="bbox 159 3984 1817 4069; baseline -0.004 -18"><span class='ocrx_word' id='word_1_492' title='bbox 159 3989 200 4051; x_wconf 82' lang='lat' dir='ltr'><strong>ad</strong></span> <span class='ocrx_word' id='word_1_493' title='bbox 219 3989 280 4049; x_wconf 86' lang='lat' dir='ltr'><strong>Obi</strong></span> <span class='ocrx_word' id='word_1_494' title='bbox 300 3988 388 4056; x_wconf 84' lang='lat' dir='ltr'><strong>ostiu,</strong></span> <span class='ocrx_word' id='word_1_495' title='bbox 408 3987 437 4046; x_wconf 91' lang='lat' dir='ltr'><strong>in</strong></span> <span class='ocrx_word' id='word_1_496' title='bbox 459 3987 607 4063; x_wconf 87' lang='lat' dir='ltr'><strong>provincia</strong></span> <span class='ocrx_word' id='word_1_497' title='bbox 627 3984 759 4057; x_wconf 85' lang='lat' dir='ltr'><strong>Obdora,</strong></span> <span class='ocrx_word' id='word_1_498' title='bbox 779 3988 808 4047; x_wconf 92' lang='lat' dir='ltr'><strong>in</strong></span> <span class='ocrx_word' id='word_1_499' title='bbox 829 3986 958 4046; x_wconf 89' lang='lat' dir='ltr'><strong>ulteriori</strong></span> <span class='ocrx_word' id='word_1_500' title='bbox 1090 3988 1286 4069; x_wconf 85' lang='lat' dir='ltr'><strong>Lucomorjoe</strong></span> <span class='ocrx_word' id='word_1_501' title='bbox 1305 3988 1372 4047; x_wconf 85' lang='lat' dir='ltr'><strong>loca</strong></span> <span class='ocrx_word' id='word_1_502' title='bbox 1391 3987 1534 4046; x_wconf 87' lang='lat' dir='ltr'><strong>maritima</strong></span> <span class='ocrx_word' id='word_1_503' title='bbox 1560 3985 1720 4064; x_wconf 75' lang='lat' dir='ltr'><strong>sylvestria</strong></span> <span class='ocrx_word' id='word_1_504' title='bbox 1737 3992 1817 4056; x_wconf 86' lang='lat' dir='ltr'><strong>suot,</strong></span> 
     </span>
     <span class='ocr_line' id='line_1_42' title="bbox 157 4076 1817 4161; baseline -0.001 -20"><span class='ocrx_word' id='word_1_505' title='bbox 157 4082 223 4161; x_wconf 87' lang='lat' dir='ltr'><strong>ripa</strong></span> <span class='ocrx_word' id='word_1_506' title='bbox 241 4081 339 4139; x_wconf 88' lang='lat' dir='ltr'><strong>situm.</strong></span> <span class='ocrx_word' id='word_1_507' title='bbox 377 4078 549 4139; x_wconf 87' lang='lat' dir='ltr'><strong>Secundum</strong></span> <span class='ocrx_word' id='word_1_508' title='bbox 577 4078 638 4139; x_wconf 90' lang='lat' dir='ltr'><strong>0bi</strong></span> <span class='ocrx_word' id='word_1_509' title='bbox 663 4079 770 4149; x_wconf 85' lang='lat' dir='ltr'><strong>littora,</strong></span> <span class='ocrx_word' id='word_1_510' title='bbox 795 4080 959 4159; x_wconf 87' lang='lat' dir='ltr'><strong>vicinisque</strong></span> <span class='ocrx_word' id='word_1_511' title='bbox 1015 4101 1092 4159; x_wconf 90' lang='lat' dir='ltr'><strong>quae</strong></span> <span class='ocrx_word' id='word_1_512' title='bbox 1122 4082 1161 4140; x_wconf 92' lang='lat' dir='ltr'><strong>ab</strong></span> <span class='ocrx_word' id='word_1_513' title='bbox 1186 4081 1291 4140; x_wconf 86' lang='lat' dir='ltr'><strong>incolis</strong></span> <span class='ocrx_word' id='word_1_514' title='bbox 1317 4081 1383 4140; x_wconf 86' lang='lat' dir='ltr'><strong>sino</strong></span> <span class='ocrx_word' id='word_1_515' title='bbox 1403 4078 1472 4139; x_wconf 86' lang='lat' dir='ltr'><strong>ullis</strong></span> <span class='ocrx_word' id='word_1_516' title='bbox 1493 4077 1621 4139; x_wconf 85' lang='lat' dir='ltr'><strong>aedibus</strong></span> <span class='ocrx_word' id='word_1_517' title='bbox 1639 4076 1817 4140; x_wconf 85' lang='lat' dir='ltr'><strong>habitantur.</strong></span> 
     </span>
     <span class='ocr_line' id='line_1_43' title="bbox 157 4168 1817 4250; baseline -0.002 -16"><span class='ocrx_word' id='word_1_518' title='bbox 157 4175 265 4235; x_wconf 82' lang='lat' dir='ltr'><strong>circum</strong></span> <span class='ocrx_word' id='word_1_519' title='bbox 287 4169 454 4231; x_wconf 87' lang='lat' dir='ltr'><strong>lluminibne</strong></span> <span class='ocrx_word' id='word_1_520' title='bbox 475 4171 565 4231; x_wconf 87' lang='lat' dir='ltr'><strong>multu</strong></span> <span class='ocrx_word' id='word_1_521' title='bbox 577 4172 689 4249; x_wconf 86' lang='lat' dir='ltr'><strong>passim</strong></span> <span class='ocrx_word' id='word_1_522' title='bbox 701 4177 800 4232; x_wconf 83' lang='lat' dir='ltr'><strong>castre</strong></span> <span class='ocrx_word' id='word_1_523' title='bbox 811 4173 868 4231; x_wconf 86' lang='lat' dir='ltr'><strong>sita</strong></span> <span class='ocrx_word' id='word_1_524' title='bbox 879 4177 958 4241; x_wconf 86' lang='lat' dir='ltr'><strong>sunt,</strong></span> <span class='ocrx_word' id='word_1_525' title='bbox 1016 4171 1163 4244; x_wconf 86' lang='lat' dir='ltr'><strong>Quamvis</strong></span> <span class='ocrx_word' id='word_1_526' title='bbox 1189 4179 1285 4234; x_wconf 85' lang='lat' dir='ltr'><strong>autom</strong></span> <span class='ocrx_word' id='word_1_527' title='bbox 1300 4171 1447 4237; x_wconf 61' lang='lat' dir='ltr'><strong>,itinerarii</strong></span> <span class='ocrx_word' id='word_1_528' title='bbox 1472 4177 1576 4231; x_wconf 85' lang='lat' dir='ltr'><strong>unctor</strong></span> <span class='ocrx_word' id='word_1_529' title='bbox 1594 4168 1736 4250; x_wconf 83' lang='lat' dir='ltr'><strong>plurimae</strong></span> <span class='ocrx_word' id='word_1_530' title='bbox 1756 4170 1817 4230; x_wconf 87' lang='lat' dir='ltr'><strong>Lu·</strong></span> 
     </span>
     <span class='ocr_line' id='line_1_44' title="bbox 159 4260 1815 4346; baseline -0.004 -21"><span class='ocrx_word' id='word_1_531' title='bbox 159 4284 281 4345; x_wconf 92' lang='lat' dir='ltr'><strong>quorum</strong></span> <span class='ocrx_word' id='word_1_532' title='bbox 300 4260 409 4322; x_wconf 88' lang='lat' dir='ltr'><strong>domini</strong></span> <span class='ocrx_word' id='word_1_533' title='bbox 435 4281 539 4322; x_wconf 88' lang='lat' dir='ltr'><strong>omnes</strong></span> <span class='ocrx_word' id='word_1_534' title='bbox 564 4263 692 4343; x_wconf 90' lang='lat' dir='ltr'><strong>Principi</strong></span> <span class='ocrx_word' id='word_1_535' title='bbox 712 4263 886 4325; x_wconf 85' lang='lat' dir='ltr'><strong>Moseoviac</strong></span> <span class='ocrx_word' id='word_1_536' title='bbox 911 4264 959 4339; x_wconf 91' lang='lat' dir='ltr'><strong>(ut</strong></span> <span class='ocrx_word' id='word_1_537' title='bbox 983 4298 985 4319; x_wconf 78' lang='grc' dir='ltr'><strong>ι</strong></span> <span class='ocrx_word' id='word_1_538' title='bbox 1015 4267 1161 4346; x_wconf 85' lang='lat' dir='ltr'><strong>comorjae</strong></span> <span class='ocrx_word' id='word_1_539' title='bbox 1183 4269 1291 4343; x_wconf 91' lang='lat' dir='ltr'><strong>gentes</strong></span> <span class='ocrx_word' id='word_1_540' title='bbox 1315 4263 1438 4342; x_wconf 91' lang='lat' dir='ltr'><strong>principi</strong></span> <span class='ocrx_word' id='word_1_541' title='bbox 1464 4262 1637 4323; x_wconf 84' lang='lat' dir='ltr'><strong>Moscoviae</strong></span> <span class='ocrx_word' id='word_1_542' title='bbox 1662 4264 1815 4342; x_wconf 79' lang='lat' dir='ltr'><strong>subjectas</strong></span> 
     </span>
     <span class='ocr_line' id='line_1_45' title="bbox 160 4352 1815 4437; baseline -0.004 -17"><span class='ocrx_word' id='word_1_543' title='bbox 160 4357 273 4432; x_wconf 85' lang='lat' dir='ltr'><strong>lerunt)</strong></span> <span class='ocrx_word' id='word_1_544' title='bbox 291 4353 497 4433; x_wconf 85' lang='lat' dir='ltr'><strong>subjiciuntur.</strong></span> <span class='ocrx_word' id='word_1_545' title='bbox 535 4352 676 4425; x_wconf 81' lang='lat' dir='ltr'><strong>Narrant,</strong></span> <span class='ocrx_word' id='word_1_546' title='bbox 709 4376 774 4425; x_wconf 89' lang='lat' dir='ltr'><strong>sen,</strong></span> <span class='ocrx_word' id='word_1_547' title='bbox 799 4363 832 4416; x_wconf 92' lang='lat' dir='ltr'><strong>ut</strong></span> <span class='ocrx_word' id='word_1_548' title='bbox 858 4358 957 4417; x_wconf 88' lang='lat' dir='ltr'><strong>verius</strong></span> <span class='ocrx_word' id='word_1_549' title='bbox 1015 4377 1087 4418; x_wconf 90' lang='lat' dir='ltr'><strong>esse</strong></span> <span class='ocrx_word' id='word_1_550' title='bbox 1111 4357 1276 4417; x_wconf 82' lang='lat' dir='ltr'><strong>referebat:</strong></span> <span class='ocrx_word' id='word_1_551' title='bbox 1306 4361 1403 4415; x_wconf 85' lang='lat' dir='ltr'><strong>tamen</strong></span> <span class='ocrx_word' id='word_1_552' title='bbox 1430 4374 1498 4415; x_wconf 91' lang='lat' dir='ltr'><strong>cum</strong></span> <span class='ocrx_word' id='word_1_553' title='bbox 1524 4358 1554 4417; x_wconf 92' lang='lat' dir='ltr'><strong>in</strong></span> <span class='ocrx_word' id='word_1_554' title='bbox 1574 4358 1735 4437; x_wconf 85' lang='lat' dir='ltr'><strong>propinquo</strong></span> <span class='ocrx_word' id='word_1_555' title='bbox 1754 4352 1815 4413; x_wconf 82' lang='lat' dir='ltr'><strong>Re</strong></span> 
     </span>
     <span class='ocr_line' id='line_1_46' title="bbox 157 4444 1817 4530; baseline -0.001 -24"><span class='ocrx_word' id='word_1_556' title='bbox 157 4452 263 4520; x_wconf 79' lang='lat' dir='ltr'><strong>dicum,</strong></span> <span class='ocrx_word' id='word_1_557' title='bbox 276 4446 450 4515; x_wconf 77' lang='lat' dir='ltr'><strong>fabulantur,</strong></span> <span class='ocrx_word' id='word_1_558' title='bbox 462 4444 520 4504; x_wconf 90' lang='lat' dir='ltr'><strong>boc</strong></span> <span class='ocrx_word' id='word_1_559' title='bbox 535 4444 643 4504; x_wconf 90' lang='lat' dir='ltr'><strong>idolum</strong></span> <span class='ocrx_word' id='word_1_560' title='bbox 656 4448 783 4507; x_wconf 80' lang='lat' dir='ltr'><strong>Auream</strong></span> <span class='ocrx_word' id='word_1_561' title='bbox 800 4468 887 4508; x_wconf 90' lang='lat' dir='ltr'><strong>anum</strong></span> <span class='ocrx_word' id='word_1_562' title='bbox 899 4455 957 4509; x_wconf 88' lang='lat' dir='ltr'><strong>sta·</strong></span> <span class='ocrx_word' id='word_1_563' title='bbox 1014 4470 1102 4530; x_wconf 87' lang='lat' dir='ltr'><strong>gnum</strong></span> <span class='ocrx_word' id='word_1_564' title='bbox 1122 4450 1236 4511; x_wconf 81' lang='lat' dir='ltr'><strong>Tumen</strong></span> <span class='ocrx_word' id='word_1_565' title='bbox 1257 4448 1311 4519; x_wconf 88' lang='lat' dir='ltr'><strong>sit,</strong></span> <span class='ocrx_word' id='word_1_566' title='bbox 1332 4449 1419 4528; x_wconf 87' lang='lat' dir='ltr'><strong>cujus</strong></span> <span class='ocrx_word' id='word_1_567' title='bbox 1440 4450 1578 4530; x_wconf 88' lang='lat' dir='ltr'><strong>princeps</strong></span> <span class='ocrx_word' id='word_1_568' title='bbox 1598 4449 1740 4511; x_wconf 83' lang='lat' dir='ltr'><strong>Tartarus</strong></span> <span class='ocrx_word' id='word_1_569' title='bbox 1758 4455 1817 4516; x_wconf 87' lang='lat' dir='ltr'><strong>est,</strong></span> 
     </span>
     <span class='ocr_line' id='line_1_47' title="bbox 158 4536 1817 4619; baseline 0.001 -22"><span class='ocrx_word' id='word_1_570' title='bbox 158 4552 240 4607; x_wconf 69' lang='lat' dir='ltr'><strong>tuum</strong></span> <span class='ocrx_word' id='word_1_571' title='bbox 250 4536 505 4611; x_wconf 80' lang='lat' dir='ltr'><strong>esae,iol&#39;ormam</strong></span> <span class='ocrx_word' id='word_1_572' title='bbox 517 4536 670 4618; x_wconf 86' lang='lat' dir='ltr'><strong>cujusdem</strong></span> <span class='ocrx_word' id='word_1_573' title='bbox 683 4558 854 4619; x_wconf 66' lang='lat' dir='ltr'><strong>enumquam</strong></span> <span class='ocrx_word' id='word_1_574' title='bbox 868 4541 958 4601; x_wconf 83' lang='lat' dir='ltr'><strong>filium</strong></span> <span class='ocrx_word' id='word_1_575' title='bbox 1015 4547 1045 4602; x_wconf 86' lang='lat' dir='ltr'><strong>et</strong></span> <span class='ocrx_word' id='word_1_576' title='bbox 1064 4541 1220 4603; x_wconf 85' lang='lat' dir='ltr'><strong>vernacula</strong></span> <span class='ocrx_word' id='word_1_577' title='bbox 1240 4561 1340 4601; x_wconf 87' lang='lat' dir='ltr'><strong>eorum</strong></span> <span class='ocrx_word' id='word_1_578' title='bbox 1360 4541 1462 4619; x_wconf 90' lang='lat' dir='ltr'><strong>lingua</strong></span> <span class='ocrx_word' id='word_1_579' title='bbox 1481 4540 1644 4603; x_wconf 78' lang='lat' dir='ltr'><strong>Tumenslri</strong></span> <span class='ocrx_word' id='word_1_580' title='bbox 1666 4540 1757 4609; x_wconf 82' lang='lat' dir='ltr'><strong>Czar,</strong></span> <span class='ocrx_word' id='word_1_581' title='bbox 1785 4539 1817 4599; x_wconf 85' lang='lat' dir='ltr'><strong>id</strong></span> 
     </span>
     <span class='ocr_line' id='line_1_48' title="bbox 158 4630 1818 4717; baseline -0.003 -20"><span class='ocrx_word' id='word_1_582' title='bbox 158 4640 187 4699; x_wconf 93' lang='lat' dir='ltr'><strong>in</strong></span> <span class='ocrx_word' id='word_1_583' title='bbox 206 4637 318 4717; x_wconf 88' lang='lat' dir='ltr'><strong>gremio</strong></span> <span class='ocrx_word' id='word_1_584' title='bbox 338 4635 454 4692; x_wconf 85' lang='lat' dir='ltr'><strong>teneat:</strong></span> <span class='ocrx_word' id='word_1_585' title='bbox 476 4636 564 4711; x_wconf 85' lang='lat' dir='ltr'><strong>atque</strong></span> <span class='ocrx_word' id='word_1_586' title='bbox 584 4630 624 4689; x_wconf 90' lang='lat' dir='ltr'><strong>ibi</strong></span> <span class='ocrx_word' id='word_1_587' title='bbox 640 4632 703 4710; x_wconf 91' lang='lat' dir='ltr'><strong>jam</strong></span> <span class='ocrx_word' id='word_1_588' title='bbox 723 4630 819 4691; x_wconf 88' lang='lat' dir='ltr'><strong>denuo</strong></span> <span class='ocrx_word' id='word_1_589' title='bbox 835 4633 957 4693; x_wconf 86' lang='lat' dir='ltr'><strong>alterum</strong></span> <span class='ocrx_word' id='word_1_590' title='bbox 1013 4635 1140 4695; x_wconf 83' lang='lat' dir='ltr'><strong>estch</strong></span> <span class='ocrx_word' id='word_1_591' title='bbox 1159 4632 1314 4694; x_wconf 83' lang='lat' dir='ltr'><strong>inTumen</strong></span> <span class='ocrx_word' id='word_1_592' title='bbox 1334 4632 1515 4714; x_wconf 83' lang='lat' dir='ltr'><strong>appellatur,</strong></span> <span class='ocrx_word' id='word_1_593' title='bbox 1534 4631 1818 4708; x_wconf 80' lang='lat' dir='ltr'><strong>magnaquedumno</strong></span> 
     </span>
     <span class='ocr_line' id='line_1_49' title="bbox 156 4719 1815 4807; baseline -0.007 -16"><span class='ocrx_word' id='word_1_594' title='bbox 156 4732 237 4792; x_wconf 88' lang='lat' dir='ltr'><strong>cerni</strong></span> <span class='ocrx_word' id='word_1_595' title='bbox 257 4726 407 4794; x_wconf 77' lang='lat' dir='ltr'><strong>infantem,</strong></span> <span class='ocrx_word' id='word_1_596' title='bbox 427 4742 512 4802; x_wconf 90' lang='lat' dir='ltr'><strong>quem</strong></span> <span class='ocrx_word' id='word_1_597' title='bbox 534 4725 601 4804; x_wconf 86' lang='lat' dir='ltr'><strong>ejus</strong></span> <span class='ocrx_word' id='word_1_598' title='bbox 621 4729 757 4802; x_wconf 87' lang='lat' dir='ltr'><strong>nepotem</strong></span> <span class='ocrx_word' id='word_1_599' title='bbox 776 4744 847 4784; x_wconf 88' lang='lat' dir='ltr'><strong>esse</strong></span> <span class='ocrx_word' id='word_1_600' title='bbox 864 4727 958 4806; x_wconf 86' lang='lat' dir='ltr'><strong>ajunt.</strong></span> <span class='ocrx_word' id='word_1_601' title='bbox 1013 4726 1093 4788; x_wconf 87' lang='lat' dir='ltr'><strong>baud</strong></span> <span class='ocrx_word' id='word_1_602' title='bbox 1113 4727 1153 4785; x_wconf 89' lang='lat' dir='ltr'><strong>ita</strong></span> <span class='ocrx_word' id='word_1_603' title='bbox 1173 4726 1288 4807; x_wconf 88' lang='lat' dir='ltr'><strong>pridem</strong></span> <span class='ocrx_word' id='word_1_604' title='bbox 1307 4727 1433 4807; x_wconf 87' lang='lat' dir='ltr'><strong>principi</strong></span> <span class='ocrx_word' id='word_1_605' title='bbox 1442 4722 1614 4787; x_wconf 84' lang='lat' dir='ltr'><strong>bloseeriae</strong></span> <span class='ocrx_word' id='word_1_606' title='bbox 1633 4719 1742 4779; x_wconf 75' lang='lat' dir='ltr'><strong>intulitz</strong></span> <span class='ocrx_word' id='word_1_607' title='bbox 1764 4741 1815 4780; x_wconf 88' lang='lat' dir='ltr'><strong>ve·</strong></span> 
     </span>
     <span class='ocr_line' id='line_1_50' title="bbox 156 4810 1814 4900; baseline -0.008 -18"><span class='ocrx_word' id='word_1_608' title='bbox 156 4821 316 4884; x_wconf 82' lang='lat' dir='ltr'><strong>Praeterea</strong></span> <span class='ocrx_word' id='word_1_609' title='bbox 342 4819 535 4877; x_wconf 77' lang='lat' dir='ltr'><strong>instrumenta</strong></span> <span class='ocrx_word' id='word_1_610' title='bbox 561 4813 706 4893; x_wconf 84' lang='lat' dir='ltr'><strong>quaedam</strong></span> <span class='ocrx_word' id='word_1_611' title='bbox 738 4815 778 4874; x_wconf 91' lang='lat' dir='ltr'><strong>ibi</strong></span> <span class='ocrx_word' id='word_1_612' title='bbox 807 4818 956 4895; x_wconf 86' lang='lat' dir='ltr'><strong>posuisse,</strong></span> <span class='ocrx_word' id='word_1_613' title='bbox 1013 4818 1133 4881; x_wconf 87' lang='lat' dir='ltr'><strong>risimile</strong></span> <span class='ocrx_word' id='word_1_614' title='bbox 1164 4829 1227 4890; x_wconf 90' lang='lat' dir='ltr'><strong>cst,</strong></span> <span class='ocrx_word' id='word_1_615' title='bbox 1258 4825 1378 4900; x_wconf 86' lang='lat' dir='ltr'><strong>propter</strong></span> <span class='ocrx_word' id='word_1_616' title='bbox 1402 4814 1535 4877; x_wconf 86' lang='lat' dir='ltr'><strong>viciniam</strong></span> <span class='ocrx_word' id='word_1_617' title='bbox 1553 4810 1610 4872; x_wconf 87' lang='lat' dir='ltr'><strong>bas</strong></span> <span class='ocrx_word' id='word_1_618' title='bbox 1628 4815 1735 4888; x_wconf 87' lang='lat' dir='ltr'><strong>gentes</strong></span> <span class='ocrx_word' id='word_1_619' title='bbox 1755 4812 1814 4890; x_wconf 76' lang='lat' dir='ltr'><strong>ipsi</strong></span> 
     </span>
     <span class='ocr_line' id='line_1_51' title="bbox 157 4905 1386 4995; baseline 0.001 -23"><span class='ocrx_word' id='word_1_620' title='bbox 157 4917 415 4993; x_wconf 83' lang='lat' dir='ltr'><strong>quaeporpeluum</strong></span> <span class='ocrx_word' id='word_1_621' title='bbox 426 4928 533 4970; x_wconf 85' lang='lat' dir='ltr'><strong>sonum</strong></span> <span class='ocrx_word' id='word_1_622' title='bbox 545 4909 576 4967; x_wconf 93' lang='lat' dir='ltr'><strong>in</strong></span> <span class='ocrx_word' id='word_1_623' title='bbox 587 4905 957 4973; x_wconf 85' lang='lat' dir='ltr'><strong>modumtuburumedunt.</strong></span> <span class='ocrx_word' id='word_1_624' title='bbox 1013 4913 1111 4993; x_wconf 90' lang='lat' dir='ltr'><strong>potius</strong></span> <span class='ocrx_word' id='word_1_625' title='bbox 1130 4912 1286 4995; x_wconf 85' lang='lat' dir='ltr'><strong>subjectus</strong></span> <span class='ocrx_word' id='word_1_626' title='bbox 1305 4930 1386 4973; x_wconf 81' lang='lat' dir='ltr'><strong>esso·</strong></span> 
     </span>
     <span class='ocr_line' id='line_1_52' title="bbox 159 4995 1814 5080; baseline -0.004 -15"><span class='ocrx_word' id='word_1_627' title='bbox 159 5002 251 5077; x_wconf 77' lang='lat' dir='ltr'><strong>Quoi</strong></span> <span class='ocrx_word' id='word_1_628' title='bbox 270 5004 298 5063; x_wconf 85' lang='lat' dir='ltr'><strong>sl</strong></span> <span class='ocrx_word' id='word_1_629' title='bbox 317 5005 359 5063; x_wconf 85' lang='lat' dir='ltr'><strong>ita</strong></span> <span class='ocrx_word' id='word_1_630' title='bbox 377 5008 435 5071; x_wconf 86' lang='lat' dir='ltr'><strong>est,</strong></span> <span class='ocrx_word' id='word_1_631' title='bbox 460 5001 598 5080; x_wconf 88' lang='lat' dir='ltr'><strong>equidem</strong></span> <span class='ocrx_word' id='word_1_632' title='bbox 619 5005 770 5061; x_wconf 82' lang='lat' dir='ltr'><strong>ventorum</strong></span> <span class='ocrx_word' id='word_1_633' title='bbox 791 4999 955 5062; x_wconf 85' lang='lat' dir='ltr'><strong>vehementi</strong></span> <span class='ocrx_word' id='word_1_634' title='bbox 1087 4999 1470 5065; x_wconf 61' lang='lat' dir='ltr'><strong>Achaemenium,</strong></span> <span class='ocrx_word' id='word_1_635' title='bbox 1502 4995 1589 5056; x_wconf 87' lang='lat' dir='ltr'><strong>euius</strong></span> <span class='ocrx_word' id='word_1_636' title='bbox 1609 4996 1637 5056; x_wconf 91' lang='lat' dir='ltr'><strong>in</strong></span> <span class='ocrx_word' id='word_1_637' title='bbox 1659 4995 1814 5059; x_wconf 81' lang='lat' dir='ltr'><strong>itinerario</strong></span> 
     </span>
    </p>
   </div>
   <div class='ocr_carea' id='block_1_4' title="bbox 157 5085 1813 5269">
    <p class='ocr_par' dir='ltr' id='par_1_4' title="bbox 157 5085 1813 5269">
     <span class='ocr_line' id='line_1_53' title="bbox 157 5085 1813 5175; baseline -0.001 -22"><span class='ocrx_word' id='word_1_638' title='bbox 157 5101 191 5159; x_wconf 80' lang='lat' dir='ltr'><strong>at</strong></span> <span class='ocrx_word' id='word_1_639' title='bbox 207 5099 348 5175; x_wconf 81' lang='lat' dir='ltr'><strong>perpetuo</strong></span> <span class='ocrx_word' id='word_1_640' title='bbox 368 5095 398 5153; x_wconf 90' lang='lat' dir='ltr'><strong>iu</strong></span> <span class='ocrx_word' id='word_1_641' title='bbox 415 5114 453 5155; x_wconf 82' lang='lat' dir='ltr'><strong>ea</strong></span> <span class='ocrx_word' id='word_1_642' title='bbox 472 5097 696 5156; x_wconf 84' lang='lat' dir='ltr'><strong>instrummontu</strong></span> <span class='ocrx_word' id='word_1_643' title='bbox 715 5093 858 5154; x_wconf 87' lang='lat' dir='ltr'><strong>llatulieri</strong></span> <span class='ocrx_word' id='word_1_644' title='bbox 872 5101 953 5175; x_wconf 88' lang='lat' dir='ltr'><strong>puto.</strong></span> <span class='ocrx_word' id='word_1_645' title='bbox 1011 5097 1122 5156; x_wconf 92' lang='lat' dir='ltr'><strong>mentio</strong></span> <span class='ocrx_word' id='word_1_646' title='bbox 1143 5097 1187 5169; x_wconf 87' lang='lat' dir='ltr'><strong>lit,</strong></span> <span class='ocrx_word' id='word_1_647' title='bbox 1218 5097 1325 5159; x_wconf 74' lang='lat' dir='ltr'><strong>civitm</strong></span> <span class='ocrx_word' id='word_1_648' title='bbox 1342 5098 1373 5149; x_wconf 88' lang='lat' dir='ltr'><strong>et</strong></span> <span class='ocrx_word' id='word_1_649' title='bbox 1392 5092 1521 5148; x_wconf 86' lang='lat' dir='ltr'><strong>castrum</strong></span> <span class='ocrx_word' id='word_1_650' title='bbox 1542 5085 1653 5169; x_wconf 86' lang='lat' dir='ltr'><strong>Papio,</strong></span> <span class='ocrx_word' id='word_1_651' title='bbox 1679 5107 1735 5148; x_wconf 85' lang='lat' dir='ltr'><strong>seu</strong></span> <span class='ocrx_word' id='word_1_652' title='bbox 1756 5089 1813 5152; x_wconf 86' lang='lat' dir='ltr'><strong>Pa·</strong></span> 
     </span>
     <span class='ocr_line' id='line_1_54' title="bbox 231 5178 1811 5269; baseline -0.006 -20"><span class='ocrx_word' id='word_1_653' title='bbox 231 5184 346 5249; x_wconf 76' lang='lat' dir='ltr'><strong>cruia</strong></span> <span class='ocrx_word' id='word_1_654' title='bbox 368 5184 475 5249; x_wconf 77' lang='lat' dir='ltr'><strong>fluvius</strong></span> <span class='ocrx_word' id='word_1_655' title='bbox 505 5207 545 5249; x_wconf 81' lang='lat' dir='ltr'><strong>ex</strong></span> <span class='ocrx_word' id='word_1_656' title='bbox 582 5188 730 5251; x_wconf 74' lang='lat' dir='ltr'><strong>memfibos</strong></span> <span class='ocrx_word' id='word_1_657' title='bbox 759 5186 955 5269; x_wconf 78' lang='lat' dir='ltr'><strong>bucomorjae</strong></span> <span class='ocrx_word' id='word_1_658' title='bbox 1010 5189 1299 5269; x_wconf 76' lang='lat' dir='ltr'><strong>pinowgoradsltun</strong></span> <span class='ocrx_word' id='word_1_659' title='bbox 1311 5187 1375 5245; x_wconf 77' lang='lat' dir='ltr'><strong>eet:</strong></span> <span class='ocrx_word' id='word_1_660' title='bbox 1393 5178 1484 5262; x_wconf 78' lang='lat' dir='ltr'><strong>liujus</strong></span> <span class='ocrx_word' id='word_1_661' title='bbox 1492 5181 1613 5243; x_wconf 83' lang='lat' dir='ltr'><strong>accolae</strong></span> <span class='ocrx_word' id='word_1_662' title='bbox 1627 5180 1741 5260; x_wconf 85' lang='lat' dir='ltr'><strong>Papini,</strong></span> <span class='ocrx_word' id='word_1_663' title='bbox 1761 5183 1811 5259; x_wconf 87' lang='lat' dir='ltr'><strong>qui</strong></span> 
     </span>
    </p>
   </div>
   <div class='ocr_carea' id='block_1_5' title="bbox 0 0 1879 5626">
    <p class='ocr_par' dir='ltr' id='par_1_5' title="bbox 0 0 1879 5626">
     <span class='ocr_line' id='line_1_55' title="bbox 0 0 1879 5626; baseline 0 0"><span class='ocrx_word' id='word_1_664' title='bbox 0 0 1879 5626; x_wconf 95' lang='lat' dir='ltr'><strong> </strong></span> 
     </span>
    </p>
   </div>
  </div>
 </body>
</html>
