3742 5626
102 148 157 209 lte
640 141 876 207 unanimum
897 141 1220 206 nmossnsrnrn'n

101 329 187 391 quem
207 312 301 390 primo
322 329 340 369 a
360 314 445 388 pstrc
465 324 521 367 suo
543 303 701 386 disciplina
723 305 838 365 militari
853 308 903 365 im·
962 306 1007 364 rio
1027 324 1117 385 opero
1136 324 1191 386 per
1210 304 1350 386 Casplam
1372 303 1478 364 llumen
1498 313 1588 383 ponte
1609 301 1767 382 lactoper·

102 403 204 464 butum
229 403 259 460 in
284 402 417 480 proxima
442 394 629 478 expeditione
653 397 818 458 l’olotiensi
845 395 902 457 sub
962 398 1051 458 venit.
1093 396 1150 459 llic
1179 405 1210 458 nl
1242 405 1404 470 tormenta,
1429 413 1505 475 quae
1526 392 1654 456 adverso
1676 392 1769 454 Dunn

102 493 237 555 blieletio
264 512 332 553 eum
363 490 409 552 ala
436 492 565 569 equitum
596 488 721 551 militare
752 492 903 569 jusserat:
962 485 1076 550 tardius
1095 487 1364 570 subsequebantur,
1385 495 1566 567 expectaret,
1585 487 1770 566 militemque

101 608 179 648 nurre
207 583 286 667 qnod
317 603 376 644 non
402 580 491 642 modo
523 585 552 642 in
582 581 724 663 periculis
757 579 905 642 obeundis
963 601 999 643 ex
1019 583 1123 642 itinere
1142 579 1285 659 reticeret,
1304 602 1340 643 ac
1366 580 1405 642 de
1425 581 1538 661 reliquo
1564 581 1670 640 itinere
1700 598 1770 639 con·

101 680 190 741 animi
210 672 440 755 magnitudinem
461 675 543 754 ejus,
578 673 634 735 sed
659 682 690 735 et
716 671 753 734 ad
781 675 904 754 quosvis
962 673 1061 734 silium
1081 681 1211 754 caperet,
1232 672 1310 736 diem
1329 693 1417 735 uuum
1432 671 1576 734 substitit
1618 669 1770 732 Velisium

103 772 243 833 militares
262 766 381 829 labores
401 764 573 828 tolerandos
585 763 824 848 promtitudinem
840 786 904 847 per·
961 764 1203 847 frequentissima
1225 766 1292 828 olim
1317 766 1389 827 urbs
1415 765 1525 836 sitisse,
1558 784 1729 845 nomenque
1753 785 1771 826 a

101 867 262 945 spexisset,
283 863 362 921 cirea
381 879 416 921 se
431 858 542 921 babere
554 861 734 933 instituerat,
753 854 905 938 adjungit3
962 856 1174 937 magnitudine,
1194 862 1281 940 cujus
1300 857 1389 921 bodie
1409 856 1507 919 adbuc
1527 854 1638 919 indicia
1658 855 1769 938 ampla·

102 976 138 1017 ea
159 955 273 1017 itineris
293 954 408 1013 ratione
427 953 626 1033 praescripta,
652 958 685 1011 ut
706 952 792 1030 justo
818 952 904 1011 inter·
931 956 934 1001 t
963 970 1027 1011 rum
1037 950 1184 1013 lassatum
1195 954 1322 1032 vestigia
1335 948 1481 1033 quaedam
1492 949 1531 1011 ab
1542 948 1659 1011 accolis
1670 958 1769 1010 osteu-

101 1047 178 1111 vallo
197 1045 342 1127 reliquum
362 1064 468 1124 agmen
493 1041 723 1125 praecederent3
753 1062 818 1102 cnm
839 1041 904 1102 reli·
963 1040 1088 1117 duntur,
1116 1046 1274 1124 accepisse
1293 1051 1422 1125 putatur.
1462 1042 1528 1104 Sub
1554 1042 1769 1105 Litbuanorun

101 1160 159 1221 quo
180 1140 311 1202 exercitu
330 1134 446 1198 medius
470 1139 536 1217 ipse
555 1133 729 1196 incedebat:
750 1132 904 1195 Stanislao
932 1188 936 1223 Ι
963 1136 1086 1215 imperio
1107 1156 1161 1216 per
1179 1156 1275 1217 pagos
1300 1145 1382 1198 totus
1403 1136 1452 1197 ille
1472 1156 1545 1215 ager
1565 1132 1770 1209 habitabatur,

101 1231 253 1306 Zolberio,
273 1236 380 1313 postea
399 1227 539 1288 Palatino
559 1227 707 1300 Belsense
722 1225 782 1287 sibi
794 1227 903 1307 legato,
933 1234 936 1281 Ι
962 1234 1120 1307 postquam
1130 1228 1302 1290 blascoviae
1321 1229 1425 1290 Duces
1446 1227 1516 1290 alibi
1538 1230 1701 1309 occupatis
1715 1226 1768 1287 Re·

102 1328 151 1407 qui
171 1334 202 1386 et
222 1332 311 1385 autea
330 1325 361 1383 in
379 1317 506 1382 Podalia
526 1319 582 1381 sub
603 1319 729 1380 Nicolao
751 1318 903 1380 Sieniavio
933 1300 936 1337 ¹
962 1316 1053 1396 gibus
1072 1319 1217 1381 l’oloniae
1237 1318 1359 1383 ditionis
1381 1341 1456 1382 suae
1476 1323 1631 1398 regionem
1648 1340 1719 1381 eam
1733 1318 1768 1381 le·

101 1418 239 1480 Palatino
258 1414 390 1477 Russiae
420 1420 524 1474 corrtm
548 1411 691 1473 Tartaron
721 1432 775 1493 pro
804 1411 903 1489 legato
932 1346 936 1467 l
963 1412 1086 1487 cissent,
1106 1420 1206 1473 rastro
1227 1418 1315 1475 etiam
1335 1413 1453 1474 Velisio
1472 1417 1564 1475 veteri
1586 1416 1714 1473 nomine
1730 1434 1768 1473 re

102 1512 251 1573 exereitus
280 1514 406 1569 rexerat.
445 1503 530 1567 lllum
560 1503 770 1586 impedimento
799 1524 904 1585 seque·
962 1510 1055 1579 tento,
1075 1504 1371 1586 coutrapraesidium
1383 1505 1596 1568 Vitebscieuse
1614 1524 1769 1567 enmeou·

103 1603 225 1665 bantur:
244 1621 321 1683 quae
340 1599 466 1679 agminis
486 1616 557 1679 pars
578 1600 719 1679 majorem
732 1596 902 1678 lere,quam
963 1598 1142 1670 munierant3
1163 1619 1199 1658 ex
1225 1600 1361 1659 instituto
1387 1604 1541 1679 praeterea
1564 1618 1625 1659 sno
1646 1617 1718 1659 eum
1736 1598 1769 1659 ab

101 1696 233 1777 reliquae
254 1690 456 1753 difficultatem
475 1688 625 1751 babebat:
645 1698 803 1771 propterea
823 1685 903 1771 quod
962 1688 1186 1769 aliispartibus,
1206 1698 1269 1749 tum
1279 1688 1628 1762 maximeCisduuana,a
1640 1712 1704 1773 qua
1716 1700 1769 1753 tas

101 1792 127 1849 si
149 1790 179 1847 in
199 1792 282 1851 tanta
301 1803 450 1845 carrorum
470 1786 695 1845 etsemitiorum
709 1780 904 1855 multitudiue,
964 1779 1118 1852 Velisium,
1139 1801 1227 1863 qnam
1239 1780 1404 1859 Vitebseia,
1425 1781 1554 1865 enquod
1576 1792 1692 1865 postes
1707 1804 1768 1844 coa·

102 1900 159 1963 qua
180 1881 210 1939 in
229 1876 402 1957 regionibus
426 1877 521 1937 vastis
546 1894 648 1936 carere
673 1878 820 1936 exercitus
844 1894 904 1935 uon
963 1872 1056 1935 ditum
1075 1872 1140 1945 init,
1161 1878 1322 1937 Suraszum
1342 1876 1401 1937 sita
1421 1885 1504 1948 sunt,
1531 1873 1615 1956 quod
1635 1896 1707 1937 οιιιιι
1726 1878 1768 1935 mi·

100 1979 227 2056 poteret,
246 1978 347 2031 mutuo
368 1987 404 2030 ea
423 1969 501 2029 inter
519 1986 554 2027 se
571 1966 800 2048 implicarentur,
818 1965 894 2028 velue
962 1965 1040 2026 nime
1060 1975 1164 2047 patere
1183 1966 1301 2042 vellent,
1322 1970 1465 2029 inviarum
1485 1968 1630 2029 silvarum
1652 1968 1768 2047 objectu

101 2072 214 2127 menter
234 2082 300 2125 eam
318 2062 551 2122 remexercitum
564 2062 670 2120 morari
689 2079 817 2121 neeesse
831 2067 905 2122 erat.
963 2057 1188 2140 impedlversut.
1208 2058 1296 2121 More
1317 2063 1395 2121 enim
1413 2080 1469 2121 sno
1485 2080 1591 2139 agnam
1613 2059 1699 2121 bosti
1710 2080 1767 2141 pro

102 2158 179 2220 lluic
200 2159 243 2218 rei
264 2158 305 2217 ita
326 2155 471 2228 occurrit,
495 2159 529 2211 ut
556 2153 758 2213 urriversorum
783 2150 905 2234 impedi·

102 2258 265 2313 mentorum
284 2266 391 2326 agmen
412 2248 524 2305 intres
550 2240 671 2304 ordines
697 2242 905 2306 distribueret:

102 2352 133 2404 et
152 2362 211 2421 quo
230 2359 365 2421 quaeque
384 2346 497 2398 turmae
517 2342 569 2397 aut
588 2336 727 2398 cobortes
747 2335 850 2407 ordine
864 2342 905 2398 iu·

103 2432 253 2508 cederent,
264 2429 369 2493 eodem
380 2426 600 2509 impedimenta,
621 2438 653 2491 ut
665 2449 847 2511 quomrnque
860 2450 905 2491 es·

101 2536 179 2597 seut,
199 2520 338 2586 incedere
354 2520 491 2603 juberet:
509 2520 638 2600 singulis
659 2542 807 2584 carrorum
830 2520 905 2583 ordi-

962 2154 1071 2212 xiurnm
1091 2172 1144 2233 per
1162 2151 1273 2233 aliquot
1294 2152 1384 2213 millia
1403 2173 1546 2234 passuum
1566 2149 1715 2215 studiose
1733 2154 1766 2211 iu·

963 2243 1072 2304 cultum
1092 2263 1129 2304 ac
1149 2241 1309 2315 desertum,
1331 2253 1362 2306 ut
1381 2245 1535 2327 plurimum
1554 2246 1664 2309 blosci
1690 2242 1766 2305 relio-

963 2342 1070 2415 quunt:
1110 2355 1169 2416 quo
1191 2336 1358 2399 crebrarum
1379 2336 1530 2411 arborum,
1555 2358 1636 2419 quas
1657 2339 1690 2398 in
1708 2335 1767 2399 solo

962 2446 1056 2488 vacuo
1076 2431 1177 2489 enasci
1199 2431 1313 2490 interim
1334 2449 1462 2491 necesse
1487 2438 1550 2501 est,
1576 2428 1766 2492 derisissima·

962 2540 1084 2601 rumque
1110 2520 1250 2581 silvarum
1282 2529 1422 2603 tauquam
1448 2521 1558 2584 vallum
1584 2522 1669 2585 besti
1698 2522 1767 2603 obji-

101 2618 191 2681 nibus
211 2638 230 2677 a
250 2614 348 2677 lronte
368 2623 399 2676 et
418 2635 436 2675 a
456 2621 541 2691 tergo
557 2614 640 2694 justa
666 2612 798 2696 peditum
818 2634 906 2677 uranu
964 2615 1060 2674 ciant:
1087 2616 1129 2675 ita
1149 2634 1184 2675 se
1210 2615 1335 2675 maxime
1355 2621 1437 2676 tutos
1459 2622 1564 2677 eontm
1583 2614 1710 2677 bostiles
1729 2618 1767 2675 in·

101 2707 251 2795 praesidia
273 2707 432 2769 attributas
460 2702 542 2787 quod
571 2724 629 2786 quo
662 2705 833 2786 diligentius
855 2708 905 2770 ob·
963 2708 1119 2767 cursiones
1131 2707 1346 2779 existimantes,
1365 2709 1392 2767 si
1408 2705 1538 2788 nudique
1558 2726 1643 2789 quam
1658 2710 1765 2766 rastis-

100 2811 284 2876 servaretur,
311 2820 368 2861 nec
398 2801 475 2861 inter
493 2817 529 2859 se
553 2818 657 2861 currus
677 2799 906 2881 implicarentur,
964 2802 1057 2860 simas
1077 2797 1256 2861 solitudines
1282 2798 1341 2860 sibi
1369 2796 1622 2861 circumdederint.
1672 2796 1765 2858 Sora·

101 2918 168 2961 eum
188 2890 385 2978 procederent
404 2887 623 2972 impedimenta,
643 2894 726 2953 initio
746 2896 776 2953 in
796 2903 904 2976 pacato
963 2911 1045 2952 szum
1071 2891 1255 2973 temporibus
1281 2888 1466 2971 Sigismundi
1485 2892 1619 2971 Augusti
1637 2888 1757 2972 Stepba

100 2986 337 3053 adVitebseiam
357 3004 376 3044 a
394 3004 429 3045 se
448 2983 538 3056 lacta,
559 2982 628 3045 inde
649 2983 783 3045 ordinum
804 2985 904 3048 ducto·
932 2994 936 3049 l
964 3003 1022 3043 uus
1050 2982 1233 3047 Zbarascius
1264 2984 1420 3046 Palatinus
1444 2988 1505 3043 tum
1525 2981 1766 3051 Vitebscieusis‚

99 3081 184 3143 ribus
204 3075 322 3151 tradito,
341 3095 395 3156 per
414 3079 496 3136 riees
516 3075 604 3136 binos
623 3096 742 3158 semper
756 3080 905 3160 inspicere
931 3054 936 3185 Ι
962 3097 1040 3137 nnnc
1061 3075 1234 3153 Trocensis,
1253 3075 1572 3147 veritusneUsriatae
1587 3084 1622 3137 et
1635 3074 1766 3157 Caspiae,

95 3170 233 3257 jubebat.
272 3170 443 3231 Extremum
463 3187 613 3229 carrorum
630 3170 671 3230 ita
683 3169 903 3232 incendentium
932 3192 935 3201 ·
963 3168 1071 3250 quibus
1092 3172 1122 3229 in
1141 3170 1261 3232 Duuam
1282 3169 1416 3245 inlinunt,
1447 3170 1549 3250 capita
1577 3166 1624 3231 ad
1654 3171 1763 3249 conjou

99 3286 205 3346 agmeu
225 3259 442 3323 selectissimae
462 3259 602 3321 cohortes
621 3258 904 3344 peditnmatqueul·
962 3259 1090 3341 gendam
1111 3261 1375 3324 Smolenseensem
1395 3268 1425 3322 et
1443 3261 1619 3323 Lucensem
1634 3260 1767 3323 ditionem

100 3361 171 3418 timo
191 3356 258 3415 loco
277 3352 344 3413 alae
363 3352 476 3432 aliquot
488 3353 617 3431 equitum
630 3350 818 3417 claudebant.
839 3355 904 3418 Ma·
931 3360 935 3445 l
962 3355 1125 3415 munitione
1145 3354 1244 3435 aliqua
1266 3354 1364 3416 bostis
1384 3362 1554 3437 occuparet,
1576 3352 1766 3435 quodeabs·

101 3460 167 3512 tura
183 3449 247 3527 jam
266 3446 297 3505 in
317 3445 414 3523 agris,
434 3463 493 3523 qua
513 3446 662 3505 exereitus
689 3447 745 3507 iter
764 3446 903 3521 iaciebat,
931 3466 935 3563 q
963 3450 1041 3509 urina
1068 3449 1110 3509 ita
1129 3469 1166 3509 ex
1185 3446 1313 3510 adverso
1339 3451 1369 3507 in
1389 3447 1507 3508 llunam
1533 3456 1719 3521 exonerant,
1740 3456 1769 3507 n

101 3541 262 3610 lmrmenta,
292 3556 329 3597 ac
354 3538 479 3597 maxime
498 3534 638 3616 pabulum
658 3547 738 3615 erat;
768 3560 835 3601 eum
854 3562 903 3604 au·
931 3612 934 3623 Ι
961 3539 1088 3602 Usviata
1109 3540 1223 3614 Lucos,
1243 3539 1357 3621 Caspia
1377 3538 1590 3601 Smolenseam
1617 3542 1768 3622 pertineat.

101 3644 159 3695 tem
180 3631 295 3710 Regem
324 3626 501 3689 Zaruoscius
530 3648 597 3688 eum
630 3628 743 3710 rebquo
773 3637 905 3695 exercitu
931 3628 934 3693 i
962 3631 1211 3714 praeveniendum
1231 3653 1297 3695 enm
1316 3640 1398 3693 ratus
1418 3631 1567 3694 subitario
1592 3652 1689 3715 opere
1700 3652 1767 3695 eon·

100 3724 205 3809 eadem
222 3724 270 3785 via
291 3719 522 3783 subsecuturum
543 3723 651 3798 sciret,
671 3724 701 3783 in
720 3733 824 3804 partes
843 3730 905 3787 nni·
930 3698 935 3793 i
963 3728 1115 3788 munierat
1154 3724 1220 3787 lloe
1247 3727 1277 3784 in
1302 3728 1400 3806 ipsum
1426 3727 1512 3806 quasi
1537 3725 1664 3787 initium
1692 3724 1768 3787 siba·

98 3837 216 3880 versum
235 3833 339 3895 agrum
359 3832 436 3889 enm,
455 3832 510 3894 per
529 3834 615 3894 quern
634 3818 691 3876 iter
700 3824 774 3892 erat,
793 3816 904 3881 descri-
930 3798 934 3877 i
962 3839 1026 3879 rum
1045 3819 1178 3880 incurrit.
1218 3816 1394 3879 Zamoscius
1407 3837 1474 3879 cum
1484 3815 1564 3880 duas
1576 3820 1768 3880 omninorias

100 3915 175 3995 psit:
196 3927 318 3992 quarum
338 3925 426 3969 unam
447 3906 598 3977 exercitui,
619 3909 668 3987 qui
688 3928 753 3969 eum
768 3909 904 3984 illoerat,
931 3966 934 3977 .
962 3908 1125 3973 secundum
1159 3918 1312 3991 utramque
1332 3909 1440 3971 Dunae
1470 3910 1569 3991 ripam
1602 3912 1767 3993 proposui!

100 4000 266 4067 metendam
287 3999 437 4081 permisit:
458 3996 588 4077 reliquas
609 4004 747 4081 sequenti
761 4002 809 4063 alii
821 4025 902 4065 exer·
932 4016 934 4031 '
962 4004 1020 4065 sibi
1041 4002 1164 4077 videret,
1185 4004 1422 4084 iutelligeretque
1442 4006 1469 4063 si
1485 4000 1765 4088 Utuadunampre

100 4098 171 4157 citui
192 4098 324 4171 integras
343 4092 457 4151 servari
473 4089 578 4169 jussit,
608 4111 754 4171 quaeres
782 4092 904 4175 diligen·
932 4096 934 4101 ’
963 4098 1151 4180 grederetur,
1180 4095 1227 4156 bis
1248 4094 1356 4157 llumen
1375 4092 1613 4157 transeundum:
1659 4110 1764 4183 pontu

99 4190 216 4249 tissime
234 4206 253 4246 a
273 4182 365 4243 milite
389 4180 548 4242 observata
582 4181 645 4244 luit.
687 4182 765 4265 Regi
799 4187 904 4250 eadem
961 4194 1085 4255 alterum
1105 4189 1162 4251 sub
1183 4188 1302 4249 Velisio
1322 4191 1351 4248 in
1372 4196 1537 4270 conspectu
1565 4193 1663 4269 qnasi
1684 4190 1763 4253 boelis

99 4274 414 4358 die,quaZamoscius
428 4282 570 4351 moverat,
580 4273 904 4343 Vitebsciamvenieuti
932 4266 935 4301 ¹
961 4282 1144 4346 laciendum:
1188 4285 1247 4344 etsi
1274 4279 1312 4342 de
1338 4281 1432 4342 altera
1451 4278 1632 4362 quaerendo
1653 4286 1762 4367 reperis

99 4370 294 4433 Litbuanieae
326 4367 431 4448 copiae
468 4374 528 4426 tam
554 4365 785 4448 stipendiariae,
815 4394 901 4455 quam
932 4440 934 4449 ¹
961 4378 1023 4454 bat,
1044 4397 1103 4439 uon
1125 4372 1275 4435 difficilem
1295 4371 1383 4434 modo
1403 4375 1530 4434 transitu
1543 4392 1641 4443 esses
1662 4376 1764 4440 sedric

98 4464 281 4527 voluntariae
299 4480 334 4521 se
355 4457 540 4532 obtulerunt,
559 4478 596 4520 eo
617 4469 648 4521 et
666 4482 788 4547 numero
807 4473 839 4526 et
859 4486 903 4527 or·
931 4476 934 4481 '
962 4469 1106 4549 singulari
1126 4468 1236 4529 bomini
1255 4470 1312 4528 iter
1330 4487 1384 4548 per
1404 4485 1469 4527 eam
1491 4484 1583 4527 esset
1613 4472 1764 4533 exercitu

98 4569 178 4634 natu,
200 4564 233 4618 ut
252 4553 416 4636 superioris
436 4553 505 4613 arud
527 4549 704 4614 detrimenta
714 4575 801 4616 nemo
812 4577 902 4637 agno·
930 4546 934 4615 l
960 4568 1031 4644 pest
1049 4558 1204 4622 Vitoldum
1224 4559 1340 4621 Ducem
1361 4565 1477 4621 centum
1502 4564 1678 4640 sexaginta
1695 4562 1765 4628 ad

98 4660 213 4719 scerct3
235 4644 323 4710 simul
342 4645 624 4725 Potonicaeeopiae
637 4646 805 4722 nonnullae,
826 4671 902 4732 quae
931 4712 933 4719 ,
962 4656 1107 4716 neminem
1127 4672 1163 4714 ea
1184 4650 1321 4725 duxisse;
1352 4672 1388 4713 ea
1417 4660 1515 4714 tamen
1539 4655 1585 4714 ire
1607 4658 1766 4720 eonem-'t

99 4738 390 4822 elonginquioribus
410 4737 509 4817 Regni
529 4738 605 4799 locis
636 4747 697 4800 tum
717 4742 842 4820 primum
862 4741 902 4807 ad
962 4747 1128 4810 basileam
1153 4748 1220 4826 ipse
1246 4764 1280 4805 se
1307 4744 1410 4804 inlert:
1451 4744 1591 4826 locisque
1621 4769 1684 4831 pa·
1706 4766 1767 4833 que

100 4839 258 4895 exereitum
277 4839 490 4914 pervenerant,
516 4832 670 4910 utriusque
693 4834 763 4893 item
784 4840 903 4914 generis
962 4835 1169 4922 patefacienda
1189 4839 1238 4898 via
1256 4845 1328 4909 erat,
1349 4835 1549 4917 perlustratis,
1570 4858 1615 4903 ac
1637 4840 1713 4905 iude
1730 4860 1766 4924 pr·

100 4934 159 4986 tam
177 4926 368 4997 voluntariae,
388 4943 475 5004 quam
485 4920 699 5003 stipendiariae
718 4944 828 4989 censae
842 4930 901 4992 lue·
930 4964 933 4983 ι
962 4931 1055 4995 ditum
1074 4932 1187 5012 aliquot
1206 4929 1379 4991 cohortibus
1407 4932 1569 5004 immissis,
1598 4938 1717 5015 partin
1733 4954 1767 4997 se·

101 5024 177 5077 mut.
223 5015 399 5077 Zamoscius
420 5018 581 5077 Suraszum
607 5015 733 5091 interim,
754 5020 834 5100 quod
855 5044 901 5085 ex·
962 5025 1082 5087 curibus
1102 5024 1195 5088 silvas
1216 5020 1352 5098 caedere,
1372 5020 1509 5100 ferroque
1535 5027 1627 5089 siam
1649 5030 1770 5113 aperire:

102 5122 225 5169 trermrm
245 5106 358 5181 Regiae
380 5105 501 5170 ditionis
523 5106 663 5189 oppidum
686 5120 763 5183 erat,
790 5113 900 5177 subita·
963 5117 1092 5197 reliquos
1120 5137 1209 5198 opere
1236 5118 1390 5195 neenpatis
1417 5114 1571 5195 praesidio
1608 5122 1768 5206 selopprllt
