3742 5626
786 212 970 269 aeroma.
1698 220 1729 272 17

61 365 139 426 larrnc
173 368 203 425 ia
234 362 349 424 modam
385 364 516 423 euerritur
546 386 623 425 arrrno
663 365 757 439 155s3
788 367 866 425 circa

61 458 268 538 Epiphaniam.

136 551 277 610 ilabebat
301 546 332 606 id
357 548 496 624 temporis
518 548 704 610 Teutonicas
722 548 869 627 dlagister

62 665 118 704 sex
140 644 262 702 militnm
285 640 498 699 Gennannrnm
519 643 637 712 vexilla,
665 663 742 720 qnos
766 642 868 701 adrer-

62 758 118 795 sns
140 736 254 808 itegem
269 732 410 791 i'nlnuiac
426 733 454 791 ia
467 735 560 792 aciem
574 734 756 810 produxerat.
779 737 869 812 igitur

63 849 142 885 anam
168 825 255 897 resa
281 825 360 883 circa
381 824 472 883 serias
496 824 656 885 dliclraelis
684 827 867 888 veredarium

66 920 186 993 aldenat
207 916 390 977 Teutonicus
410 916 557 994 dlagister
575 919 613 978 ad
632 919 771 996 diagnnn
784 921 867 981 dios·

68 1012 171 1069 coriae
182 1008 306 1077 lienem,
327 1009 496 1069 sciscitatur
514 1030 553 1071 aa
572 1010 735 1089 iegatosad
756 1034 792 1072 se
805 1015 868 1072 mit·

70 1111 133 1163 tere
153 1101 260 1161 debeat
278 1101 363 1178 pacis
382 1101 572 1163 diuturnioris
591 1102 750 1165 firmandae
767 1125 869 1174 causa,

66 1217 106 1255 aa
130 1214 197 1255 rere
219 1213 293 1270 pace
314 1200 450 1255 recusata
470 1194 578 1255 trellum
598 1197 698 1274 eligat.
733 1196 871 1276 Respon-

70 1287 122 1347 det
141 1285 325 1356 dinscnvins,
351 1286 525 1363 diagistrnm
551 1287 650 1347 adhue
675 1309 730 1347 sex
752 1290 871 1349 militurn

71 1379 183 1439 iralrcre
210 1377 335 1447 vexilla,
367 1399 444 1456 qnos
469 1400 589 1438 serrare
614 1392 775 1460 proponat,
800 1381 872 1441 nihii

64 1491 142 1547 opnrs
161 1490 233 1529 esse
243 1470 361 1546 legatis,
382 1470 460 1529 nolle
471 1492 507 1530 se
519 1471 557 1531 ad
569 1472 707 1533 inducias
720 1473 873 1552 compelli:

66 1564 115 1621 sia
142 1584 196 1621 eos
223 1562 368 1622 dimittere
394 1568 515 1642 paratas
540 1566 590 1633 sit,
617 1565 775 1625 mittendos
801 1586 873 1625 csse

66 1656 194 1732 ingratas,
215 1668 245 1713 et
267 1654 305 1711 de
324 1675 399 1734 pace
415 1656 579 1715 sancienda
592 1658 783 1717 tractandum.
805 1658 873 1717 llnc

70 1768 217 1826 responso
228 1753 361 1823 accepto,
381 1768 486 1806 omnes
495 1747 639 1809 Lirnaiae
649 1770 792 1829 proceres
804 1770 871 1810 cna-

67 1846 232 1915 gregantnr,
254 1839 373 1917 etquid
395 1839 563 1899 laciendum
585 1843 763 1903 consultant.
802 1841 874 1913 Qni-

67 1933 105 1992 da
111 1954 136 1991 m
157 1943 258 1992 aetate
278 1933 452 2009 granrliores
465 1933 593 1993 suadent
604 1934 788 1995 retinendam
802 1956 875 1995 esse

67 2027 205 2094 militem,
232 2025 320 2084 lircile
345 2024 538 2084 animadverti
557 2026 741 2087 dioscoriam
763 2027 873 2088 l'riaci·

68 2139 135 2196 pem
156 2118 263 2176 trellum
284 2117 429 2187 meditari,
450 2119 685 2197 qnandoquidem
707 2122 874 2180 cernentia·

68 2232 125 2271 nes
150 2210 240 2269 initas
259 2208 393 2269 biremes
418 2230 476 2269 ana
504 2213 739 2289 praestitissent:
767 2232 874 2291 nequa·

68 2326 155 2383 rpnam
184 2305 272 2380 igitar
298 2301 504 2361 dimittendum
532 2305 704 2374 exercitum,
733 2304 788 2363 scd
808 2305 875 2364 tnti-

68 2397 136 2456 denr
158 2398 242 2472 signe
261 2394 592 2464 denunceoscribernia,
613 2415 708 2474 eaque
728 2397 756 2455 ia
769 2397 876 2457 tinibus

68 2490 275 2550 Ruthennrum
295 2486 479 2547 collocanda.
521 2485 704 2548 Teutonicus
725 2509 794 2548 vero
813 2489 875 2550 dle-

67 2585 162 2659 gistcr
187 2600 254 2639 curu
278 2578 458 2638 lanternis
484 2580 657 2657 quiinrsdnm
684 2582 876 2661 resonantem,

70 2696 129 2735 nnn
156 2695 228 2733 esse
248 2672 375 2732 riarnlam
401 2672 555 2732 dioscoria
583 2673 651 2731 lrclli
677 2675 876 2743 occasionem,

72 2765 264 2826 dirnittcndns
283 2786 355 2835 esse
376 2765 493 2823 milites.
534 2765 568 2821 Si
596 2763 668 2842 qnid
687 2764 795 2823 deimie
817 2786 876 2823 mn·

76 2862 161 2919 liator
182 2857 367 2925 dioscorins,
384 2875 555 2932 superesse,
576 2854 674 2912 adirnc
687 2857 776 2923 viros,
797 2861 826 2914 ct
839 2858 879 2915 ri-

72 2970 133 3019 rcs,
153 2950 262 3026 quibos
283 2949 323 3006 illi
344 2966 500 3005 errrersum
523 2946 556 3003 iri
579 2947 685 3021 possit.
707 2947 792 3005 Haec
810 2968 877 3007 sen·

72 3043 165 3101 tentia
186 3039 360 3120 praevaluit,
380 3050 411 3097 et
430 3038 639 3096 iiieocxercitn
653 3037 777 3099 diruisse
790 3040 878 3120 pranln

70 3140 142 3215 post
162 3133 283 3193 dlartini
311 3131 402 3189 terias
424 3129 607 3189 Teutonicus
632 3130 777 3208 Magister
802 3132 878 3209 lega-

70 3240 120 3287 tos
145 3246 212 3285 cam
245 3228 362 3283 centnm
388 3222 539 3300 equitibus
564 3242 670 3297 magne
696 3242 763 3283 cnm
790 3225 879 3295 tastu,

70 3317 230 3399 spinmlnre
252 3321 281 3375 ct
293 3322 436 3395 apparatu
457 3313 495 3373 ad
506 3313 688 3374 dioscoriam
701 3317 797 3386 mittit,
816 3317 877 3394 qni·

71 3413 129 3469 tans
148 3410 303 3488 Satrapam
330 3427 418 3467 saum
444 3406 593 3487 conjungit
613 3406 784 3486 Episcopus
805 3408 876 3468 Tor·

71 3503 216 3583 pateasis.
238 3502 403 3559 dssnmnat
412 3504 565 3578 practerea
577 3496 764 3559 imtlreraaae
778 3500 876 3559 t'actin·

71 3597 121 3653 nis
141 3593 359 3654 Ecclesiastcn.
401 3589 459 3649 Ubi
479 3588 517 3649 ad
544 3609 681 3665 rnagnnm
703 3591 877 3651 dlnscnr’iae

72 3686 239 3765 Principem
260 3696 391 3751 rentum,
411 3681 554 3759 Princeps
573 3683 677 3741 atrium
697 3702 784 3742 sunm
807 3703 878 3743 aure

71 3778 202 3856 undique
224 3774 421 3856 resplendens
441 3771 610 3851 ingreditur,
629 3792 749 3831 anrcum
771 3777 877 3833 solium

72 3880 210 3950 occupat,
230 3888 338 3927 corona
352 3866 433 3942 regia
454 3875 485 3923 et
496 3869 616 3943 sceptro
629 3866 799 3941 insignitus.
820 3866 878 3941 dp·

71 3965 190 4043 ponitur
219 3980 325 4019 mensa
357 3956 513 4027 cleanrnta,
546 3957 683 4015 seniores
711 3957 879 4015 Consiliarii

73 4074 195 4112 nnmcrn
216 4054 251 4111 12
271 4051 355 4109 lateri
375 4048 498 4109 sinistro
516 4047 661 4119 assident,
682 4050 731 4126 qni
750 4049 879 4108 universi

73 4166 112 4203 ca
131 4148 250 4219 recepto
271 4160 360 4208 more,
380 4141 497 4217 quoties
517 4140 671 4199 cnrrsilinm
692 4142 794 4215 agitari
812 4162 879 4200 con·

72 4235 169 4310 tingit,
191 4242 293 4292 restes
313 4230 465 4289 laeriticas
485 4252 593 4291 arrrcns
614 4231 723 4291 induti:
749 4232 880 4309 dlagnns

73 4349 144 4389 rero
168 4325 236 4385 linx
258 4323 335 4402 palla
357 4322 467 4381 cirenali
488 4344 543 4382 sen
565 4324 741 4383 sacerdotali
768 4326 879 4383 circan-

73 4421 171 4480 datns.
212 4414 350 4475 Assumit
378 4420 530 4493 praeterea
557 4415 685 4493 diagnns
708 4416 776 4475 linx
803 4417 879 4474 ‹lrnnr

74 4515 261 4590 interpretes,
282 4506 331 4585 qni
352 4506 555 4565 Gnnaanican
576 4508 664 4567 simui
686 4517 717 4567 et
737 4508 880 4569 ltntirnni·

73 4626 140 4665 cam
161 4604 289 4680 lingnam
318 4597 477 4658 enitebant.
517 4599 676 4676 interrogat
702 4599 880 4661 dioscorins

74 4717 114 4757 aa
134 4714 238 4774 pacem
260 4698 446 4771 expeterent.
478 4691 627 4749 Asserunt
647 4692 717 4751 iilud
739 4692 881 4763 Lirones,

74 4788 223 4866 simulque
243 4782 380 4862 scyphos
403 4779 563 4839 deauratos
579 4781 784 4859 aTorpatpuai
797 4785 881 4863 Epis.

74 4899 151 4958 cnpn
175 4889 206 4936 ct
233 4876 357 4935 Ordinis
387 4872 546 4933 Teutonici
581 4871 724 4947 dlagistro
751 4874 881 4953 l'rincipi

73 4970 232 5031 dloscnrio
254 4969 381 5037 missos,
401 4964 549 5023 nd'crrnnt.
596 4963 718 5043 liecipit
744 4986 799 5023 eras
819 4964 883 5025 dlo-

72 5063 195 5122 scorins
215 5068 246 5119 ct
268 5062 296 5117 in
317 5060 475 5136 proximum
488 5056 643 5113 triclinium
657 5055 763 5113 ‹lci'erri
780 5056 877 5136 jrrlret.

72 5152 252 5215 dioscorins
272 5152 416 5231 principie
438 5154 575 5209 recenset
601 5168 699 5207 (eornm
726 5146 885 5225 pcrtidinm,

925 370 973 445 qni
995 369 1085 427 toties
1111 377 1213 446 pactas
1241 373 1454 432 eornenttones
1480 371 1653 441 elusissent,
1675 393 1730 432 ane

925 460 1085 537 quidquam
1105 478 1203 520 ennam
1224 483 1300 541 qaae
1319 464 1550 543 spoponderant,
1571 477 1603 525 et
1623 465 1730 544 sigiliis

927 552 1178 621 confirmaverant,
1200 556 1431 630 praestitissent.
1472 556 1621 639 dlajnram
1647 579 1729 638 prae·

927 649 1009 703 terea
1030 645 1177 720 pietatem,
1197 644 1285 704 tidem
1304 656 1336 705 et
1349 646 1484 707 heroicas
1495 649 1618 711 virtutes
1631 652 1730 722 retert,

926 756 945 795 a
965 757 1023 814 qna
1044 737 1129 817 ipsos
1149 736 1238 815 prinae
1256 735 1458 812 degenerasse
1478 741 1527 809 ait,
1553 742 1662 801 cultum
1689 743 1730 803 di·

927 830 1023 889 vinnm
1045 850 1063 887 a
1084 829 1247 911 majoribus
1267 834 1421 908 acceptam
1440 831 1614 909 abrogasse,
1633 835 1731 896 basili·

926 941 980 981 cas
990 923 1146 993 eramiae,
1156 920 1332 981 sacerdotes
1346 927 1375 981 et
1388 921 1732 1005 monachnsprotligasso

927 1012 1057 1091 deniqne
1086 1013 1195 1073 auitum
1222 1013 1366 1092 pristinae
1392 1016 1529 1092 pietatis,
1561 1020 1592 1075 et
1617 1017 1733 1077 rimatis

928 1108 1083 1183 vestigium
1105 1106 1275 1177 retinuisse,
1296 1127 1354 1166 ann
1381 1105 1449 1165 iiins
1475 1126 1547 1167 esse
1565 1106 1733 1171 Ecclesiae

927 1198 1005 1255 tices
1027 1197 1190 1278 Principes,
1211 1197 1267 1259 scd
1287 1199 1394 1277 queris
1414 1199 1538 1259 barbare
1553 1200 1649 1276 magis
1669 1221 1734 1280 pro·

930 1288 1026 1359 tantas,
1047 1292 1095 1369 qai
1116 1296 1174 1348 tam
1195 1292 1224 1349 ia
1245 1312 1332 1352 omne
1353 1293 1485 1351 vitiorum
1500 1291 1735 1372 flagitiorumque

930 1400 1024 1457 genus
1045 1381 1263 1463 propendeant,
1288 1404 1385 1461 enque
1412 1405 1517 1464 pacem
1546 1385 1625 1445 anilo
1646 1396 1735 1463 paeto

932 1474 993 1533 iilis
1013 1474 1246 1534 carracedeadam.
1279 1475 1325 1535 Ad
1347 1475 1423 1535 haec
1436 1475 1592 1537 Teutonici
1613 1498 1735 1557 respon·
1761 1539 1765 1549 ,

931 1566 1018 1637 dent,
1044 1587 1080 1627 se
1107 1587 1147 1626 ex
1171 1567 1314 1646 majorum
1344 1567 1515 1629 datinailrns
1541 1576 1571 1629 ot
1597 1582 1737 1650 computu

931 1660 1008 1718 lrnrrc
1028 1657 1196 1729 subductis,
1216 1656 1448 1735 deprehendere,
1469 1661 1578 1720 anilem
1597 1662 1736 1723 tributum

932 1751 1088 1810 dioscoria
1109 1752 1229 1820 (lebeti,
1254 1750 1333 1829 quod
1356 1760 1455 1810 antem
1476 1772 1579 1828 pacem
1599 1752 1737 1829 deneget,

931 1844 960 1904 id
981 1844 1117 1903 dlorrmnn
1140 1842 1313 1924 Imperatori
1333 1862 1369 1903 se
1391 1849 1550 1922 questnrns
1600 1843 1738 1926 Respon-

932 1936 983 1995 det
1007 1935 1198 2005 dlnscevius,
1230 1955 1307 2013 qaas
1333 1935 1374 1995 ilii
1402 1936 1541 2012 quercias
1568 1935 1737 2016 imperatori

931 2028 1037 2089 otlerre
1058 2030 1226 2098 instituant,
1253 2027 1304 2105 qai
1324 2026 1472 2088 aaarrdatis
1493 2031 1561 2107 ejus
1581 2030 1736 2109 tmperiali·

933 2123 1000 2189 bus,
1020 2122 1127 2200 quibas
1148 2125 1353 2199 praeceperat,
1377 2139 1415 2177 ne
1441 2118 1551 2196 templa
1569 2131 1622 2181 ent
1640 2142 1736 2183 mnan·

933 2213 1026 2273 steria
1046 2211 1267 2281 demolirentur,
1292 2220 1351 2271 tam
1376 2213 1541 2291 procaciter
1566 2214 1736 2291 obstrepen-

933 2312 981 2365 tes
1003 2305 1208 2383 derngasseat.
1249 2303 1307 2363 llis
1326 2305 1368 2363 ita
1388 2305 1516 2382 peractis
1534 2304 1623 2381 legati
1642 2306 1736 2368 disoe-

936 2396 1009 2457 dant
1028 2397 1066 2457 ad
1089 2396 1300 2477 pandochium,
1321 2414 1416 2473 equos
1436 2396 1598 2468 instruunt,
1616 2396 1737 2459 Mosco·

934 2490 1013 2549 riam
1027 2490 1192 2568 Principem
1202 2495 1317 2563 rogant,
1337 2485 1443 2546 ducem
1456 2488 1571 2549 itineris
1583 2491 1737 2561 coacedet,

934 2583 984 2660 qai
1005 2583 1034 2640 ia
1055 2582 1208 2641 lairnaiam
1233 2599 1288 2638 ees
1314 2578 1448 2641 redueat.
1494 2580 1654 2642 Caeterum
1678 2583 1738 2645 deti

934 2695 954 2733 a
972 2672 1132 2733 dloscnvin
1150 2672 1264 2738 linces,
1288 2690 1340 2748 per
1367 2671 1509 2745 ambages
1535 2692 1572 2733 ae
1591 2672 1680 2735 deria
1699 2676 1739 2735 le·

934 2770 1024 2841 gatos
1045 2763 1245 2822 fraudulenter
1266 2760 1493 2830 circuadaenat‚
1519 2761 1562 2823 ita
1587 2772 1619 2820 nt
1640 2765 1668 2822 ia
1689 2786 1738 2844 pa-

935 2858 1018 2915 triam
1038 2861 1142 2913 terram
1165 2874 1222 2913 ann
1242 2862 1459 2911 reverterentur
1477 2862 1548 2913 nate
1568 2847 1740 2935 principiani

938 2940 1201 3023 Quadragcsimno.
1250 2942 1368 3005 interea
1401 2943 1533 3021 Magnus
1562 2944 1740 3009 Moscnviae

936 3040 1008 3099 linx
1026 3041 1123 3098 missa
1142 3036 1179 3097 ad
1192 3036 1324 3096 Liroaes
1344 3036 1479 3115 epistola,
1500 3037 1606 3097 beilum
1627 3038 1738 3099 indicit.

936 3131 1003 3193 Nee
1028 3131 1120 3189 multo
1148 3140 1218 3215 post
1236 3127 1437 3208 Epiphaniam
1464 3149 1541 3189 arran
1568 3130 1661 3201 15583
1682 3140 1738 3191 tre·

938 3234 1065 3284 centena
1085 3222 1175 3281 millia
1198 3223 1320 3281 ariiitum
1340 3222 1509 3290 conscribit,
1529 3230 1619 3300 atque
1641 3223 1670 3283 in
1689 3225 1738 3285 Li·

938 3318 1054 3377 reniam
1076 3316 1172 3383 mittit,
1193 3320 1226 3373 ut
1244 3312 1321 3374 terro
1343 3318 1373 3372 et
1394 3312 1551 3373 incidendo
1571 3315 1738 3377 nniversam

937 3410 1115 3490 prouinciam
1138 3406 1351 3485 'l'nrpntcnsem
1374 3404 1523 3465 irnstilitcr
1543 3414 1670 3468 vastent.

1015 3500 1191 3562 dlnscnrins
1216 3499 1364 3574 ingentem
1387 3500 1548 3557 exercitum
1570 3498 1656 3578 ionga
1670 3506 1741 3561 tem·

937 3614 1010 3672 pore
1032 3596 1201 3652 sustentare
1222 3597 1334 3666 potest.
1370 3588 1477 3669 Neque
1503 3591 1582 3649 enim
1601 3592 1741 3653 miiitilrns

938 3686 1003 3743 sais
1023 3682 1172 3760 stipendia
1198 3681 1330 3757 largitur,
1355 3680 1410 3739 sed
1437 3699 1525 3755 agros
1553 3682 1661 3757 exigue
1682 3684 1740 3743 iilis

938 3776 1030 3854 pretio
1050 3774 1157 3841 clueat,
1177 3793 1235 3851 qun
1252 3771 1395 3831 beneficio
1408 3791 1526 3849 operam
1539 3772 1671 3850 ipsorum
1691 3773 1740 3833 do-

937 3872 1073 3928 meretur.
1094 3864 1262 3943 Conseripti
1282 3874 1381 3922 entem
1403 3862 1510 3925 milites
1522 3882 1620 3937 coram
1636 3884 1741 3941 magno

937 3959 1071 4038 principe
1097 3960 1280 4031 comparent,
1307 3958 1337 4012 et
1364 3973 1512 4013 nummum
1531 3974 1616 4033 qrrcm
1636 3964 1743 4019 recent

936 4053 986 4108 cin
997 4046 1159 4113 maeatae-k,
1169 4044 1384 4103 aestimationis
1396 4044 1483 4103 unias
1494 4044 1597 4105 stnseri
1612 4046 1742 4111 Brabon-

938 4141 990 4198 tiei
1011 4138 1138 4214 Principi
1162 4142 1325 4195 numerant.
1364 4134 1491 4195 Reversi
1513 4158 1552 4198 ex
1574 4139 1652 4199 belin
1672 4164 1741 4203 erra·

938 4231 1004 4291 dem
1024 4248 1168 4289 nummum
1191 4233 1335 4304 repetunt.
1376 4228 1552 4289 Occisormn
1573 4244 1671 4293 antem
1693 4256 1743 4297 nu·

938 4325 1076 4383 rnismata
1096 4323 1202 4380 retinet
1221 4321 1383 4401 Princeps,
1408 4326 1497 4401 atque
1523 4324 1564 4385 ita
1589 4328 1745 4403 cognoscit

939 4415 1158 4475 interfectorum
1181 4433 1342 4473 nnmerum.
1373 4414 1433 4473 Hic
1451 4415 1538 4491 igitur
1559 4420 1618 4474 tam
1638 4428 1744 4479 vastus

939 4519 969 4567 et
992 4507 1136 4567 barirarns
1156 4508 1316 4579 exercitas,
1336 4511 1442 4566 nctarn
1465 4512 1533 4582 post
1546 4504 1745 4585 Epiphaniam

939 4600 988 4661 dic
1010 4599 1226 4680 Tarpetensem
1247 4598 1401 4659 dioecesin
1419 4596 1542 4678 iaradit,
1561 4595 1746 4677 duorumque

939 4692 1090 4752 miliariam
1111 4690 1264 4751 latitudine
1289 4689 1466 4749 incedentes
1497 4686 1596 4745 nrnnia
1617 4696 1746 4761 vastant,

940 4784 1096 4858 diripiant,
1116 4781 1315 4860 (despoliant,
1330 4778 1556 4856 depraedantur,
1585 4778 1689 4850 nerins,
1715 4798 1747 4843 et

941 4894 1051 4953 pagos,
1081 4882 1112 4931 et
1133 4878 1239 4931 cuneta
1266 4871 1353 4929 nlrria
1373 4869 1528 4939 incendio,
1555 4868 1690 4933 tro-ines
1716 4885 1747 4935 et

943 4962 1073 5043 pecudes
1093 4962 1191 5038 gladio
1217 4961 1391 5029 sustollere,
1412 4959 1565 5039 jugulare,
1590 4965 1747 5040 trucidare,

944 5059 1086 5123 evertere,
1102 5072 1220 5111 sarsum
1234 5052 1432 5131 deorsumque
1447 5053 1675 5134 omniajactnre,
1690 5081 1748 5123 rana

944 5146 1035 5207 aetati
1056 5166 1114 5205 nnn
1127 5145 1213 5205 serni
1225 5164 1357 5221 parnerc,
1370 5164 1429 5205 non
1445 5147 1568 5222 gerrritn,
1588 5168 1645 5207 non
1666 5150 1748 5213 lucta

1495 5238 1529 5291 lt}
