3742 5626
688 182 1088 259 enarrarre
1642 171 1720 251 xm

56 359 177 435 addixit
208 356 464 454 llejdenstejnii
496 359 656 431 animum.
714 354 911 429 Amabator
949 352 1089 451 quidem
1119 351 1183 427 ille
1215 353 1440 430 vehementer
1471 354 1516 430 ab
1547 354 1718 433 Antistite

58 510 257 605 Gulmensi,
289 509 479 582 laurentio
512 503 715 601 Gembicio,
746 506 877 602 Regni
896 501 1067 580 Poloniae
1092 503 1350 582 cancellario·
1375 507 1414 582 A
1446 533 1531 608 quo,
1563 511 1610 586 ob
1641 513 1718 585 [θῇ.

60 661 221 762 publicae
269 663 427 758 peritiam
471 682 659 756 usumque,
708 658 969 757 praeferebatur
1012 661 1187 754 regiarum
1228 655 1451 756 epistolarum
1490 651 1720 761 scriptoribus
1816 638 1818 643 ⁸

58 815 226 890 omnibus.
278 812 415 886 Verum
441 809 658 909 placatioris,
691 807 1009 908 tranquilliorisqae
1041 813 1136 884 vitae
1168 809 1343 885 desiderio
1374 815 1527 887 maximo
1559 815 1717 915 allectam,

59 979 96 1041 ut
122 965 209 1040 rude
236 961 423 1040 donaretur
447 966 556 1061 petiit.
608 959 820 1061 Relictaque
845 961 925 1038 aula
949 965 1057 1058 regia,
1083 959 1238 1060 reliquos
1264 961 1340 1036 dics
1365 986 1461 1060 snos,
1487 968 1720 1043 memorandis
1785 1076 1793 1095 ⁰

56 1119 162 1192 rebus
186 1114 259 1190 illis
284 1113 468 1213 impenditr
493 1138 593 1213 quae,
621 1125 735 1189 aetate
760 1138 834 1210 sua,
859 1118 1007 1213 ipsoque
1031 1122 1234 1213 praesente,
1265 1122 1540 1213 spectanteque,
1556 1132 1582 1189 a·
1602 1116 1718 1194 Polo·¹

54 1273 109 1343 nis
132 1269 269 1343 fortuna
295 1270 403 1362 varia,
436 1243 756 1362 commutabilique,
781 1278 818 1339 et
842 1262 1041 1363 multiplici,
1076 1277 1176 1360 gesto
1207 1265 1353 1340 inerant
1393 1262 1518 1349 ‚Prius
1543 1292 1647 1366 quam
1673 1272 1718 1346 ab

55 1421 122 1497 boc
146 1431 343 1519 praestante
369 1422 538 1516 scriptore
564 1415 788 1512 recedamus,
814 1439 881 1492 uon
906 1438 1110 1515 possumus,
1135 1419 1218 1521 quin
1240 1416 1398 1516 laudem,
1432 1443 1533 1517 quam
1567 1424 1601 1493 ei
1626 1418 1717 1501 Sta·

55 1570 225 1647 rowolski
250 1572 378 1666 tribuit,
406 1592 718 1645 commemoremus
731 1565 787 1663 ἢ).
812 1568 914 1643 llaec
937 1572 1029 1642 enim
1055 1567 1099 1642 de
1118 1567 1181 1644 illo
1201 1573 1265 1643 nit:
1290 1569 1536 1669 „liejnboldus
1555 1572 1716 1673 ldejden-

19 1672 32 1693 ο
57 1725 229 1822 „stejnius
247 1722 486 1798 nobilissimae
505 1720 641 1795 dicendi
663 1725 829 1796 scientiae
844 1730 937 1795 totus
953 1717 1055 1818 plana
1068 1719 1207 1796 deditus
1226 1725 1274 1795 ita
1287 1720 1332 1797 de
1345 1746 1385 1796 re
1399 1727 1557 1823 quapiam
1576 1729 1717 1824 copiose

56 1873 337 1974 „prudenterque
370 1873 550 1970 disseruit,
583 1883 622 1948 ut
653 1886 690 1948 et
718 1870 858 1948 utilitati
888 1870 1072 1947 delectatio
1105 1884 1142 1946 et
1172 1875 1342 1972 majestati
1380 1866 1498 1950 rerum
1530 1878 1717 1952 verborum

56 2024 246 2125 „splendor
270 2050 312 2100 ac
334 2024 482 2122 dignitas
505 2048 574 2100 non
599 2024 772 2100 deessent.
811 2024 974 2124 Apparet
997 2023 1065 2099 boc
1090 2047 1136 2098 ex
1149 2029 1405 2121 commentariis
1430 2025 1527 2101 illius
1552 2026 1597 2102 de
1623 2028 1717 2105 bello

56 2179 314 2270 „Moscovitico
341 2179 562 2253 mobsime
588 2179 728 2275 seriptis
751 2179 904 2274 itemque
930 2200 978 2250 ex
989 2178 1238 2253 controversiis
1252 2187 1370 2252 contra
1395 2177 1516 2254 hostes
1542 2178 1716 2256 ecclesiae

56 2331 182 2422 „iactis
214 2342 274 2404 aut
305 2327 383 2402 aliis
414 2331 585 2427 postumia
615 2329 692 2427 ejus
724 2327 1056 2404 lucubrationibus.“
1107 2323 1207 2404 Obiit
1222 2327 1515 2429 ‘llejdenstejnius
1546 2356 1578 2406 a.
1609 2338 1717 2433 low,

57 2481 115 2557 die
146 2487 197 2557 25
230 2481 452 2576 Decembris,
484 2484 608 2556 aetatis
633 2504 719 2555 suae
743 2505 831 2556 anno
856 2484 1078 2578 sexagesimo
1111 2492 1243 2579 quarto.
1295 2477 1465 2581 Sepulcri
1497 2497 1717 2562 monumento
1765 2475 1772 2486 ’

58 2634 204 2709 donatus
229 2647 294 2731 est,
318 2637 353 2708 in
380 2630 559 2708 Coenobio
585 2628 746 2709 Olivensi
770 2630 1089 2726 inclitissimffllt
1121 2640 1225 2730 prout
1255 2637 1332 2730 ipse
1357 2638 1640 2734 praescripserat.

206 2787 268 2860 Ex
294 2787 451 2860 omnibus
477 2787 554 2883 ejus
579 2783 745 2881 oporibus
769 2782 814 2856 ad
843 2806 908 2857 nos
932 2783 969 2856 id
995 2794 1126 2858 unnim
1152 2787 1286 2879 attinet,
1319 2783 1412 2881 quod
1436 2784 1567 2860 fontem
1591 2787 1719 2864 llisto-

57 2944 130 3012 riae
155 2938 330 3011 Rossioae
354 2932 488 3009 saeculi
513 2934 613 3009 XVI
637 2932 780 3007 exbibet
805 2945 908 3031 atque
931 2936 980 3008 ita
1002 2936 1204 3032 inscriptum
1220 2932 1364 3033 prodiit:
1391 2936 1549 3010 uenero
1568 2937 1717 3015 Mosco·

55 3101 162 3163 attico
188 3098 516 3162 commentariorum
539 3092 624 3159 tacet
646 3112 714 3160 sca
724 3082 841 3179 m).
891 3085 1094 3160 Graecam
1118 3111 1154 3160 a.
1184 3085 1287 3160 test
1311 3101 1353 3159 tu
1377 3092 1441 3182 fol.
1485 3087 1606 3166 Editio
1631 3090 1719 3167 baec

59 3239 318 3337 elegantissima
338 3250 441 3335 atque
458 3239 646 3333 rariacum,
673 3237 829 3313 dedicata
851 3247 907 3312 est
924 3235 1152 3333 sigismundo
1165 3236 1341 3313 llatboreo
1356 3237 1400 3313 de
1412 3236 1551 3317 &nulio
1562 3238 1718 3343 Principi

57 3389 350 3467 'l'ranssilvaniae
402 3390 533 3465 Paucis
547 3401 639 3487 post
663 3393 761 3465 annis
785 3388 913 3488 prodiit
934 3387 1044 3464 altera
1060 3389 1163 3490 bojas
1188 3394 1305 3491 operis
1331 3384 1517 3469 editiosic
1538 3380 1721 3495 inscripta:

55 3544 250 3631 Rejaaboldt
275 3542 549 3637 Hejdeastep'nit,
575 3537 778 3633 secretana
796 3540 918 3638 Repu,
944 3549 987 3614 de
1016 3547 1103 3615 bello
1125 3541 1369 3640 Moseooitico,
1396 3554 1488 3642 qaod
1512 3544 1720 3643 Stephanus

56 3696 144 3770 Res
168 3695 344 3769 Potentiae
368 3706 485 3789 parnt,
513 3691 853 3777 Gorsmeatortoraca
877 3691 987 3767 laidet
1004 3691 1068 3767 Vl.
1094 3692 1270 3768 Bmieoe
1292 3722 1358 3790 per
1378 3697 1585 3771 Conrodum
1604 3698 1717 3773 Vald-

55 3852 233 3920 itirebium
261 3844 361 3917 1588
387 3860 427 3918 aa
454 3848 492 3917 4.
819 3826 828 3842 ⁸
1798 3807 1801 3812 ⁵

193 3997 262 4071 Est
276 3993 440 4094 deinceps
453 3994 785 4095 opusclarissimum
798 3956 1002 4095 appositum,
1016 3995 1361 4093 Mamnactmrt,
1374 3997 1717 4098 Vernatenrtrllpta-

56 4162 147 4244 copi,
166 4148 359 4223 Potontoe:
372 4174 464 4245 qooe
483 4144 894 4245 Colonioedyrtpptucc
905 4174 941 4224 a.
957 4147 1059 4224 1389
1071 4160 1113 4221 to
1124 4151 1215 4242 folio
1228 4155 1325 4222 edito
1337 4152 1430 4242 fati:
1451 4179 1487 4246 p.
1503 4151 1717 4230 tta-837.

181 4520 185 4527 ¹
210 4539 234 4600 ‘t
271 4532 314 4586 lta
336 4531 418 4584 claris
436 4530 597 4585 Oratoribus
617 4532 770 4586 Sarmatiae
788 4550 815 4604 p.
833 4496 876 4586 d‘l.

155 4646 161 4663 ⁸
212 4669 253 4736 ”t
287 4667 469 4722 Starowolski
491 4664 667 4722 llonnmeota
684 4666 869 4724 Sarmatarum
888 4666 1008 4724 Crator.
1025 4665 1094 4724 loto
1114 4686 1140 4740 p.
1157 4664 1315 4724 ddd-ddl.

214 4805 267 4872 ⁰··)
302 4801 376 4858 {iibri
390 4794 504 4857 'reatin
524 4813 586 4857 arant
606 4804 724 4873 epitoma
742 4805 834 4874 operis
852 4802 911 4876 ejus
928 4804 1068 4875 amplioris
1087 4804 1223 4876 inscripti:
1240 4802 1352 4859 Rerum
1372 4802 1583 4859 polonicorum
1610 4806 1647 4862 od
1670 4825 1719 4863 ea·-

60 4926 143 4963 eeara
162 4906 346 4981 Siqr'raaandi
364 4905 489 4978 :turpasti
507 4904 576 4959 libri
599 4903 1045 4976 X11‚quos.l.ilejdenstejnius
1070 4907 1128 4977 ejus
1147 4904 1216 4960 iilius
1239 4904 1368 4959 liiebaoli
1387 4904 1456 4976 Regi
1474 4924 1509 4962 eo
1527 4917 1650 4981 tenpore
1673 4910 1721 4966 de·

60 5009 167 5064 dicatos
185 5027 210 5064 a
233 5007 307 5074 167¹),
329 5005 499 5062 l'raocoiorti
519 5006 553 5060 ad
572 5007 699 5061 lloenum
718 5006 745 5060 in
763 5004 809 5060 iol.
829 5004 918 5060 edidit.
956 5005 983 5060 in
1002 5007 1080 5079 btrjus
1098 5005 1206 5077 quidam
1226 5007 1318 5077 operis
1337 5007 1407 5063 libro
1425 5005 1458 5076 d,
1478 5008 1510 5077 4,
1529 5008 1547 5063 5
1565 5020 1592 5066 et
1608 5009 1640 5079 d,
1661 5012 1720 5069 libri

61 5124 114 5161 sos
131 5107 169 5162 iili
188 5107 223 5163 de
240 5109 314 5165 bello
330 5109 513 5164 Moscovitlco
532 5109 711 5163 continentur.

1468 5216 1523 5273 *ti
