3742 5626
120 154 176 213 Μ

117 314 156 377 ad
176 314 302 376 bestiles
321 312 450 375 ditiones
471 331 662 393 quascunque
687 321 793 393 postea
819 319 921 393 petere

118 410 211 468 risum
232 414 325 480 esset,
345 403 544 467 inlestandas:
577 406 692 465 eteius
712 423 766 484 per
785 403 920 466 Smolen·

116 522 199 563 scam
219 499 426 575 Litbuaniam,
459 517 514 558 seu
535 517 588 577 per
616 494 805 559 Plescoviam
832 498 919 561 Livo-

116 597 195 656 niam
220 589 334 671 ingredi
363 591 478 651 hostem
502 588 649 649 volentem
674 590 739 669 pari
763 588 918 651 intervallo

116 707 175 748 nno
200 684 267 748 solo
298 685 429 745 exercito
457 680 499 742 ibi
529 680 676 743 collocato
705 678 918 762 prohibendum

116 778 385 859 opportunissimo:
405 794 493 856 pares
514 776 591 835 enirn
612 771 650 835 ad
663 773 868 835 Surolenscam
889 782 920 835 et

114 869 300 931 Pleseoviam
320 865 422 929 aditus
440 864 566 927 babere:
585 864 664 927 unde
684 868 781 947 ipsum
802 866 918 929 Ducem

113 960 256 1039 Magnum
276 960 335 1021 bne
354 958 526 1041 plerumque
547 962 695 1021 exereitus
714 978 787 1019 suos
808 977 918 1036 cogere

112 1054 221 1127 solere,
242 1052 322 1134 quod
341 1056 371 1114 iu
392 1054 519 1113 omnium
540 1053 811 1131 circumjacentium
833 1049 917 1111 ditio·

114 1166 182 1207 nnm
204 1148 266 1225 pari
286 1148 438 1209 vicinitate
458 1164 523 1206 cani
546 1142 663 1215 deinde,
683 1164 759 1223 quae
779 1151 916 1224 opportu-

113 1241 237 1300 nissima
256 1241 283 1299 ei
294 1234 453 1311 videretur,
474 1235 760 1297 commodissime-ex
779 1236 836 1296 boc
849 1236 916 1296 ineo

110 1329 251 1393 invadere
278 1336 391 1412 posset.
431 1330 513 1403 Rex,
546 1325 794 1409 queamdmodum
819 1338 917 1391 osten·

111 1447 177 1489 sum
197 1434 254 1497 est,
269 1426 333 1505 jarn
354 1432 424 1484 anto
443 1421 572 1505 injranc
596 1423 776 1481 seutentiam
796 1420 904 1480 inclina

111 1518 182 1589 bat:
204 1514 284 1597 quod
302 1523 401 1577 autem
421 1521 505 1575 tauto
526 1516 748 1593 anteternporis
760 1512 913 1572 intervallo

111 1609 297 1673 referendum
318 1607 436 1689 publice
456 1606 512 1667 bac
533 1603 571 1667 de
592 1626 624 1665 re
640 1626 699 1666 non
720 1607 913 1681 existimarat,

110 1725 146 1767 ea
167 1700 206 1763 «le
224 1720 316 1763 eausa
337 1696 497 1773 acciderat,
517 1696 597 1779 qood
618 1717 732 1779 nequa
753 1697 799 1758 uel
813 1694 914 1758 adbo-

109 1804 186 1857 stem
215 1793 340 1857 consilia
365 1795 482 1853 interim
508 1799 693 1861 emanarent,
718 1800 770 1851 ant
795 1798 913 1870 tempus

108 1889 155 1951 uel
174 1907 224 1949 res
246 1886 344 1966 aliqua
364 1905 440 1947 rrora
459 1885 658 1957 interveniret,
684 1904 760 1964 qnae
781 1880 912 1943 mutandi

109 1983 137 2041 ei
157 1978 276 2041 consilii
297 1998 419 2041 eorrsmn
439 1975 581 2051 adferret,
601 1972 839 2057 praecauendum
850 1974 910 2035 sibi

107 2071 301 2151 intelligebat.
346 2068 426 2131 lline
454 2066 593 2131 studiose
622 2067 803 2130 Ciasniciarn
834 2064 912 2128 diem

107 2164 147 2228 ad
166 2162 401 2227 conveniendum
419 2163 559 2223 exercitui
580 2158 729 2221 edixerat:
768 2168 800 2220 ut
821 2158 861 2219 ibi
882 2168 913 2219 et

107 2260 190 2319 inre
210 2257 370 2337 praesenti,
390 2254 456 2315 loeo
478 2274 514 2315 ex
539 2272 597 2332 quo
617 2262 676 2315 tarn
697 2252 912 2326 Snrolenscam,

107 2370 195 2431 quam
215 2350 317 2411 lineos
338 2342 578 2407 commodissime
589 2365 625 2407 ae
639 2342 759 2425 paribus
770 2342 831 2403 tere
844 2364 912 2425 spa·

107 2446 159 2505 tiis
180 2442 327 2522 perveniri
348 2448 463 2520 posset,
483 2457 549 2498 cum
560 2437 686 2497 consilio
697 2438 910 2498 constitueret:

107 2544 139 2597 et
158 2534 274 2595 bostem
294 2551 381 2611 quam
401 2539 507 2611 posset
525 2532 664 2604 mraxime,
690 2528 728 2591 ab
753 2528 810 2589 bac
831 2532 909 2607 eogi-

107 2631 221 2689 tatione
240 2631 404 2695 averteret3
433 2642 520 2703 quam
540 2622 579 2683 ob
600 2642 721 2684 cansam
747 2624 776 2683 in
803 2620 911 2681 litteris

106 2723 206 2795 etiam,
226 2738 301 2799 quae
322 2714 361 2779 ad
381 2716 464 2778 illum
483 2714 705 2786 scribebantur,
726 2722 844 2795 praeter
862 2712 910 2775 Li·

104 2813 211 2875 sorriae
230 2830 267 2875 ao
278 2807 424 2878 Polotiae,
442 2806 640 2871 Smolenseae
652 2826 767 2889 quoque
784 2805 910 2877 titulum,

103 2914 243 2985 tanquam
262 2923 339 2984 qnae
358 2901 447 2980 Regii
475 2900 544 2963 olim
565 2902 644 2980 juris
675 2900 793 2971 luisset,
823 2918 909 2961 accu-

103 3008 169 3061 rate
188 2996 345 3070 eximebat,
367 3004 399 3055 ut
418 2992 487 3055 dom
505 2993 544 3055 ab
565 3013 601 3055 ea
621 3002 706 3073 parte
720 2992 909 3053 bostistime·

103 3100 159 3163 ret,
178 3089 260 3151 illam
278 3106 367 3168 quum
385 3085 451 3147 Rex
469 3088 655 3167 potissimum
668 3092 770 3165 patere
786 3084 845 3143 sibi
858 3103 907 3143 vo-

104 3182 194 3254 lebat,
213 3180 380 3259 neglectam
401 3178 589 3258 relinqueret.
629 3178 762 3237 llirnisso
781 3176 907 3236 consilio

104 3298 150 3347 eo,
171 3276 268 3355 copiis
288 3269 498 3345 recensendis,
522 3290 643 3351 operam
662 3267 734 3331 dare
755 3268 821 3331 Rex
842 3290 907 3329 eoc-

103 3372 162 3449 pit:
187 3370 341 3447 primoque
359 3365 490 3443 equitnm
509 3362 699 3436 Polonorum,
720 3363 768 3441 qni
789 3358 828 3422 ad
848 3362 908 3423 Ge·

103 3459 223 3533 darium,
242 3478 280 3521 ac
299 3455 447 3517 Polotr'am
462 3455 649 3526 meruissent,
668 3462 758 3535 atquo
775 3457 907 3537 proxime

102 3558 133 3614 in
152 3550 285 3613 bibernis
304 3547 447 3618 inissent,
474 3550 577 3609 turmis
596 3550 728 3623 vocatis,
755 3568 822 3609 cum
841 3548 906 3611 Rex

102 3654 222 3728 praeter
250 3645 436 3723 superiorum
459 3650 622 3721 temporum
650 3639 906 3713 consuetudinem,

101 3740 244 3819 majorem
265 3755 355 3817 quam
375 3744 445 3795 enta
465 3733 522 3795 bae
546 3736 578 3794 in
601 3731 787 3795 recensendo
814 3734 906 3795 milite

101 3830 284 3909 diligentiam
303 3824 506 3903 adhibuisset,
525 3846 637 3907 perque
656 3835 813 3905 angustum
834 3846 905 3907 pon·

101 3934 161 3985 tem
181 3917 439 4000 transgredientes
456 3923 487 3979 in
511 3921 674 3999 proximmn
700 3919 804 3980 collem
834 3918 904 3980 sub·

100 4016 208 4079 ductus
235 4013 372 4093 singulos
405 4016 473 4093 ipse
501 4020 688 4092 spectasset,
715 4017 906 4093 paruissimis

100 4118 198 4171 tannen
220 4110 288 4187 equi
308 4104 418 4167 adeunti
439 4104 570 4165 inerunt:
601 4124 666 4165 cum
687 4109 854 4180 inuniversae,
875 4117 907 4170 et

101 4201 236 4273 militnm,
254 4218 454 4279 equorumque
474 4206 505 4259 et
524 4218 670 4259 armorum
682 4218 793 4278 genere
802 4210 906 4263 essent

101 4294 320 4354 ornatissimae.
360 4290 437 4351 Post
457 4290 558 4361 hasce,
585 4312 662 4371 quae
687 4300 749 4353 tum
780 4297 904 4373 primurn

100 4408 179 4449 noco
200 4382 319 4445 delectu
339 4386 369 4443 in
386 4381 518 4443 militiam
533 4387 650 4445 nomina
664 4382 818 4463 dederant,
838 4408 904 4469 pro·

99 4478 208 4541 ductae
228 4476 355 4539 luerunt.
396 4477 565 4551 intereas,
597 4496 673 4557 quae
698 4497 717 4539 a
735 4476 904 4555 Zamoseio,

97 4566 344 4657 ptereadmodum
364 4587 456 4648 supra
475 4575 628 4629 ostensum
648 4577 710 4642 est,
738 4589 805 4631 cum
824 4576 905 4652 equi-

98 4677 159 4729 tnm
179 4676 241 4729 tum
260 4660 394 4746 peditum
404 4662 510 4742 copiae
519 4665 652 4741 scriptae
662 4658 789 4724 inerant.
810 4664 904 4727 Erant

99 4763 128 4819 io
149 4762 186 4819 iis
207 4756 359 4819 Senatorii
380 4751 493 4816 ordinis
520 4752 669 4829 nonnulli,
698 4754 750 4818 alii
776 4763 902 4835 euocati,

98 4852 148 4929 qni
167 4850 316 4923 militiam,
344 4851 391 4909 cui
421 4864 559 4925 nraguam
581 4850 689 4909 aetatis
708 4855 821 4929 partem
841 4860 901 4913 stu·

99 4939 233 5011 ducrant,
252 4943 342 5019 longo
358 4944 422 5021 jam
440 4948 574 5020 tempore
600 4942 798 5005 intermissam
818 4965 900 5027 repe·

96 5036 220 5095 tierent:
244 5036 292 5112 qui
305 5035 455 5097 exercitus
467 5034 524 5114 ipsi
537 5052 592 5114 pro
603 5033 725 5113 Legatis
736 5040 900 5101 rexissent:

96 5146 156 5189 nnn
181 5127 283 5203 pauci,
315 5128 364 5201 qui
385 5130 593 5203 magistratus.
625 5126 899 5212 praefecturasque:

659 146 897 215 amaneum
916 148 1246 215 umnsusrman

978 312 1028 373 alii
1055 318 1103 395 qui
1124 312 1221 375 otiicia
1242 335 1279 375 ac
1305 315 1433 375 bonores
1466 313 1593 381 intanta
1624 320 1781 389 gererent:

978 424 1085 484 magua
1119 427 1189 467 uero
1222 410 1379 487 primariae
1406 408 1571 486 juventutis
1610 400 1781 463 multitudo.

976 497 1115 577 Equitum
1136 496 1246 579 duplex
1271 518 1365 579 genus
1385 508 1464 573 erat,
1491 498 1615 561 alterurn
1634 498 1783 574 gravioris

978 599 1143 653 armaturae
1165 590 1356 661 llusarornm,
1387 612 1421 652 ea
1453 610 1511 670 qua
1539 609 1629 671 snpra
1649 586 1689 649 ad
1711 586 1781 647 Dis

977 702 1044 743 nam
1064 686 1106 744 nti
1127 682 1196 744 illos
1223 682 1424 745 ostendimus:
1451 683 1636 745 Cosaeorum
1655 680 1780 741 alterum

974 774 1105 837 levioris.
1146 775 1239 837 llisce
1259 778 1325 838 loeo
1355 779 1449 854 coryti
1474 773 1655 836 bicubitales
1681 771 1779 853 selop-

976 875 1063 948 petos
1083 866 1121 929 ad
1143 869 1281 929 bnmeros
1300 874 1429 950 aptarat,
1450 869 1601 928 breviores
1622 886 1660 927 ex
1680 867 1779 925 cincto

974 958 1204 1041 suspendendos
1230 959 1369 1035 dederat,
1395 963 1517 1023 acinace
1542 957 1583 1021 ad
1601 959 1684 1021 latus
1711 960 1777 1019 sirri-

974 1060 1067 1112 strum
1093 1061 1124 1114 et
1148 1052 1297 1116 venabulo
1324 1074 1360 1114 ex
1379 1055 1471 1114 veteri
1497 1054 1633 1113 instituite
1653 1050 1775 1111 relictis.

974 1142 1110 1206 Peditem
1135 1147 1259 1208 maxiano
1281 1166 1316 1207 ex
1327 1154 1411 1227 prame
1431 1143 1591 1205 olinitimis
1607 1142 1775 1218 llnrrgariae

975 1236 1060 1311 locis,
1079 1238 1250 1298 nornrnllum
1269 1241 1358 1299 ctiam
1380 1233 1532 1298 Varadiuo
1558 1233 1774 1297 remotioribus·

975 1350 1032 1409 que
1053 1330 1141 1404 locis,
1171 1329 1298 1410 aliquem
1325 1339 1479 1409 praeterea
1499 1350 1536 1391 ex
1562 1328 1701 1401 Polonis,
1731 1332 1774 1408 qoi

973 1423 1151 1503 superiobus
1171 1424 1313 1503 proximis
1333 1422 1420 1482 bellis
1437 1424 1502 1501 jan:
1521 1418 1675 1503 stipendia
1694 1420 1772 1482 lecis-

972 1524 1050 1590 sent,
1072 1515 1231 1597 plerosque
1250 1526 1347 1577 tamen
1376 1534 1453 1575 :rouo
1481 1511 1599 1575 delectu
1627 1522 1772 1574 contraxe-

972 1618 1028 1671 rat.
1069 1610 1202 1688 (Iurnque
1222 1606 1262 1667 ad
1281 1607 1388 1669 iarnarn
1409 1607 1621 1683 benignitatis,
1648 1626 1710 1686 qua
1730 1626 1772 1685 pe·

970 1700 1094 1763 ditatnrn
1115 1722 1152 1761 ex
1171 1699 1279 1762 iisdem
1307 1701 1384 1761 loeis
1414 1698 1584 1778 ilungariae
1620 1704 1772 1780 superiore

970 1815 1048 1854 arrrro
1069 1792 1229 1874 stipendiis
1248 1797 1314 1854 suis
1327 1794 1470 1872 scripturn
1491 1788 1530 1852 ad
1551 1789 1707 1853 Polotiam
1728 1791 1771 1849 be·

972 1886 1084 1957 boerat,
1105 1885 1163 1947 sub
1185 1884 1264 1947 idern
1283 1894 1402 1965 ternpus
1422 1884 1522 1965 plures
1538 1882 1640 1945 indies
1650 1882 1771 1945 moline-

971 1989 1046 2053 rent,
1064 1981 1225 2061 separatim
1246 1978 1293 2039 bis
1313 1999 1430 2059 qnoque
1455 1997 1510 2057 per
1527 1975 1680 2037 ιΙιιιιιιιιιιιιι
1702 1974 1769 2037 'lbo

971 2092 1046 2131 mam
1067 2071 1242 2151 Drojesinm
1262 2070 1448 2131 Praefectum
1469 2068 1717 2129 Prenrislicnsem
1730 2090 1770 2127 ne·

970 2164 1133 2225 cessarium
1156 2184 1242 2223 arrum
1261 2162 1411 2243 stipendia
1423 2160 1601 2241 descripsit3
1623 2180 1703 2240 quae
1714 2182 1770 2221 eon

970 2278 1073 2318 orrines
1093 2259 1198 2337 copiae
1218 2256 1299 2317 cultu
1319 2258 1408 2317 etiam
1428 2274 1447 2314 a
1466 2256 1577 2314 ceteris
1598 2252 1723 2315 diverso
1740 2275 1769 2315 ar

969 2349 1071 2411 babitu
1090 2351 1240 2428 amnisque
1260 2350 1365 2409 atratis
1385 2350 1414 2406 in
1435 2344 1546 2427 duplici
1566 2346 1668 2409 Ducis
1690 2346 1770 2409 luctu

969 2446 1018 2523 qni
1045 2441 1084 2503 ad
1104 2460 1223 2503 uxorem
1244 2439 1422 2500 (bristinnm
1439 2437 1611 2501 Radiuilanr
1632 2441 1770 2501 unicam

969 2558 1005 2596 ea
1026 2534 1113 2597 liliola
1135 2532 1257 2595 orbatus
1279 2529 1384 2605 iuerat,
1404 2530 1443 2593 ab
1464 2530 1608 2593 omnibus
1633 2535 1674 2594 iis
1694 2544 1769 2593 reste

968 2638 1079 2691 mutata
1098 2634 1264 2688 uterentur:
1284 2623 1376 2685 tiebat
1394 2630 1426 2683 ut
1445 2622 1502 2684 hae
1522 2644 1644 2705 quoque
1662 2646 1696 2687 re
1707 2646 1769 2707 prae

967 2723 1077 2783 ceteris
1098 2721 1279 2799 conspicuae
1300 2724 1413 2777 essent.
1452 2715 1554 2777 Pridie
1582 2737 1674 2798 quam
1695 2722 1769 2779 t'ias·

967 2816 1045 2875 nieia
1070 2811 1137 2873 Rex
1169 2818 1309 2879 moveret,
1339 2807 1420 2889 quod
1445 2828 1512 2870 oum
1537 2806 1620 2871 diem
1640 2810 1768 2889 Legatis.

967 2909 1016 2988 quui
1036 2905 1145 2967 Vilnae
1164 2900 1244 2985 apud
1268 2922 1334 2964 eum
1354 2900 1487 2977 fuerant,
1518 2898 1669 2983 adquam
1690 2924 1768 2984 expe-

966 3006 1099 3061 ctaturus
1120 2998 1188 3057 illos
1208 3004 1306 3068 esset,
1326 2994 1393 3056 Rex
1412 2992 1618 3075 praefinierat:
1659 3016 1769 3057 somma

966 3092 1119 3153 eeleritate
1138 3093 1259 3151 riurrtins
1279 3086 1419 3149 alllosco
1439 3090 1530 3163 venit,
1546 3100 1771 3168 aecexpectato

966 3184 1082 3246 solenni
1107 3191 1229 3257 ornatu,
1255 3185 1305 3262 qui
1338 3179 1517 3243 obeuntibus
1539 3178 1706 3257 legationes
1732 3202 1769 3239 ex

966 3276 1106 3339 thesauro
1125 3276 1325 3337 llloseovitico
1349 3272 1486 3353 praeberi
1507 3270 1599 3345 solet,
1624 3268 1711 3350 qnod
1741 3275 1769 3333 is

966 3390 1032 3431 erim
1053 3366 1271 3451 impedimentis
1293 3365 1534 3446 subsequeretur,
1550 3384 1589 3423 ne
1607 3360 1680 3424 dies
1702 3376 1772 3425 ante

966 3466 1074 3537 exiret,
1107 3463 1252 3523 communi
1283 3458 1364 3519 cultu
1389 3464 1646 3538 praetermorem
1674 3462 1769 3537 gentis

965 3558 1032 3636 ejus
1057 3554 1237 3633 legationum
1262 3550 1349 3629 Rege
1374 3549 1506 3611 salutato
1530 3549 1652 3611 litteras
1678 3548 1768 3611 reddi·

965 3646 1017 3709 dit.
1060 3644 1189 3725 Quando
1209 3644 1323 3723 Regem
1345 3640 1455 3704 adduci
1484 3662 1545 3703 non
1571 3662 1671 3723 posse
1691 3644 1766 3705 intel·

964 3742 1079 3819 ligaret,
1099 3748 1133 3799 ut
1154 3739 1288 3815 Legatos
1306 3739 1391 3816 pacis
1417 3754 1511 3796 eausa
1537 3732 1579 3795 ad
1605 3756 1644 3797 se
1664 3740 1767 3799 mittat:

964 3854 998 3895 se
1018 3830 1056 3893 de
1071 3835 1140 3913 jure
1166 3849 1305 3909 moreque
1331 3831 1476 3908 majorum
1501 3846 1630 3889 suorum
1661 3840 1693 3890 et
1719 3848 1767 3889 suc

964 3923 1143 3987 concordiae
1158 3942 1250 3985 causa
1261 3919 1433 3983 discedere:
1451 3918 1604 3981 Oratores
1618 3924 1766 4003 primarios

963 4018 1099 4080 homines
1119 4036 1192 4078 suos
1208 4018 1272 4095 jam
1292 4018 1424 4075 mittere:
1463 4020 1533 4075 arrte
1560 4015 1700 4093 quintam
1723 4026 1764 4075 ιιι

963 4131 1107 4172 snrrruurm
1126 4116 1243 4170 sextam
1263 4105 1408 4167 decimam
1419 4108 1552 4185 Augusti
1570 4105 1656 4169 diem
1668 4107 1763 4169 adom

965 4204 1134 4286 postulare,
1154 4222 1208 4263 eos
1229 4200 1295 4261 Rex
1313 4199 1342 4259 V
1346 4199 1423 4260 ilnae
1448 4205 1600 4278 expectet.
1644 4200 1721 4263 Nam
1738 4214 1762 4258 ut

965 4298 1023 4359 alio
1044 4295 1120 4369 loco,
1141 4314 1227 4374 quarn
1249 4294 1276 4353 in
1303 4296 1370 4373 ipsa
1399 4302 1452 4351 aut
1471 4290 1570 4369 Regni
1600 4302 1657 4355 aut
1675 4294 1763 4371 trago

964 4390 1101 4453 Ducatus
1122 4386 1298 4449 Lithnaniao
1317 4384 1392 4447 sede
1410 4383 1557 4445 Oratores
1586 4388 1639 4445 sui
1659 4385 1763 4465 Regem

964 4480 1094 4557 adeant,
1125 4488 1247 4559 recepto
1283 4480 1469 4559 superiorum
1501 4484 1678 4557 temporam
1717 4498 1764 4539 orr-

963 4578 1041 4635 ninm
1073 4592 1153 4633 rnore
1182 4570 1313 4633 refutari.
1354 4569 1565 4651 Responsum,
1598 4569 1718 4651 Regem
1735 4572 1764 4631 le

962 4676 1065 4747 gatos,
1091 4685 1167 4746 quos
1196 4663 1271 4725 alter
1300 4666 1436 4745 superior
1456 4664 1580 4723 :ruritius
1608 4684 1702 4744 quam
1721 4664 1766 4747 pri·

963 4782 1040 4822 mum
1061 4761 1183 4821 missum
1196 4760 1230 4817 iri
1242 4757 1457 4826 eorrbnnasset‚
1468 4753 1570 4816 adbuc
1579 4768 1766 4839 expectasse.

961 4863 994 4915 ut
1012 4853 1120 4914 Vilnae
1140 4849 1310 4925 audiantur,
1338 4849 1437 4909 multis
1456 4847 1516 4909 sibi
1536 4850 1720 4915 nominibus
1737 4856 1761 4913 ir

960 4956 1075 5027 tegrum
1096 4964 1155 5004 non
1176 4963 1256 5017 esse,
1278 4943 1396 5021 longius
1412 4944 1475 5020 jarn
1497 4941 1594 5005 Vilna
1627 4944 1675 5009 ad
1701 4964 1769 5009 exet·

961 5042 1039 5101 citus
1059 5058 1132 5099 suos
1152 5056 1328 5119 progresso:
1369 5035 1578 5115 quibuscum,
1599 5038 1689 5120 quod
1711 5038 1763 5103 mili

960 5144 1018 5193 tern
1039 5134 1104 5193 sine
1124 5151 1230 5207 magno
1255 5149 1374 5189 surenam
1395 5126 1578 5191 detrimento
1601 5136 1687 5199 intm
1708 5134 1770 5199 finer
