3742 5626
881 448 981 530 xi.

313 776 787 901 mumonl
829 729 1582 893 oanmlnffls

905 1039 948 1083 All

397 1224 638 1321 llddltlltl
676 1216 1008 1316 masculini
1042 1216 1259 1340 notan,
1293 1215 1363 1311 ill
1398 1217 1469 1312 dil

579 1464 930 1565 tundiriun
967 1460 1285 1561 allidendi

674 1660 1188 1810 nmsnonnn.

99 2069 1764 2109 m

159 2342 974 2425 SERENISSIMEPRINGEPS
997 2342 1179 2441 GZAR,
1204 2340 1291 2418 Eu
1313 2340 1543 2416 MAGNE
1566 2342 1708 2420 DUX.

99 2608 215 2725 odit
236 2676 447 2735 andronas,
469 2684 546 2746 qnos
566 2663 723 2725 Serenitas
733 2663 845 2724 Vestra
867 2660 906 2723 ad
967 2661 1118 2724 Clerichen
1154 2658 1313 2721 Presbiter
1357 2667 1388 2719 et
1428 2658 1541 2720 Sacrae
1587 2661 1772 2743 Tlreologiae

99 2758 281 2818 Caesaream
312 2755 508 2835 lllajestatem
529 2758 624 2827 misit,
657 2759 721 2835 jam
742 2752 779 2815 de
809 2752 907 2815 reditu
965 2754 1097 2825 Ductor,
1123 2754 1172 2832 qui
1193 2752 1354 2812 Serenitati
1374 2748 1505 2811 Vestrae
1525 2752 1623 2814 Breve
1643 2757 1773 2835 Aposto-

99 2843 233 2926 eogitara'
259 2846 489 2919 intellexissem,
517 2848 583 2906 misi
610 2844 649 2905 ad
675 2866 730 2906 eos
754 2865 844 2907 unum
869 2868 907 2908 ex
965 2846 1065 2920 licum,
1087 2852 1118 2905 et
1135 2843 1192 2923 lias
1212 2862 1295 2905 meas
1315 2843 1431 2905 litteras
1452 2841 1546 2906 dabit.
1574 2842 1773 2911 serenitatem

100 2939 293 3001 familiaribus
306 2942 389 3010 mcis3
411 2946 518 3020 petens
532 2948 565 2998 ut
585 2937 701 2999 litteras
715 2957 807 3011 nreas,
829 2952 905 3019 qando
965 2936 1108 3000 Vestram
1133 2956 1207 3016 rogo
1238 2944 1272 2997 ut
1299 2957 1353 3019 pro
1379 2940 1426 2998 sui
1454 2938 1541 2999 animi
1569 2938 1774 3019 magnitudine

99 3033 198 3111 gravi,
237 3040 268 3092 at
298 3032 416 3112 publica
447 3030 486 3092 de
515 3050 607 3092 causa
644 3019 907 3093 ad'Serenitatem
964 3031 1113 3092 hominem
1126 3029 1257 3109 berrigne
1275 3027 1483 3111 audiateique
1503 3030 1642 3095 mandata
1657 3032 1772 3097 Summi

101 3125 242 3185 Vestram
262 3127 457 3205 scripseram,
479 3136 585 3185 secum
601 3121 766 3198 deterrent,
796 3142 907 3206 easque
965 3114 1121 3185 Pontificio
1158 3126 1333 3204 exponenti,
1370 3130 1401 3184 et
1432 3124 1603 3185 nominatim
1637 3124 1675 3186 de
1707 3148 1774 3190 meo

99 3238 165 3277 meu
196 3220 315 3278 nomine
344 3214 513 3278 redderent.
563 3214 609 3277 llli
641 3236 711 3277 vero
740 3216 840 3278 nrultis
872 3237 907 3277 se
965 3220 1053 3279 etiam
1073 3215 1216 3297 singulari
1237 3236 1309 3295 erga
1329 3212 1528 3278 Serenitatem
1548 3216 1692 3281 Vestram
1713 3230 1773 3283 stu·

99 3310 200 3370 verbis
229 3319 412 3373 mensarum
447 3331 506 3370 non
537 3310 627 3369 licere
656 3309 714 3369 sibi
746 3308 777 3369 id
806 3308 907 3370 lacere
967 3308 1017 3371 dio
1043 3310 1173 3372 narranti
1199 3308 1317 3390 plenam
1337 3306 1425 3370 fidem
1444 3309 1565 3383 tribuat.
1606 3310 1723 3389 Deam,
1743 3325 1775 3377 et

86 3411 257 3487 -prepterea
277 3400 358 3483 quod
379 3422 396 3463 a
416 3402 587 3465 Sercrritate
608 3402 718 3463 Vestra
738 3405 767 3462 in
788 3399 907 3463 nrarrda·
966 3412 1081 3487 patrem
1102 3402 1222 3463 Domini
1242 3400 1347 3463 Nostri
1367 3400 1442 3463 Jes'u
1465 3400 1575 3465 Christi
1595 3406 1774 3487 supplexero

74 3544 77 3551 .
99 3499 140 3557 tis
158 3494 303 3558 haberent
321 3517 360 3557 ne
381 3496 495 3559 litteras
516 3518 534 3557 a
554 3514 671 3576 quinque
691 3505 867 3576 praeterque
888 3514 906 3555 a
965 3506 999 3558 nt
1026 3497 1226 3557 Serenitatem
1255 3494 1395 3557 Vestram
1416 3494 1466 3555 din
1485 3497 1614 3575 salvam,
1640 3509 1670 3560 et
1695 3503 1773 3563 iuco-

48 3554 300 3675 (Saronicum
337 3588 520 3670 imperatore
557 3590 736 3669 acciperent.
790 3590 906 3649 interea
965 3589 1072 3649 lumem
1085 3594 1244 3649 conservet
1262 3589 1388 3668 ejusque
1408 3586 1600 3651 fortissimam
1620 3590 1772 3654 ‹lexteram

100 3681 213 3762 placuit
248 3682 449 3743 sanctissimo
487 3680 616 3741 Domino
649 3681 762 3742 Nostro
791 3680 906 3758 Grcgo·
965 3681 1090 3741 coelesti
1116 3683 1226 3741 virtute
1252 3678 1420 3755 confirmet,
1450 3688 1484 3741 ut
1511 3685 1647 3750 inimicos
1675 3688 1773 3746 crucis

101 3778 145 3835 rio
166 3770 253 3835 Xlll.
275 3773 398 3832 Summo
419 3772 557 3835 Pontifici
585 3794 644 3834 non
670 3774 766 3835 solum
787 3772 906 3833 Sereni·
965 3773 1076 3835 Christi
1096 3774 1249 3857 perpetius
1268 3773 1402 3833 victumis
1422 3783 1602 3852 prosternat.

100 3869 159 3929 tati·
175 3866 307 3927 Vestrae
327 3864 475 3936 seribere,
501 3863 559 3926 sed
577 3876 610 3927 ut
629 3866 772 3927 illustrior
791 3866 906 3946 paterni
1041 3864 1112 3926 Dat.
1133 3863 1329 3927 Ratislronae.

100 3962 212 4019 amoris
232 3978 304 4035 erga
323 3960 420 4037 ipsam
439 3957 618 4036 significatio
639 3966 762 4034 extaret,
783 3966 905 4018 certum·
1042 3958 1245 4018 serenissimo
1272 3975 1309 4016 ao
1334 3952 1551 4019 Potentissimo
1571 3958 1685 4040 Magno
1713 3962 1775 4027 llo·

101 4068 219 4130 quoque
239 4048 386 4111 Nuncium
406 4055 537 4121 mittero,
557 4060 686 4133 atquae
707 4049 745 4113 ad
766 4049 823 4111 Ilei
845 4049 906 4129 glo·
965 4054 1044 4111 mino
1065 4049 1195 4112 Domino
1214 4046 1462 4111 JoanniBasilidi
1482 4049 1572 4124 czar,
1602 4063 1634 4115 et
1661 4054 1775 4137 Magno

100 4144 174 4204 riam
211 4149 243 4202 et
277 4160 458 4203 communem
490 4142 681 4205 Christianae
709 4142 906 4224 Reiprrrblicae
966 4144 1044 4205 Daoi
1064 4142 1207 4214 Russlae,
1228 4138 1454 4214 Volodimiriae,
1478 4141 1775 4221 MoseoviaaNoro·

101 4235 259 4296 utilitatem
281 4254 346 4294 enm
366 4235 536 4297 serenitate
562 4236 674 4301 Vestra
699 4233 817 4315 agenda
837 4242 908 4296 sunt
967 4234 1098 4316 gardiae,
1120 4242 1151 4296 et
1177 4234 1300 4296 aliarum
1321 4234 1510 4316 plurimarum
1530 4237 1697 4321 Regionum
1719 4253 1776 4307 ete.

102 4325 288 4388 commodius
308 4346 408 4388 eoram
428 4330 563 4401 tractari,
590 4336 620 4390 et
639 4336 743 4410 optato
761 4326 820 4388 fine
840 4347 908 4388 con·
1045 4329 1248 4390 Serenissimo
1296 4348 1333 4389 ae
1382 4325 1599 4395 Potentissimo
1641 4333 1776 4417 Principi

102 4419 181 4481 cludi
210 4423 337 4501 possint.
378 4418 472 4481 Venit
499 4423 588 4499 igitur
614 4442 632 4483 a
657 4423 828 4483 Serretitate
853 4440 909 4481 sua
968 4420 1342 4503 magnummontem,
1371 4431 1402 4483 et
1421 4423 1534 4502 lllagno
1562 4424 1640 4488 Duei
1666 4429 1775 4491 loanni

103 4512 142 4576 ad
178 4512 378 4576 Serenitatem
413 4512 555 4573 Vestram
587 4518 698 4575 missus
729 4513 908 4598 liudolphus
967 4514 1095 4580 Basilidi
1118 4514 1230 4579 Terrae
1249 4514 1379 4579 Russiae
1399 4514 1576 4581 llloscoviae
1596 4528 1655 4580 ete.
