3742 5626
517 248 570 310 DE
591 246 728 311 banno
750 240 1263 313 noscuvt'rtc0‚t.181·:nll.
1668 240 1722 301 ill

56 412 147 475 rideri
168 413 297 474 moleste
324 412 448 472 terebat.
486 412 679 472 timebantur
698 408 863 470 ‹tiasensiu-

58 527 115 567 ues
135 506 195 567 liae
213 526 233 567 a
252 504 495 583 magistratuum,
515 504 563 583 qui
585 503 726 564 defuncto
745 502 862 563 Jeanne

57 600 262 661 Clrodlrerieie
288 597 463 677 amplissimi
484 596 646 671 vacabant,
671 596 862 678 petitoribus:

57 692 108 772 qui
126 697 158 751 ut
178 710 197 750 a
218 710 338 769 quoque
359 690 406 749 rel
422 692 523 771 juvari
535 689 583 749 rel
601 688 726 749 destitui
745 709 782 749 se
803 687 862 747 exi·

57 784 233 857 sirmeum,
258 785 301 844 itu
325 783 402 843 alios
421 785 450 843 in
471 804 537 843 cum
558 783 735 843 animabant.
775 780 863 842 bliliti

56 899 116 958 quo
143 875 269 937 dissidia
293 876 369 934 inter
393 894 461 935 cunr
487 876 619 947 tolleret,
646 874 726 954 quod
750 872 863 955 praeda

57 969 255 1050 expectationi
280 969 349 1049 ejus
374 988 432 1027 uon
456 967 665 1047 responderat,
691 966 862 1027 donatiuum

59 1064 127 1124 llex
153 1062 244 1123 dedit.
285 1059 478 1121 Tenebantur
503 1059 603 1121 adbuc
629 1062 659 1121 in
684 1080 755 1137 agre
778 1057 862 1117 Pele·

57 1156 146 1217 ticusi
184 1152 344 1237 praesidiis
379 1152 509 1215 hostium
550 1154 675 1227 Secula,
713 1150 863 1219 'Pureulim

58 1249 155 1321 Susa,
187 1248 306 1326 aliaque
339 1246 466 1305 castella
497 1246 659 1325 quaedam:
692 1265 770 1324 rpuac
806 1242 863 1304 uisi

57 1344 140 1421 prius
159 1360 246 1421 quum
267 1339 337 1401 iude
356 1336 542 1413 diseederet,
567 1338 749 1421 dejecisset,
779 1354 863 1413 paca·

58 1440 118 1494 tam
138 1454 175 1494 se
195 1434 345 1510 regionem
366 1451 433 1491 earu
447 1432 581 1493 obtinere
602 1452 660 1491 nen
681 1448 772 1509 presse
793 1428 863 1488 llex

58 1526 253 1603 intelligebat.
302 1524 437 1585 Maximo
467 1544 486 1583 a
515 1524 627 1582 aeeon
659 1534 690 1582 et
723 1520 864 1581 Turorlia

58 1620 197 1679 timebat:
224 1638 346 1697 quarum
371 1636 439 1677 curu
466 1616 517 1675 illa
535 1636 554 1675 a
574 1615 661 1676 leera
679 1614 720 1675 ud
742 1614 863 1674 Plesce·

60 1712 195 1773 ricusem
215 1711 293 1771 viam
313 1712 488 1790 pertineret,
510 1714 541 1767 et
555 1710 619 1789 jrrm
639 1714 709 1768 autc
728 1708 863 1767 sumeris·

58 1804 105 1864 sis
125 1802 196 1862 inde
223 1804 321 1883 copiis
342 1804 453 1862 tirmata
473 1800 596 1873 suisset,
623 1821 661 1860 ne
686 1799 716 1859 id
736 1800 865 1881 pestbae

59 1916 173 1957 rursum
195 1896 287 1966 lieret,
308 1894 529 1976 majoribusque
548 1895 646 1974 copiis
665 1892 735 1952 indo
753 1890 863 1971 aliquid

58 1994 233 2059 tentaretur,
264 1989 437 2060 verebatur3
465 1984 543 2047 lrarrc
573 1986 654 2065 qued
682 1985 722 2047 ad
746 1986 863 2045 lluuam

59 2080 165 2142 demeu
186 2082 284 2163 quesita
303 2086 397 2149 esset,
417 2079 516 2139 itidem
538 2098 672 2157 magnam
692 2079 784 2139 tetius
796 2080 864 2159 ejus

58 2175 190 2251 regionis
216 2172 404 2233 infeslarnlae
428 2172 674 2251 opportunitatem
695 2169 807 2231 babere
825 2172 864 2229 vi·

58 2265 158 2325 debat.
196 2266 337 2325 Sucoiam
367 2264 530 2325 lllieletiuru
561 2264 658 2323 mittit.
699 2262 757 2323 Hic
783 2264 864 2341 equi·

60 2362 153 2418 tatum
193 2356 412 2438 peditatumque
451 2355 639 2426 Pelenicum,
679 2362 710 2416 et
744 2355 864 2415 militem

59 2450 237 2510 Germanum
258 2468 362 2510 secum
381 2450 480 2508 sumit.
513 2448 681 2510 'Purorliam
703 2447 864 2509 llekesium

60 2564 127 2604 enm
140 2542 290 2619 ilungaris
299 2544 416 2601 mittere
429 2543 459 2602 iu
472 2543 570 2603 urrimo
585 2542 730 2603 babebatt
748 2542 864 2602 interim

60 2657 128 2696 cnm
153 2634 303 2697 Illarlinus
333 2636 455 2695 Curtius
480 2656 546 2695 cum
573 2636 755 2695 Cossaeorum
775 2654 864 2695 manu

59 2728 196 2790 Palatino
222 2727 359 2787 Vilnensi
383 2748 502 2807 operam
528 2748 615 2787 suam
635 2724 810 2797 detulisset,
837 2728 864 2785 is

59 2822 199 2902 adjuncta
225 2822 253 2881 ei
280 2821 478 2880 Constantino
504 2819 684 2879 lmcomseio
709 2817 864 2877 Praefecto

59 2913 166 2975 Ulcusi
196 2912 308 2972 missus
331 2931 369 2971 ec
390 2912 454 2971 luit.
499 2911 612 2983 Musei,
632 2910 682 2988 qui
704 2910 734 2969 in
754 2910 864 2989 praesi-

57 3005 109 3067 dio
129 3014 229 3079 eraut,
255 3004 336 3083 quod
360 3024 415 3085 per
439 3023 495 3063 coa
518 3003 588 3063 dies
606 3008 754 3063 tormenta
773 3012 864 3083 atquc

58 3101 146 3179 ignes
172 3116 296 3159 cessare
319 3095 616 3166 animadvertissent,
642 3093 673 3155 id
691 3095 771 3175 quod
790 3102 864 3165 erat,

58 3192 204 3253 Polotiam
230 3191 261 3250 tu
291 3194 442 3269 potestate
467 3188 563 3267 Regis
593 3208 665 3249 esse
694 3192 864 3272 conjectura

59 3286 284 3353 existimantes,
322 3301 361 3343 ee
390 3284 547 3362 quiequam
583 3281 780 3342 retinentibus
809 3300 864 3341 eos

58 3377 223 3440 Praefectis
242 3395 296 3457 per
315 3394 450 3436 arenam
470 3380 582 3453 portam
599 3394 637 3436 se
657 3376 795 3457 ejiciunt,
821 3374 863 3434 tu·

57 3490 156 3552 ququo
182 3480 313 3531 castrum
338 3468 491 3529 deserant.
542 3468 671 3529 Palatini
694 3467 744 3546 qui
771 3468 802 3526 iu
827 3486 864 3527 eo

58 3567 279 3637 remanserant,
308 3561 348 3624 ad
366 3561 485 3641 {legem
504 3560 701 3622 adducuntur.
742 3558 864 3634 Susam,

58 3655 138 3737 quud
170 3656 298 3716 omnium
338 3664 425 3714 esset
462 3654 671 3722 munitissima,
704 3652 735 3711 iu
766 3670 863 3731 eaque

58 3748 188 3811 dloscua
206 3749 359 3809 maximum
379 3752 546 3826 apparatum
569 3746 649 3815 belli,
668 3752 864 3805 commeatus·

58 3862 117 3922 quc
137 3840 275 3902 baberet:
295 3844 326 3899 et
345 3844 444 3899 tameu
463 3840 587 3899 citerius
607 3838 726 3899 Dauum
745 3838 776 3897 iu
796 3836 863 3897 sole

58 3932 236 3995 hithuauico
257 3934 355 4009 positu
366 3929 526 4013 pracsidlis
544 3930 613 3991 aliis
633 3931 753 4001 excisis,
774 3929 863 3989 omui·

58 4046 119 4105 que
142 4034 310 4085 commeatu
335 4025 511 4096 intercluso,
534 4022 609 4081 ultro
635 4024 665 4083 ie
684 4027 864 4104 potestatem

59 4124 183 4177 ventura
213 4114 376 4191 rideretur,
407 4117 436 4177 in
463 4114 636 4196 praeseutia
662 4121 777 4177 tentare
805 4136 863 4177 uon

58 4208 212 4288 placebat;
232 4210 342 4287 quibua
360 4210 453 4271 rebus
471 4207 629 4289 perlectis.
649 4229 726 4288 quac
745 4208 786 4271 ad
803 4214 863 4271 ata·

58 4309 122 4365 tum
142 4301 308 4379 provinciae
325 4302 550 4378 stabiliendum,
576 4300 800 4383 divinarumque
820 4322 864 4363 re·

58 4416 123 4457 rum
141 4412 239 4453 curam
260 4396 448 4473 pertinerent,
467 4394 673 4457 administrare
691 4394 763 4457 llex
781 4396 863 4457 lusti·

58 4489 127 4549 tait.
167 4485 320 4567 'l'emplnai
342 4488 421 4548 arcis
439 4490 500 4549 etsi
525 4490 601 4551 satis
618 4488 748 4570 amplam
767 4496 864 4565 esset,

58 4600 111 4661 pro
131 4590 222 4661 captu
241 4582 330 4641 etiam
357 4580 415 4641 leci
436 4582 588 4659 magnilica
614 4602 654 4643 ex
666 4580 775 4665 lupide
795 4602 863 4643 con-

923 412 1030 482 maret,
1059 411 1090 466 ut
1114 424 1182 465 mim
1208 404 1325 483 longina
1352 403 1459 464 bellum
1486 404 1516 463 iu
1540 400 1725 465 dioscoriam

922 499 1051 579 prolerre
1070 500 1100 559 iu
1119 498 1216 559 anime
1234 496 1367 567 liaberet,
1387 496 1724 578 iutelligeretquequau·

921 598 981 653 tum
1002 590 1043 653 ad
1062 592 1179 654 animos
1197 588 1347 649 homiuum
1368 590 1397 649 iu
1418 608 1524 651 omnes
1541 596 1641 669 partes
1661 608 1724 672 per·

921 685 1086 747 merendus
1111 684 1215 762 religio
1236 687 1356 760 posset,
1383 700 1421 741 ue
1446 682 1597 761 religionis
1615 704 1726 758 amere,

920 780 948 837 si
969 798 1036 839 earu
1055 775 1276 857 relinquendam
1297 776 1515 845 existimarent,
1533 796 1551 834 a
1572 775 1727 838 dcdltioul·

922 871 978 931 bus
1008 872 1252 932 absterrerentur.
1305 868 1354 929 Ad
1384 868 1538 929 Romanae
1566 868 1727 935 Ecclesiae

921 984 997 1024 usus
1023 983 1128 1024 uerum
1154 962 1300 1041 designat.
1342 962 1421 1022 linia
1443 978 1532 1039 egram
1552 966 1583 1021 ct
1602 982 1726 1043 possea·

921 1058 1035 1129 sineres,
1056 1076 1093 1115 ex
1114 1056 1152 1116 iis
1172 1077 1248 1135 quae
1269 1056 1395 1117 maxime
1416 1056 1532 1115 vicione
1551 1062 1649 1127 eraut,
1667 1075 1726 1116 am·

922 1149 1075 1229 piissimas
1093 1148 1219 1210 addicit:
1240 1150 1389 1227 certisque
1406 1148 1596 1225 proventibus
1617 1150 1727 1211 annuis

921 1242 960 1302 ad
980 1242 1188 1323 perlicieudma
1216 1242 1356 1303 lubricam
1375 1262 1413 1303 ac
1431 1240 1620 1302 sacerdotum
1639 1260 1725 1313 usus,

922 1333 991 1395 dum
1010 1354 1082 1411 ager
1101 1336 1270 1395 evastitato
1290 1334 1329 1395 ad
1349 1334 1490 1395 culturam
1507 1334 1726 1414 perduceretur,

922 1448 941 1487 c
962 1428 1088 1505 portorio
1115 1429 1232 1487 iuterim
1251 1430 1430 1505 assignatis,
1459 1426 1623 1489 Societatis
1648 1428 1725 1490 desa

923 1519 1107 1581 Sacerdotes
1128 1522 1157 1578 iu
1170 1541 1207 1580 co
1227 1521 1367 1582 collocat:
1387 1540 1509 1601 quumm
1530 1522 1726 1603 ctpietatcm,

923 1622 954 1671 ct
973 1614 1003 1671 iu
1024 1612 1204 1674 reducendis
1228 1615 1268 1674 ab
1293 1632 1391 1673 errore
1417 1611 1587 1674 bominibus
1606 1612 1727 1693 diligen-

922 1706 989 1765 tium
1011 1706 1163 1785 probabat,
1183 1726 1332 1786 quamque
1353 1726 1390 1765 co
1409 1708 1507 1783 magis
1526 1708 1726 1769 necessariam

923 1798 1049 1859 suturam
1071 1800 1111 1857 ibi
1128 1799 1298 1881 judicabat,
1317 1819 1376 1879 quo
1396 1800 1490 1879 major
1508 1800 1538 1857 in
1558 1799 1727 1861 bominibus

922 1891 983 1951 illis
1007 1912 1045 1951 ac
1071 1893 1198 1953 inarime
1223 1893 1394 1971 agrestibus
1420 1911 1478 1951 nou
1505 1891 1591 1952 modo
1617 1892 1726 1955 dlriea·

923 2005 984 2044 rrrm
1015 2005 1111 2044 rerum
1138 1986 1266 2046 umuium
1291 1987 1472 2066 ignorantia,
1500 1984 1557 2045 sed
1590 1986 1727 2064 impietas

921 2081 1004 2137 tante
1031 2084 1129 2137 esset:
1154 2084 1187 2138 et
1211 2098 1278 2139 cum
1304 2079 1344 2140 ad
1364 2078 1507 2139 colendos
1526 2098 1617 2159 agros
1635 2077 1726 2143 hemi-

924 2170 1011 2229 nibus
1032 2191 1089 2229 uon
1108 2170 1303 2245 abundarent,
1322 2172 1411 2253 plebs
1429 2172 1580 2233 rusticana
1594 2172 1726 2233 muribus

922 2264 988 2323 suis
1006 2262 1046 2323 ad
1064 2266 1198 2344 proprias
1218 2286 1344 2337 uxores,
1373 2285 1544 2325 communes
1562 2265 1639 2327 alias
1658 2266 1727 2327 siliis

923 2356 1085 2417 infantibus
1103 2356 1240 2419 duceret:
1258 2378 1324 2418 eum
1345 2358 1403 2433 iris,
1423 2377 1482 2437 quo
1501 2359 1637 2439 pluribus
1656 2358 1727 2419 llbe-

923 2450 965 2508 ris
990 2448 1106 2508 demum
1127 2450 1321 2529 complerent,
1346 2452 1460 2511 iuterim
1483 2450 1727 2529 concumbebant,

923 2542 1050 2622 filiisque
1071 2542 1195 2614 deiude,
1221 2551 1377 2623 postquam
1403 2542 1442 2605 ael
1464 2546 1579 2625 justam
1600 2548 1725 2605 aetatem

923 2636 942 2695 ii
962 2637 1181 2715 pervenissent,
1200 2656 1254 2695 eas
1274 2636 1440 2706 tradebant,
1461 2635 1573 2707 fossam
1594 2638 1727 2698 munitio·

924 2748 1039 2806 ucsque
1058 2730 1097 2788 ab
1115 2731 1246 2789 exercitu
1258 2731 1410 2789 institutas
1424 2729 1594 2805 liurrgarum
1604 2730 1727 2791 militem

921 2820 1071 2900 complere
1097 2822 1195 2901 jubet.
1249 2820 1397 2881 blurorum
1430 2827 1541 2899 purtem
1570 2821 1727 2903 deJectam,

923 2912 1070 2991 quomodo
1099 2912 1215 2972 restitui
1245 2912 1329 2988 velit,
1358 2931 1516 2993 arcemque
1541 2914 1637 2993 ipsam
1668 2936 1728 2996 quc

922 3005 1036 3065 ratione
1055 3005 1175 3075 ururriri,
1201 3002 1395 3065 demonstrat.
1434 3004 1613 3079 Pecuniam,
1639 3028 1729 3088 quac·

923 3118 982 3177 qne
1001 3097 1059 3158 alia
1078 3098 1147 3157 risui
1166 3098 1227 3158 sirit
1246 3097 1285 3159 ad
1304 3117 1370 3159 eam
1391 3118 1453 3159 rem
1472 3096 1626 3179 designata
1646 3118 1727 3181 prae·

923 3189 1019 3251 sectos
1039 3192 1201 3251 coustituit.
1226 3191 1398 3270 Regebatur
1419 3190 1535 3252 Palatia
1554 3194 1728 3275 antiquitus,

923 3282 1168 3363 quemadmodum
1189 3288 1221 3344 et
1239 3283 1348 3347 litorio
1366 3305 1385 3346 a
1404 3282 1528 3363 Legatis
1546 3284 1653 3365 Regiis
1673 3288 1726 3351 Pa·

923 3376 1079 3437 latinorum
1100 3376 1212 3438 bonore
1231 3398 1267 3439 ac
1280 3378 1432 3455 dignitate,
1453 3398 1521 3441 enm
1540 3400 1595 3460 per
1612 3382 1726 3443 unirer·

922 3490 987 3531 sam
1007 3469 1195 3531 Litbuauiam
1208 3490 1267 3531 uon
1286 3470 1389 3552 plures
1401 3491 1490 3552 quam
1509 3470 1568 3533 dno
1590 3472 1727 3547 Palatiul,

923 3562 1079 3624 Vilneusia
1098 3583 1135 3624 ac
1155 3563 1333 3639 Troesmis,
1353 3564 1474 3627 totidem
1495 3566 1661 3629 castellani
1679 3588 1727 3629 es·

922 3657 1137 3729 seet,carebat.
1147 3656 1258 3718 Postea
1268 3656 1727 3737 amplificarea'ennemmmm-

923 3770 970 3817 co,
989 3768 1047 3807 riou
1068 3748 1157 3809 modo
1171 3748 1307 3809 Peletiae
1318 3755 1348 3809 et
1361 3748 1487 3810 liiusiae
1497 3748 1651 3827 lineales,
1669 3750 1726 3813 sed

922 3851 954 3901 et
974 3838 1131 3903 Vitebscia
1155 3841 1245 3917 digua
1271 3842 1337 3903 risa
1360 3848 1423 3917 est,
1455 3862 1533 3921 quae
1552 3863 1571 3903 a
1589 3842 1727 3905 Palatlue

922 3932 1183 3995 administraretur.
1222 3934 1355 3995 Pelotiae
1381 3934 1536 3995 Palatinus
1555 3939 1634 4007 erat,
1660 3956 1726 3997 cum

922 4024 1068 4087 ablosee
1094 4033 1265 4107 caperetur,
1295 4026 1467 4087 Staeislaus
1494 4026 1647 4111 llerojmr
1676 4030 1726 4110 qui

922 4138 989 4180 cam
1012 4139 1104 4180 urere
1128 4118 1271 4181 Petronia
1301 4139 1320 4180 e
1344 4118 1443 4180 Deme
1467 4118 1670 4183 ltadlvilorum
1695 4123 1726 4183 ia

921 4210 1105 4274 bleseoviam
1131 4212 1293 4283 abductas,
1325 4233 1392 4273 eum
1416 4233 1471 4294 per
1492 4216 1607 4297 aliquot
1630 4236 1726 4277 anuos

921 4304 951 4364 in
980 4306 1125 4367 servitute
1161 4312 1193 4366 et
1226 4306 1422 4388 compedibus
1450 4309 1539 4369 vitam
1574 4311 1726 4387 traxisset,

922 4416 980 4459 uon
1009 4398 1093 4479 prins
1122 4398 1192 4461 iude
1222 4398 1322 4476 rediit,
1351 4420 1440 4481 quam
1468 4404 1508 4465 ab
1532 4402 1726 4481 sigismundo

922 4492 1071 4569 Augusto,
1091 4512 1183 4553 uaore
1202 4496 1271 4575 ejus
1289 4492 1320 4553 in
1340 4494 1512 4575 captivitate
1530 4504 1655 4571 mortae,
1674 4494 1725 4557 all·

921 4592 993 4663 quel
1011 4606 1168 4648 aurcomm
1193 4587 1324 4648 millibus
1348 4586 1550 4647 redimeretur.
1592 4588 1667 4649 Cum
1686 4585 1725 4649 de

58 4677 220 4747 structum,
244 4673 324 4753 qued
349 4680 448 4735 tamen
468 4694 488 4736 a
508 4674 617 4736 Graeci
640 4677 717 4737 ritus
741 4674 862 4736 homiui·
920 4681 1132 4762 conjunctione
1156 4682 1232 4741 iuter
1259 4680 1393 4741 Poleuas
1417 4698 1454 4739 ac
1478 4678 1648 4740 taruennae
1666 4680 1725 4741 aab

59 4765 117 4826 bus
150 4772 314 4841 teneretur,
347 4786 471 4847 quoram
506 4774 537 4827 et
567 4788 675 4847 magna
706 4768 862 4829 multitudo
920 4771 1114 4849 sigismundo
1140 4774 1279 4851 Augusto
1305 4772 1511 4843 coercuisset,
1536 4790 1573 4832 uc
1596 4792 1656 4853 quo
1674 4770 1723 4833 ht

57 4866 160 4929 essct,
184 4861 214 4920 in
235 4880 333 4941 eaque
347 4862 400 4941 jus
420 4879 457 4922 ec
476 4864 634 4939 possessio
653 4860 863 4939 antiquissima
919 4861 1128 4927 tlruanieerum
1138 4864 1316 4926 Senatorum
1325 4883 1464 4924 uumerus
1484 4862 1657 4926 Peleuieum
1675 4884 1723 4927 uc·

56 4950 215 5027 rideretur,
234 4955 303 5035 ejus
323 4953 467 5014 formulae
486 4952 636 5035 Episcopo
648 4952 791 5024 Ruaaico,
811 4954 860 5033 qui
920 4962 1041 5035 queret,
1067 4958 1235 5037 complures
1258 4978 1312 5038 per
1330 4955 1520 5019 Litlrnaniam
1541 4958 1670 5021 Palatiai
1687 4976 1724 5025 at

56 5050 128 5105 uate
148 5046 210 5125 jam
237 5049 338 5125 templi
364 5050 432 5130 ejua
457 5047 572 5108 titulum
597 5046 771 5109 Vitebsriae
796 5048 861 5127 ipae
920 5049 1084 5111 castellani
1104 5052 1196 5113 creati
1216 5051 1361 5113 tuissent:
1379 5052 1449 5131 qaia
1467 5054 1528 5131 agri
1541 5050 1724 5115 Polaticesla

55 5156 154 5215 egeus
172 5142 348 5217 usurpabat,
373 5144 521 5223 permisit:
547 5143 671 5203 maxime
690 5162 760 5203 vcro
780 5140 861 5221 qued
919 5141 1051 5203 neuuilril
1070 5144 1100 5205 iu
1120 5149 1270 5225 potestate
1289 5144 1388 5207 adlmc
1408 5150 1483 5217 erat,
1503 5145 1543 5207 ud
1556 5145 1722 5209 Palatinum

54 5232 125 5311 ejus
144 5250 263 5309 quoque
281 5234 325 5295 rei
342 5234 485 5298 rationem
496 5234 665 5299 habendam
683 5236 741 5297 sibi
760 5236 859 5299 calati-
918 5234 1112 5298 castellanus
1136 5238 1225 5301 etiam
1250 5236 1388 5321 adiectas
1409 5239 1478 5313 tuit;
1504 5260 1564 5319 quo
1589 5246 1722 5315 tempora
