3742 5626
154 228 213 291 uu
712 218 950 291 autunum!
970 216 1294 289 nemausumuu

157 390 245 455 modo
264 394 390 459 victum,
407 388 463 451 sed
484 391 636 471 prou'uoia
660 386 796 463 l‘olotia,
823 406 899 469 quae
919 385 958 443 ui·
1019 383 1065 444 rel
1086 383 1157 447 nibil
1177 386 1216 451 ab
1229 386 1400 469 eoperieuli
1413 383 1627 468 expectandum
1640 384 1731 446 uobis
1744 403 1826 459 esse,

156 490 271 547 ctoriae
294 484 384 565 bajus
409 490 582 564 perpetuum
612 488 831 542 mouumentum
860 478 959 541 futura
1018 474 1104 539 uene
1130 479 1219 542 uobis
1244 478 1332 541 fidem
1362 478 1485 540 faceret.
1530 478 1608 557 Quis
1639 478 1720 539 euim
1746 476 1826 537 alius

155 580 212 651 sit,
241 598 277 639 ac
301 579 484 657 superiorum
512 576 697 635 victoriarum
724 575 792 655 ejus
815 569 959 652 dignitate
1017 577 1121 632 tantae
1139 573 1183 633 rei
1209 571 1336 635 idoneus
1366 580 1470 633 auctor
1495 570 1626 632 existat?
1667 578 1701 632 at
1726 590 1826 631 uonru·

155 669 314 753 spoliatum
338 687 415 749 peue
441 685 528 729 esse:
557 685 661 728 omnes
693 667 760 747 ejus
784 664 960 747 triumphos,
1017 670 1101 726 tauta
1120 664 1216 744 gloria
1236 665 1315 727 bello
1334 665 1394 726 lroc
1413 674 1509 746 parta,
1531 683 1608 744 quae
1623 662 1775 743 deinceps
1788 660 1826 723 de

157 782 233 843 quos
258 780 313 842 pcr
337 766 383 820 tot
407 778 503 819 annos
529 756 567 819 de
592 757 757 822 Livouibus
783 766 814 820 et
838 757 959 830 Sueeis,
1017 756 1106 817 uobis
1127 757 1274 819 bominum
1295 760 1474 819 existimatio
1493 756 1592 819 futura
1611 759 1669 831 sit,
1697 774 1824 817 como·

158 873 233 935 quos
269 851 308 914 de
343 850 473 914 Caoauis
511 860 543 913 et
572 850 772 915 Astracbanis
811 850 960 925 subactis,
1016 846 1170 911 vebimurl
1190 859 1242 912 aut
1261 851 1323 912 ulla
1342 852 1457 911 ratione
1477 851 1646 931 opinionem
1667 847 1752 911 bello
1770 846 1823 909 boc

156 966 233 1027 quos
252 942 292 1006 de
311 942 456 1020 Tartaris,
476 942 516 1005 de
534 943 659 1017 Tuscis,
678 942 808 1026 denique
834 943 960 1006 Tanaim
1018 940 1174 1003 collectam
1194 946 1271 1005 tueri
1290 964 1347 1005 nos
1367 962 1468 1025 posse,
1487 944 1515 1003 ei
1536 944 1565 1003 in
1585 950 1691 1004 tantu
1713 960 1820 1021 reage-

156 1048 188 1101 et
209 1037 336 1117 Volgam
352 1038 495 1117 jungere,
522 1036 723 1119 Caspiumque
741 1057 823 1099 mare
849 1040 880 1099 in
901 1037 959 1099 Eu·
1017 1030 1129 1095 rendae
1156 1036 1285 1115 ingressi
1313 1036 1343 1095 in
1368 1033 1465 1096 medio
1491 1054 1593 1096 earum
1618 1054 1713 1095 cursu
1735 1030 1819 1095 desti

157 1135 256 1193 xinum
266 1132 395 1191 l’outum
416 1130 574 1191 inmittere
585 1130 778 1203 tentantibus,
798 1126 896 1211 deqrm
915 1136 961 1190 tut
1018 1132 1174 1188 menese
1200 1126 1368 1189 videamur:
1399 1147 1564 1208 quenquam
1591 1125 1727 1209 denique
1752 1125 1820 1187 futu·

157 1224 225 1287 aliis
245 1222 399 1285 bellicosis
418 1232 450 1283 et
469 1220 606 1284 barbaris
628 1222 798 1284 nationibus
815 1222 960 1295 babuerit,
1018 1238 1083 1279 rum
1109 1220 1358 1296 existimabimus,
1387 1224 1436 1300 qui
1467 1239 1526 1280 reon
1559 1219 1699 1282 fortunae
1725 1222 1820 1301 polim

157 1318 213 1378 flac
232 1316 356 1377 uictoria
376 1315 405 1376 ei
424 1312 576 1377 detractos
601 1318 630 1375 in
655 1314 713 1377 huc
734 1313 772 1377 de
791 1315 843 1375 illu
861 1318 959 1377 trium·
1018 1331 1184 1375 successus
1205 1314 1313 1387 hosce,
1340 1334 1427 1393 quarn
1454 1313 1552 1373 virtuti
1577 1312 1749 1375 tributurus
1768 1312 1821 1373 sitl

158 1409 217 1491 pluo
238 1408 401 1491 praelatum
421 1408 467 1469 iri.
1019 1404 1099 1467 Sunt
1124 1409 1216 1482 euin,
1248 1426 1326 1487 quae
1351 1407 1458 1467 uirtute
1491 1425 1529 1465 ac
1557 1406 1677 1467 ratione
1701 1402 1819 1465 aduini·

233 1500 321 1580 Quae
341 1520 429 1581 quum
449 1508 559 1581 quarua
578 1502 653 1577 siut,
680 1503 788 1582 inquit,
812 1522 883 1583 erga
903 1522 960 1563 nos
1017 1506 1164 1574 straruur,
1194 1519 1282 1581 quum
1303 1500 1411 1579 exigua
1434 1500 1472 1560 iis
1494 1497 1610 1561 fortune
1636 1498 1821 1565 interveniet,

159 1594 216 1657 llei
236 1591 390 1669 beneficia,
411 1592 611 1673 intelligamus
630 1613 751 1669 omnes,
776 1593 880 1657 eaden
901 1596 959 1655 uisi
1015 1610 1119 1652 eorum
1139 1600 1170 1653 et
1186 1590 1284 1653 media
1303 1593 1419 1673 prinis,
1439 1600 1471 1653 et
1488 1593 1585 1653 exitus
1606 1593 1821 1671 utrisquecon-

157 1688 327 1751 constautia
354 1706 392 1748 ao
417 1686 525 1746 uirtute
547 1693 697 1757 tueamur,
726 1690 831 1750 inertia
856 1695 959 1749 nostra
1017 1685 1171 1748 seutanei:
1197 1683 1334 1747 fortunae
1359 1694 1392 1746 ut
1417 1684 1502 1746 caeci
1527 1692 1599 1746 sunt
1621 1687 1767 1765 impetus,
1784 1683 1821 1743 ita

154 1782 269 1843 fructus
296 1780 391 1840 exiis
416 1780 615 1859 percipiemus
638 1778 752 1853 nullos,
777 1800 814 1841 ex
840 1780 960 1862 quibus,
1017 1775 1120 1838 ultima
1140 1796 1207 1840 raro
1233 1777 1337 1857 primis
1362 1773 1586 1858 respondentia.
1634 1774 1724 1853 Quot
1748 1788 1821 1849 soret,

155 1879 183 1937 si
202 1880 286 1935 recte
306 1872 489 1949 benignitate
508 1868 566 1934 bae
584 1868 686 1933 diviua
710 1880 840 1945 ummur,
872 1878 960 1936 maxi·
1017 1872 1068 1951 qui
1088 1873 1117 1930 in
1137 1878 1221 1932 mute
1239 1867 1383 1931 ditionum
1403 1867 1597 1951 amplitudine
1616 1865 1819 1931 difficultatem

157 1986 223 2029 nuos
242 1965 396 2047 percipere
406 1966 566 2045 possimus.
587 1961 730 2043 Magnum
744 1972 801 2036 est,
821 1964 959 2048 quodque
1017 1982 1117 2024 eorunm
1144 1960 1444 2025 administrandarum
1470 1968 1624 2037 verentur,
1655 1982 1716 2023 nec
1739 1982 1819 2044 expe·

157 2058 361 2141 superioribus
380 2055 565 2137 temporibus
591 2058 640 2117 vix
664 2055 845 2138 sperandum
870 2059 959 2121 nubis
1017 2056 1138 2115 tendum
1160 2054 1251 2116 latius
1272 2056 1425 2137 imperium
1450 2059 1569 2135 putent,
1595 2051 1679 2135 quod
1705 2064 1820 2137 sumptu

156 2150 321 2219 videbatur,
341 2147 555 2229 amplissimum
574 2168 676 2227 agrum
699 2149 737 2211 ab
757 2150 894 2213 hosh’bus
913 2162 960 2215 tot
1016 2167 1054 2209 ac
1073 2147 1176 2209 labore
1196 2166 1304 2227 magno
1315 2156 1440 2230 partum,
1461 2146 1661 2227 Reipublicae
1678 2166 1738 2209 usu
1752 2147 1818 2209 nulli

157 2262 298 2307 annorum
326 2242 427 2320 spatio
451 2259 646 2321 possessum,
677 2262 735 2323 quo
765 2246 889 2307 maxima
923 2268 959 2309 ex
1016 2260 1087 2303 esse
1107 2243 1219 2321 possit:
1250 2244 1352 2301 mirum
1378 2260 1453 2301 sane
1477 2236 1573 2301 videri
1598 2235 1710 2317 debet,
1738 2245 1817 2303 eoin

156 2346 240 2417 parte
255 2354 329 2415 opes
350 2331 545 2395 Litlruauicae
563 2331 711 2412 quondam
724 2336 896 2410 niterentur,
915 2359 959 2400 re·
1016 2332 1184 2414 Republica
1204 2335 1302 2393 auiam
1327 2352 1494 2414 quenquam
1513 2352 1601 2409 esse,
1628 2353 1691 2415 quo
1717 2334 1748 2395 in
1769 2354 1816 2395 sua

160 2436 292 2507 septumo
312 2424 428 2484 bostem
448 2431 493 2484 lot
511 2444 719 2506 prosperarum
730 2447 826 2488 rem
839 2448 959 2491 succes·
1015 2428 1058 2487 sit
1077 2446 1173 2487 eremo.
1213 2424 1291 2502 Quis
1309 2428 1388 2488 euim
1405 2426 1524 2486 omuino
1543 2432 1603 2501 est,
1623 2428 1675 2507 qui
1696 2446 1757 2489 uon
1775 2424 1817 2487 de·

156 2538 194 2579 su
220 2516 327 2577 elatum
358 2516 388 2574 iu
414 2525 557 2597 perpetuo
589 2520 776 2579 uictoriarum
800 2541 889 2583 crrrsu
916 2544 959 2585 re·
1017 2538 1082 2580 cem
1101 2520 1323 2599 possessiones,
1342 2538 1430 2598 quarn
1449 2536 1537 2579 unam
1558 2516 1664 2580 maliti
1687 2520 1817 2599 grauiora

157 2628 309 2695 pressurus
337 2626 444 2669 averse
469 2626 550 2669 arma
575 2610 643 2689 ejus
671 2610 701 2671 in
727 2617 896 2676 uastitatem
922 2636 959 2677 ac
1016 2618 1089 2671 suut
1109 2630 1200 2671 onera
1220 2609 1337 2691 amplae
1363 2610 1407 2672 rei
1432 2608 1604 2673 familiarior
1630 2608 1741 2673 eadem
1766 2630 1816 2673 na·

156 2704 316 2786 perniciem
336 2698 479 2763 ditionum
491 2700 727 2766 barumiutenta.
749 2702 858 2769 Omnia
875 2708 959 2782 baec,
1012 2702 1132 2785 juribus
1153 2702 1316 2765 commodis
1343 2701 1677 2785 opportunitatibusque
1697 2724 1816 2786 pensan

153 2796 214 2857 nisi
233 2794 362 2877 reliqua,
388 2813 464 2876 quae
482 2801 613 2867 restant,
641 2794 713 2859 belli
739 2800 806 2879 ejus
826 2799 959 2882 perficia-
1016 2805 1073 2858 tur.
1113 2795 1309 2879 Reipublicae
1328 2814 1399 2856 vero
1418 2802 1540 2857 nostrae
1558 2814 1617 2875 ego
1636 2795 1718 2859 banc
1737 2800 1817 2859 ratio-

156 2907 231 2959 mus,
250 2906 366 2961 uereor,
384 2894 418 2947 ut
437 2906 496 2947 uon
519 2884 608 2948 modo
627 2888 765 2951 utilitatis
777 2892 849 2953 nibil
871 2894 980 2957 nobis¹
1016 2909 1083 2951 nem
1104 2909 1175 2951 esse
1193 2884 1297 2962 video,
1319 2895 1353 2949 ut
1374 2888 1400 2949 ui
1420 2906 1530 2949 nemus
1555 2906 1654 2949 rerum
1678 2888 1816 2969 gerenda·

155 2980 308 3053 attulisse,
338 2978 395 3040 sed
424 3000 462 3039 ue
487 2977 618 3060 optanda
644 2980 762 3061 quidem
788 2992 958 3047 teutonum
1015 3002 1080 3043 rum
1099 2980 1220 3054 habere,
1240 2982 1267 3041 si
1291 2987 1403 3041 statum
1422 2979 1501 3041 hune
1519 2981 1648 3043 civium
1674 2987 1754 3044 tueri
1774 3003 1817 3043 ue·

155 3074 257 3133 laboro
283 3092 320 3133 ac
346 3078 465 3152 sumptu
496 3070 591 3133 fuisse
620 3071 785 3137 uideantur.
831 3076 958 3141 Hostem
1015 3076 1122 3151 limus,
1150 3094 1258 3135 novum
1282 3071 1401 3134 omnlino
1431 3072 1566 3153 Regnum
1589 3076 1768 3135 necessario
1794 3078 1820 3136 ei

155 3163 299 3227 babemus
318 3165 572 3243 potentissimum,
603 3168 690 3247 cujus
715 3188 793 3249 quae
819 3180 958 3250 quantae·
1015 3166 1237 3248 adjungendum
1263 3167 1313 3227 slt.
1353 3165 1432 3226 Nam
1457 3184 1522 3227 eum
1545 3162 1671 3226 ditiones
1697 3184 1822 3238 omnies,

154 3278 213 3339 que
234 3277 309 3339 opes
334 3258 411 3329 sint,
442 3264 473 3317 et
497 3276 585 3317 nemo
610 3260 727 3337 ignerat
751 3269 901 3337 nostrum,
928 3272 959 3325 et
1014 3280 1094 3342 queo
1113 3257 1152 3321 ad
1172 3277 1237 3319 eam
1257 3267 1466 3334 accesserunt,
1489 3257 1686 3321 murmura
1704 3255 1821 3320 iisdem

153 3358 200 3411 tot
226 3348 363 3410 devictae
388 3346 427 3407 ab
454 3367 491 3407 eo
515 3351 653 3410 nationes
672 3360 828 3416 testantur.
869 3354 958 3418 Ηιιιιο
1014 3351 1133 3432 legibus
1153 3358 1292 3432 receptae
1312 3353 1374 3411 siut
1393 3370 1512 3413 onnes:
1533 3346 1615 3411 nulla
1637 3350 1672 3409 in
1699 3355 1820 3433 provin-

155 3438 357 3509 motleratene,
376 3438 424 3498 uel
446 3438 523 3500 bane
543 3440 676 3503 amissae
698 3447 869 3524 prouinciae
889 3468 957 3509 eon·
1013 3444 1081 3507 ulae
1106 3441 1229 3504 formam
1259 3442 1399 3529 redacta:
1430 3442 1511 3504 nulla
1539 3440 1699 3505 fibularia
1726 3443 1822 3507 factat

154 3531 306 3595 tumeliam
326 3528 417 3600 ferre,
442 3530 489 3591 vel
515 3531 681 3611 quieturum
702 3539 859 3617 putamus?
888 3540 957 3603 Fre·
1015 3541 1118 3619 itaque
1137 3540 1167 3597 iu
1186 3539 1251 3618 pari
1278 3539 1407 3596 omnium
1432 3534 1585 3613 libertate,
1616 3554 1714 3597 onera
1733 3540 1818 3600 etism

156 3626 207 3685 mit
226 3623 277 3685 ille
292 3626 374 3703 jem,
399 3630 429 3682 ct
450 3630 590 3703 tanquam
611 3624 673 3687 fera
693 3628 792 3711 aliqua
813 3633 890 3695 iutra
910 3654 956 3695 se·
1015 3637 1180 3711 exaequata
1198 3630 1261 3690 sint
1281 3630 1358 3689 inter
1377 3646 1496 3689 omnest
1521 3630 1558 3690 iis
1576 3628 1608 3690 si
1626 3627 1724 3691 leuari
1743 3630 1816 3693 volu·

153 3722 204 3799 pta
227 3714 387 3789 conclusa,
421 3734 524 3777 omnes
549 3717 660 3779 amissa
685 3722 896 3804 recuperandi,
928 3736 959 3789 et
1016 3742 1090 3796 mus,
1111 3742 1198 3802 quam
1218 3723 1285 3801 ejus
1306 3724 1349 3783 rei
1370 3719 1542 3782 facultatem
1554 3719 1748 3795 babebimus,
1766 3724 1818 3784 nini

153 3816 297 3888 acceptas
317 3808 442 3887 iujurias
462 3807 628 3870 ulciscendi
647 3813 746 3875 exitus
767 3836 804 3877 ac
823 3818 956 3880 rationes
1015 3815 1150 3877 instituto
1183 3816 1374 3874 maximorum
1410 3832 1656 3895 quorumeunque
1689 3816 1814 3899 inperio

155 3902 281 3982 quaerit.
321 3900 437 3961 Demus
469 3899 539 3963 huic
563 3902 611 3963 vel
636 3907 825 3970 cunctatione
852 3922 957 3974 nostes
1013 3926 1087 3980 rum,
1105 3925 1162 3967 nos
1181 3908 1270 3967 etiam
1290 3924 1397 3966 novum
1418 3909 1446 3966 ei
1460 3907 1615 3988 inperium
1624 3904 1814 3989 adjiciam:

153 3993 201 4053 vel
222 4012 296 4073 pace
316 4010 382 4052 cum
403 4012 439 4053 eo
461 3991 552 4069 faeta,
570 3994 730 4075 colligendi
740 4000 798 4075 sui,
817 4012 954 4086 accepta·
1012 4000 1042 4060 in
1063 3996 1144 4081 quod
1167 3996 1286 4059 tributis
1310 3996 1563 4079 uectigalibueque
1588 3998 1619 4059 in
1649 4020 1691 4062 eo
1715 4004 1813 4065 conati

155 4104 212 4163 que
232 4082 418 4143 inconmoda
444 4106 481 4147 ac
506 4083 672 4149 domestica
696 4090 834 4169 vulnera,
865 4106 955 4178 etque
1012 4094 1095 4167 tutis,
1115 4093 1233 4171 gravior
1253 4093 1446 4151 communium
1466 4110 1590 4152 onerum
1608 4111 1689 4173 pars
1698 4091 1811 4157 deenen

154 4175 303 4235 inscitiam
323 4178 398 4254 ejus,
419 4196 496 4257 quae
509 4176 687 4241 bochellum
700 4180 832 4262 nudavit,
848 4208 955 4251 esna...
1012 4187 1120 4265 possit.
1159 4182 1235 4245 Erat
1252 4181 1366 4243 Russis
1385 4190 1468 4255 ente,
1496 4202 1564 4243 cum
1581 4187 1717 4264 pri-un
1735 4188 1811 4249 mie

155 4264 185 4325 di
205 4267 352 4343 spatium:
379 4268 446 4347 quis
469 4270 597 4331 omnium
617 4280 678 4334 tam
696 4294 805 4337 securo
826 4288 874 4340 est
894 4283 954 4341 eni·
1012 4279 1091 4337 victa
1111 4284 1209 4349 esset,
1233 4274 1404 4335 tributaria:
1435 4294 1494 4336 non
1514 4294 1620 4356 parum
1643 4286 1711 4341 tum
1729 4276 1810 4341 nlai-

155 4378 217 4429 mq‚
249 4358 299 4437 qui
323 4378 383 4417 amu
403 4359 495 4419 multo
516 4365 678 4444 majoribus
701 4368 812 4430 viribus
833 4370 872 4432 ad
892 4394 955 4435 sar·
1010 4366 1063 4430 diu
1083 4371 1151 4450 ejus
1170 4366 1326 4430 sublevata
1345 4366 1530 4448 Respublica
1548 4367 1624 4429 fuitt
1646 4371 1811 4435 Litbuaniae

153 4447 260 4513 oierrda
280 4448 467 4511 incommoda
487 4453 653 4517 irruiturum
673 4460 702 4517 iu
714 4480 770 4521 nos
780 4466 954 4546 prospiciat,
1011 4480 1130 4542 quoque
1148 4458 1292 4539 Magnum
1311 4458 1477 4535 Ducumm,
1500 4478 1567 4521 cun
1592 4464 1735 4546 antiquis
1752 4464 1809 4543 legi

153 4562 240 4625 quem
265 4562 321 4603 nee
346 4552 469 4626 propter
494 4548 655 4626 potentiam
674 4547 835 4616 difficultas
854 4556 953 4620 ullae
1012 4551 1069 4613 bus
1095 4551 1270 4631 allegibus
1292 4552 1437 4614 Poloniae
1462 4560 1632 4632 regeretur,
1667 4556 1810 4639 plurim

151 4635 232 4699 50110
252 4656 408 4711 ‘emm’
431 4656 489 4697 ¹¹⁰⁰
512 4639 541 4697 lu
562 4660 637 4720 paee
660 4652 781 4724 propter
800 4644 954 4726 perfidiam
1011 4646 1217 4725 perseipsum
1237 4642 1277 4706 ad
1300 4642 1533 4706 submovendum
1560 4643 1724 4725 dionem,
1753 4648 1812 4711 'fse-

152 4728 214 4789 ulls
228 4726 425 4810 jurisjurandi
451 4729 556 4809 religio
580 4735 709 4797 retinere
735 4739 852 4816 possut
878 4742 952 4804 Sero
1010 4745 1164 4817 tecumque
1191 4736 1324 4799 valuisse
1355 4738 1555 4800 meminimusz
1585 4743 1760 4822 conjuncte
1785 4764 1813 4803 es

152 4821 287 4880 nimirum
305 4818 467 4884 resistendi
487 4826 515 4882 ci
537 4824 668 4887 rationes
687 4834 749 4888 tum
766 4850 952 4911 quaeremus,
1009 4848 1076 4892 eum
1096 4828 1212 4909 Regno,
1233 4838 1373 4912 quantum
1393 4827 1433 4894 ad
1454 4828 1575 4911 publica
1600 4852 1704 4899 onera
1725 4854 1813 4899 acces

153 4930 239 4987 quem
256 4914 321 4991 jam
341 4912 488 4995 trepidum
515 4923 546 4977 et
570 4918 738 4999 perculsum
765 4922 794 4981 si
813 4942 872 4985 non
894 4926 951 4989 leui
1009 4924 1093 4995 serit,
1113 4920 1272 4987 sentiendo
1294 4924 1498 5003 unusquisque
1521 4927 1692 5005 experitur.
1735 4924 1813 5009 Qael

152 5012 301 5063 momento
318 5006 479 5087 impellere,
498 5006 616 5070 facilius
636 5018 871 5094 oertesuperaro
883 5038 949 5100 pos·
1008 5019 1036 5077 si
1062 5019 1111 5097 qui
1137 5016 1268 5098 inopiam
1292 5036 1329 5077 ac
1354 5015 1510 5078 familiaris
1527 5017 1572 5078 rei
1593 5025 1813 5101 augustianis

151 5094 256 5153 simus.
296 5095 386 5172 Quod
417 5108 449 5159 ut
475 5120 534 5159 riou
560 5112 643 5164 esset
666 5104 756 5167 uobis
779 5107 949 5183 verendum,
979 5112 983 5205 l
1008 5110 1187 5171 ertiaesuae
1206 5106 1446 5189 praetendendas
1466 5110 1662 5176 existimant:
1693 5118 1811 5179 iisire

148 5183 288 5266 illumque
306 5198 431 5268 accepta
450 5193 557 5271 injuria
578 5195 624 5254 vel
643 5201 948 5279 omninoquietumm,
978 5214 982 5259 ι
1007 5200 1181 5282 luptatibus,
1201 5202 1391 5282 luxuriaeque
1411 5199 1529 5263 modum
1544 5201 1675 5283 faciant,
1698 5230 1740 5271 ac
1752 5228 1811 5291 qaeu
