3742 5626
130 200 166 257 ἥ
797 200 925 257 alcotrt
947 196 1132 253 l'lrl‘lilrllll.

132 342 161 399 ln
180 338 257 397 (lion
275 340 295 397 2
313 338 353 397 iot
373 360 478 400 stamus
493 342 671 399 eon-erro.
692 338 757 398 Ner
770 336 827 396 lroe
845 336 932 393 maxi·
959 342 963 361 ¹
992 332 1130 410 clangore
1149 353 1186 393 ae
1204 331 1266 392 dlle
1289 336 1500 394 ‹lisccssloms
1523 338 1734 397 cerialtautilrus
1756 362 1793 398 su

133 452 209 492 ιιιι
230 430 337 491 ιιΙιιιιι
357 440 419 490 erat
439 431 518 511 quod
541 452 597 491 uos
615 430 793 495 offendebat,
822 427 878 487 secl
903 432 933 486 et
959 374 965 509 l
993 426 1119 503 gillariis
1137 426 1299 505 praedictis
1317 429 1355 489 erl
1376 429 1468 488 uraris
1488 428 1600 491 littora.
1621 432 1670 505 qui
1685 433 1740 490 iter
1754 436 1806 491 im-

132 526 189 585 alia
210 526 299 585 nullo
312 526 431 605 majera,
451 524 489 583 de
510 525 616 601 quibus
636 524 681 581 sic
701 524 815 581 serrlias
837 521 932 579 aelim.
994 517 1097 597 pedire
1119 518 1295 595 sategissent
1318 522 1374 579 arisi
1395 544 1432 580 ιιι
1456 542 1493 579 eo
1515 523 1664 581 uolrililrus
1680 534 1807 602 quatuor

211 619 292 678 Aple
311 622 441 676 nostrum
461 616 617 675 fldvenlum
645 615 805 674 advene-ml
827 634 934 673 mercn-
961 568 966 659 l
995 610 1034 667 ibi
1061 620 1250 671 millanellles
1271 613 1335 671 l'lilt·
1356 616 1481 673 ventiles
1502 635 1573 673 sese
1595 618 1702 693 legalla·
1722 639 1806 697 pne·

135 720 180 770 ter
199 710 376 771 llalniensis
395 730 460 767 can
483 706 693 788 mvequadan
706 730 793 787 qum
807 706 846 767 etl
859 708 933 767 bont
961 694 967 769 l
995 702 1211 763 buisscntiorcs
1241 700 1328 783 igitur
1358 728 1463 765 rravem
1497 709 1650 768 molientes
1683 710 1808 771 ,llorum

136 811 236 863 nostre
262 822 343 862 nare
369 800 595 881 transportando
619 801 831 869 conduximus,
857 800 936 860 laune
994 795 1118 876 proiecti
1137 796 1281 877 postridie
1299 798 1336 859 ad
1357 797 1453 876 ltcgis
1474 804 1808 881 aestripesscssienem

136 896 271 957 custodia
289 902 422 963 tenuere,
442 914 501 975 que
521 896 618 953 minus
638 893 938 955 oculisnestrissese
994 890 1192 969 pervenimus.

136 986 253 1049 efferret
264 994 420 1069 autequam
431 985 635 1048 decedendum
649 988 736 1045 uelis
752 991 824 1055 erat,
843 986 936 1043 circu
1073 982 1150 1042 Cum
1170 989 1270 1043 autem
1292 986 1367 1044 inter
1388 987 1583 1063 navigandum
1606 989 1668 1047 lere
1690 994 1806 1052 naut'ra·

136 1102 252 1163 queque
278 1080 502 1149 lroleeensen,
537 1081 624 1159 cujus
653 1082 719 1140 nari
752 1078 791 1137 ad
824 1077 938 1153 legates
996 1074 1074 1150 glum
1093 1076 1178 1155 passi
1200 1076 1379 1147 fuissemus,
1400 1082 1505 1158 plaucis
1526 1081 1614 1140 istius
1626 1086 1666 1142 rei
1681 1104 1807 1145 cauam

136 1172 323 1235 llutlrenlees
347 1171 526 1233 deterendos
556 1178 719 1242 uteremur,
745 1170 878 1230 similiter
908 1171 937 1227 io
996 1168 1206 1246 perstringam:
1248 1168 1324 1229 Com
1352 1190 1470 1232 cursum
1493 1179 1624 1233 nestmm
1644 1176 1764 1237 liceum
1786 1202 1806 1239 a

136 1267 235 1327 abitus
255 1267 332 1328 diere
352 1268 382 1327 in
409 1266 529 1325 civitate
554 1266 755 1334 resonarunt,
781 1282 847 1323 cum
872 1263 938 1321 cive
996 1259 1144 1320 l'emevia
1170 1263 1215 1322 m.
1240 1264 1365 1323 miliaria
1385 1264 1501 1325 distans
1523 1272 1693 1329 teneremus
1710 1274 1805 1330 certis

137 1359 254 1439 quiden
275 1358 496 1435 Amslurpeasi
516 1358 566 1437 qui
586 1376 687 1417 corun
700 1355 793 1416 literis
809 1376 828 1415 a
840 1354 938 1431 Regio
996 1352 1266 1414 relrenreutieribus
1284 1358 1440 1416 commotis
1461 1357 1595 1437 velisque
1617 1364 1753 1423 ‹rmnibes
1774 1366 1804 1421 in

137 1452 287 1531 praelecto
309 1452 397 1511 aelris
416 1450 520 1511 missis
539 1456 670 1509 venerat.
708 1448 765 1507 llic
791 1448 842 1507 ulri
866 1468 938 1507 sese
996 1445 1088 1506 elenu
1117 1444 1237 1507 directis
1267 1448 1297 1505 ia
1328 1469 1430 1528 rupem
1462 1452 1589 1511 rioleoto
1617 1462 1698 1514 rootu
1718 1459 1806 1517 naris

137 1544 265 1605 eradere
290 1564 349 1605 nen
375 1563 467 1623 pesse
494 1548 637 1611 cerneret,
663 1542 777 1619 comam
806 1562 862 1601 aes
887 1541 937 1601 ad·
997 1539 1133 1618 impegit:
1167 1559 1226 1619 qua
1246 1538 1355 1600 lactum
1376 1550 1438 1603 est.
1475 1550 1506 1603 ut
1526 1546 1602 1605 celis
1621 1547 1730 1607 laxatis
1754 1550 1804 1609 de-

137 1636 226 1699 eundi
246 1637 305 1698 sibi
324 1636 387 1697 fleri
406 1636 501 1715 petiit,
520 1634 693 1713 significans
712 1634 770 1693 sibi
791 1634 937 1695 esselite·
996 1632 1163 1712 positisque
1183 1634 1345 1711 peronius
1366 1634 1456 1695 herae
1474 1640 1610 1717 spacium
1630 1642 1660 1699 ia
1675 1642 1805 1703 :alla-a·

137 1752 187 1790 ras
207 1730 293 1789 nobis
313 1726 490 1799 reddendas,
511 1728 590 1809 qued
615 1748 682 1787 eun
706 1727 937 1793 intellexissent,
996 1744 1054 1801 gne
1073 1744 1140 1785 eum
1160 1731 1260 1783 rrestre
1279 1728 1412 1806 periculo
1431 1728 1642 1804 haereremus,
1660 1736 1717 1794 secl
1737 1735 1806 1795 lice

137 1844 191 1884 eas
209 1822 248 1884 ad
267 1840 304 1883 se
323 1830 509 1901 receperunt,
527 1830 705 1898 aperuerunt
730 1830 820 1899 atque
846 1820 936 1898 perlo-
996 1824 1183 1899 protegente,
1213 1838 1272 1896 que
1291 1818 1330 1879 de
1350 1822 1450 1881 maltis
1469 1826 1644 1907 mugnisque
1663 1830 1807 1908 maculis

136 1928 251 1991 qerunt,
264 1911 587 1995 perlectasqueaelnos
600 1915 787 1982 remiserunt,
798 1924 936 1995 etqaam·
996 1930 1053 1970 nos
1071 1918 1142 1971 ante
1160 1913 1285 1991 saepiam
1305 1913 1451 1985 liberarat,
1484 1924 1552 1997 post
1572 1918 1677 1997 longas
1697 1923 1804 1981 ῃιοιη.

135 2010 184 2069 ris
201 2016 305 2087 aperte
323 2007 400 2067 satis
420 2006 480 2066 illis
499 2007 540 2064 sit
559 2006 728 2075 indicatura,
749 2007 867 2067 minime
888 2006 937 2066 de·
992 2004 1051 2063 tias
1070 2010 1141 2064 tuac
1161 2025 1278 2083 quoquc
1292 2008 1321 2065 io
1334 2014 1449 2086 portatu
1457 2010 1701 2072 sulcesreduaitr
1722 2015 1803 2073 uude

137 2120 206 2161 rere
225 2100 371 2161 lenius·
391 2096 564 2167 candidum,
591 2098 712 2159 aliorum
740 2098 842 2161 litcms
868 2120 936 2181 ape
994 2098 1200 2177 Aruslmrgum
1240 2100 1377 2159 venimus
1411 2101 1486 2181 ipsis
1523 2102 1621 2163 Nouis
1652 2104 1801 2167 Neremlr.

137 2194 204 2265 rlre,
225 2193 317 2255 multe
342 2192 439 2251 ninus
465 2190 621 2273 perlegere
646 2210 745 2253 eorum
771 2194 937 2273 praecipue,
997 2186 1056 2249 Uol
1082 2189 1280 2271 apracl'ectis
1301 2192 1474 2271 insulaeque
1492 2197 1665 2273 proceribus
1684 2197 1800 2257 lionori-

135 2286 185 2365 qul
205 2284 255 2345 dle
274 2284 334 2345 lllls
355 2304 474 2364 scnpcr
492 2285 569 2343 irene
589 2286 809 2355 neritiesseat,
828 2288 937 2366 quique
996 2282 1052 2341 licc
1072 2284 1190 2363 excepti
1209 2302 1330 2354 sumus,
1352 2286 1402 2365 qui
1422 2306 1480 2345 rrea
1501 2288 1597 2347 silom
1609 2293 1718 2366 qratiar-¹
1731 2290 1800 2350 lieo

136 2378 255 2439 suntne
274 2376 454 2437 deminora-
475 2398 594 2437 suorun
620 2376 712 2439 ardua
738 2381 861 2457 negocia
886 2400 936 2439 ex·
995 2376 1188 2456 erurripotcoti
1207 2380 1610 2461 mammaemammal
1629 2400 1685 2440 nos
1705 2403 1723 2441 a
1742 2402 1800 2441 ma-

136 2468 286 2549 pedirent‚
312 2478 411 2531 tanen
437 2467 486 2529 lris
511 2470 614 2531 missis
643 2470 733 2531 laetis
759 2492 817 2531 non
843 2472 937 2533 semel
997 2469 1079 2529 ribus
1099 2468 1265 2531 Pharaonis
1286 2472 1429 2549 ipsissimi
1449 2472 1507 2533 lrnc
1525 2480 1589 2541 cst,
1620 2472 1805 2533 Moseeritae

135 2566 242 2625 rubere
261 2562 308 2622 rel
328 2560 441 2641 pudere
465 2561 592 2643 quedam
617 2566 734 2641 aspersi
764 2576 848 2631 arant,
876 2586 937 2642 per·
996 2562 1193 2623 cmrlolissimi
1208 2562 1420 2625 Germanorum
1442 2565 1540 2625 lestis
1559 2568 1723 2627 incolumes
1744 2570 1803 2627 rin-

134 2654 299 2717 suedentes
318 2654 375 2715 sili
395 2654 484 2715 licere
503 2656 610 2715 onnia.
997 2655 1145 2727 dicasset,
1175 2664 1331 2735 terraeque
1351 2656 1402 2718 diu
1422 2678 1459 2719 ac
1479 2660 1602 2721 nultum
1621 2666 1741 2741 optatae
1761 2682 1801 2721 re

209 2746 260 2810 Ad
283 2747 361 2809 baec
386 2766 454 2809 cum
480 2749 509 2807 in
529 2749 698 2829 praesentia
718 2756 821 2811 essent
841 2750 938 2829 legati,

134 2842 184 2921 qui
206 2841 361 2901 nobiseum
381 2840 595 2919 navigationem
614 2842 644 2901 in
657 2840 785 2904 Dauiam
805 2847 938 2925 suscipe·

132 2941 214 3003 rent,
234 2934 410 2997 verebantur
429 2954 466 2994 ue
486 2934 524 2992 iis
534 2932 646 2995 relictis
658 2937 938 3007 conscenderemus,

133 3046 227 3107 quare
246 3032 335 3089 nemu
355 3047 374 3088 a
393 3025 554 3105 sagittariis
573 3026 643 3089 telis
662 3030 870 3111 circumseptis
890 3053 937 3090 sar-

133 3140 201 3181 mus
221 3120 387 3191 observati,
406 3120 457 3199 qul
477 3120 579 3179 nessi
600 3118 676 3181 sorte
691 3122 856 3183 clericulum
869 3124 937 3183 sub·

133 3214 243 3275 ducere
261 3214 291 3273 in
311 3213 409 3273 auimo
429 3210 552 3281 luisset,
571 3212 789 3295 interciperent.
820 3216 867 3276 En
888 3216 937 3275 lto·

132 3307 244 3367 minam
268 3304 439 3373 audacium,
469 3324 542 3365 eece
568 3304 772 3369 llutlrenemm
798 3309 937 3370 melitium

133 3405 223 3477 etque
242 3396 409 3479 pertidiamr
431 3396 526 3471 Quis,
545 3398 665 3461 inbuant
683 3398 847 3461 mortalium
861 3403 937 3461 exis·

133 3496 271 3561 temeret,
306 3490 364 3551 lmc
382 3510 450 3553 cunt
469 3492 589 3563 amicis,
609 3493 722 3572 lisque,
742 3512 808 3553 cum
829 3493 937 3572 quibus

132 3602 226 3665 nuper
255 3580 363 3645 loedus
391 3586 595 3667 preplgemot,
623 3584 719 3645 taliter
749 3587 937 3645 conversari?

131 3676 212 3750 Quis
237 3674 366 3756 denique
390 3676 428 3738 alr
454 3696 556 3737 eorum
577 3682 740 3757 conspeetu
760 3682 850 3757 utrque
869 3698 937 3737 cen·

132 3770 299 3833 versatione
319 3790 377 3829 aon
398 3769 569 3833 abhorreret
588 3788 656 3829 com
676 3770 755 3831 ιιιιΙΙο
773 3790 829 3829 noa
843 3770 872 3829 ia
887 3792 936 3852 pe-

131 3864 223 3925 riculo
243 3864 392 3925 intereos
411 3860 590 3923 versandum
608 3863 662 3931 sit,
694 3882 820 3943 iecurque
839 3886 856 3923 a
877 3884 936 3925 ma·

130 3956 168 4019 lis
188 3958 448 4019 circumstantibus
467 3954 593 4034 quisque
609 3954 688 4036 apud
701 3976 756 4015 eoa
768 3960 936 4037 promoturi

130 4050 213 4111 Sane
233 4050 291 4109 nisi
312 4048 440 4109 lertasm
459 4048 569 4107 mentis
589 4048 658 4127 quia
678 4049 765 4129 irrrqar
785 4050 872 4111 literit
884 4072 935 4132 po·

128 4144 189 4203 tius
220 4140 371 4221 quoslibet
401 4140 518 4202 labores
549 4140 710 4207 sustineat,
743 4164 829 4219 quam
863 4166 935 4205 sese

128 4235 220 4297 uatis
239 4234 380 4314 periculis
400 4235 561 4295 submittat.

205 4324 290 4389 llaec
308 4326 347 4385 rle
366 4323 428 4383 illia
448 4324 564 4385 dixisse
584 4326 727 4395 arratam,
747 4330 785 4387 ad
803 4334 934 4411 prrqumi-

997 2750 1160 2819 stituisset,
1191 2752 1383 2811 verumetiam
1413 2772 1485 2813 sese
1512 2751 1551 2812 ad
1579 2774 1697 2815 omnem
1717 2756 1809 2813 nobis

998 2836 1232 2903 benevolentiam
1254 2844 1461 2920 praestandam
1482 2846 1644 2909 lreuereles
1664 2848 1801 2907 osteude-

997 2941 1077 3004 runt,
1109 2936 1202 3013 gratis
1231 2938 1352 2996 aurilms
1382 2938 1568 3018 accipientes
1595 2940 1702 3000 foedus
1729 2942 1803 3001 inter

996 3026 1112 3105 Regem
1132 3048 1168 3087 ac
1187 3026 1382 3089 rllescoritam
1401 3032 1505 3101 ictum,
1527 3052 1564 3091 ue
1584 3032 1727 3095 barbares
1742 3032 1801 3094 Ru·

996 3119 1150 3181 tlreuerum
1179 3140 1278 3181 meres
1302 3122 1435 3194 discere,
1466 3131 1499 3185 ut
1517 3128 1625 3186 caeteri
1645 3128 1802 3187 livonien-

995 3232 1051 3273 ses
1069 3220 1257 3291 cogerentur,
1282 3216 1331 3292 qui
1351 3222 1394 3275 tot
1409 3218 1472 3297 jam
1492 3219 1624 3279 sacculis
1644 3220 1805 3281 Germanis

997 3304 1114 3385 legibus
1133 3308 1232 3365 nutriti
1253 3308 1378 3368 lucrant.

1072 3396 1130 3457 llis
1154 3402 1322 3459 commorati
1344 3420 1449 3461 sunaus
1470 3404 1498 3461 iu
1519 3403 1597 3462 diem
1616 3404 1665 3465 20.
1686 3402 1804 3464 llensis

996 3510 1033 3550 ee
1050 3484 1131 3570 'qued
1152 3488 1192 3551 ad
1211 3494 1346 3573 proprias
1366 3494 1459 3555 sedes
1478 3516 1533 3575 per
1548 3496 1738 3557 Germaniam
1761 3518 1804 3557 re·

995 3582 1077 3661 gredi
1096 3588 1296 3645 metuere-ua
1314 3588 1383 3663 gelu
1402 3588 1519 3668 aliaque
1539 3592 1683 3650 maritima
1702 3590 1806 3650 discri-

996 3676 1237 3745 callaudantes,
1258 3678 1404 3759 nobisque
1424 3702 1475 3749 ea,
1496 3703 1573 3759 qaae
1592 3683 1631 3743 ad
1651 3682 1803 3760 prefectis·

997 3789 1063 3829 actu
1083 3774 1267 3848 spectarent,
1289 3774 1537 3852 prospicereaum.

1073 3860 1157 3922 llaec
1186 3868 1256 3921 suot
1283 3863 1427 3924 candidae
1453 3866 1559 3935 lector,
1589 3886 1666 3947 quae
1687 3868 1725 3925 dc
1749 3866 1805 3927 trac

996 3962 1096 4015 rrestra
1125 3956 1360 4034 peregrinatione
1387 3957 1556 4020 llutlrcoiea
1588 3962 1715 4019 lireriter
1742 3980 1805 4039 per·

995 4050 1138 4127 atdrrgere
1158 4049 1270 4125 sategi,
1291 4070 1369 4110 ourrc
1388 4052 1425 4111 ad
1447 4054 1571 4111 instituti
1593 4055 1649 4111 urei
1672 4055 1805 4133 qrropesi·

994 4146 1056 4201 lum
1075 4141 1216 4221 pertinet,
1237 4148 1268 4200 ul
1288 4146 1393 4223 parmis
1414 4146 1482 4204 ltine
1502 4148 1530 4204 in
1542 4146 1669 4206 llaoiem
1690 4166 1805 4225 regres

995 4254 1061 4293 sum
1083 4234 1265 4313 conplectar,
1285 4236 1343 4307 sed
1362 4238 1509 4317 aritiquam
1531 4242 1674 4300 calamum
1687 4240 1727 4300 ad
1739 4260 1806 4301 eum

994 4327 1117 4405 dirigam
1147 4325 1213 4385 role
1246 4327 1314 4387 lruic
1339 4350 1407 4388 mee
1428 4333 1539 4411 scripte
1559 4332 1657 4413 aliqua
1678 4334 1807 4396 breviter

126 4428 204 4489 lum,
233 4418 313 4482 undo
346 4438 402 4479 nes
428 4416 555 4495 digressi
580 4438 686 4479 summ
705 4420 865 4503 adjurante
884 4424 934 4482 dn·
993 4420 1143 4487 intimare,
1164 4438 1241 4497 quae
1263 4427 1380 4498 propter
1399 4426 1540 4503 temperis
1559 4429 1731 4503 angustiam
1745 4448 1807 4508 pre·

126 4518 206 4577 mine
225 4512 399 4581 mdeamrrs,
431 4530 522 4589 quare
541 4512 657 4591 absque
678 4512 801 4575 invidia.
823 4518 872 4593 qui
894 4517 934 4575 le·
994 4512 1191 4589 lectionisque
1217 4512 1396 4574 celeritatem
1422 4517 1557 4595 neglecta
1583 4521 1728 4598 superius
1749 4521 1807 4581 rin-

126 4612 188 4687 qis,
208 4628 278 4671 cera
297 4608 446 4668 dicentem
471 4604 616 4665 ausculta.
994 4604 1110 4665 dentes.

200 4700 403 4767 emonam.
423 4716 492 4759 cum
512 4696 624 4757 dimidii
645 4698 860 4777 antrispacium
870 4702 932 4779 jam
960 4686 965 4799 Ι
1070 4695 1101 4755 lo
1138 4695 1339 4776 descriptione
1370 4702 1564 4779 profectionis
1597 4705 1625 4762 j„
1658 4703 1809 4767 Rumam

125 4802 210 4857 esset
228 4814 383 4859 emensum
402 4792 440 4854 alr
460 4790 511 4851 ille
532 4790 596 4857 die.
618 4810 676 4869 quo
696 4796 836 4871 paternos
856 4792 933 4852 lares
960 4804 965 4893 q
993 4795 1252 4850 commemoratum
1286 4799 1332 4851 est
1353 4792 1487 4855 Tartaris
1515 4796 1636 4855 litterum
1659 4818 1739 4861 esse
1760 4800 1810 4861 du·

124 4888 351 4967 reliqueramus,
384 4904 502 4947 summa
535 4902 623 4945 mnne
651 4888 721 4943 aute
751 4882 846 4945 lucem
879 4886 932 4945 iter
960 4896 964 4963 l
993 4902 1060 4943 ecre
1093 4900 1202 4941 uxores
1227 4888 1300 4960 quot
1320 4888 1481 4951 voluerint,
1513 4889 1542 4947 id
1564 4891 1609 4949 sic
1631 4910 1708 4951 esse
1730 4892 1810 4955 Neu-
1863 4948 1865 4965 ἰ

124 4980 300 5045 udilnam
318 4980 481 5041 adivimus.
504 4996 571 5037 cum
591 4982 731 5037 terrestre
742 4978 830 5037 nebia
841 4976 930 5041 dene·
990 4975 1109 5055 gardins
1134 4977 1343 5054 conperimus.
1396 4978 1510 5041 Aderat
1538 4983 1578 5040 ibi
1600 4982 1754 5047 Tartarus
1774 4988 1812 5048 alr

121 5078 255 5159 ΙΜΙΙ,
286 5078 316 5129 tl
342 5090 379 5129 ne
398 5070 475 5149 ipsis
498 5068 609 5127 rreseiia
630 5070 677 5131 rel
700 5070 799 5131 inritis
819 5074 868 5142 (at
890 5074 929 5133 illi
989 5068 1094 5131 incelis
1114 5066 1230 5129 Caesar
1260 5076 1461 5146 noncupatus,
1492 5078 1541 5153 qai
1565 5076 1595 5137 e.
1621 5078 1730 5141 alebat
1752 5080 1812 5142 lae.

118 5164 350 5235 multuo
394 5158 625 5231 decederem,
671 5165 756 5225 triunr
793 5165 927 5227 tultamm
987 5165 1081 5225 minas
1101 5180 1139 5219 ex
1161 5160 1252 5221 nobili
1264 5160 1491 5226 Liveniensirmr
1512 5170 1605 5249 stirpe
1628 5180 1810 5249 prognata,
