3742 5626
96 177 138 239 Vl
725 174 1125 238 PRAEFATIO

97 350 373 447 gravintemqne
406 356 526 421 tenere
559 349 649 417 inter
675 356 812 418 ceteras
844 343 1010 440 Europae
1043 347 1213 416 ciuitates.
1263 339 1435 439 Nonnulli
1468 341 1605 451 quidem
1639 339 1772 417 dolue-

98 515 194 597 runt,
228 511 264 573 et
295 503 371 597 ipse
404 501 560 594 graviter
590 494 712 592 doleo,
753 494 845 594 quod
877 493 1130 594 typothetarum
1170 494 1271 593 culpa
1304 493 1434 592 aliquot
1464 492 1588 568 literae
1619 498 1772 568 vitiosae

100 654 272 730 editionae
298 662 437 725 nostrae
463 652 576 724 insint
629 647 707 726 Sed
733 652 867 745 cogites
892 670 1041 745 quaeso,
1076 645 1188 721 lector
1213 646 1401 744 benevole,
1429 673 1530 746 quam
1556 671 1635 721 raro
1661 661 1771 747 typo·

96 808 190 883 theta
209 761 390 878 'sermonis
422 799 518 875 latini
550 804 635 875 satis
670 803 783 898 perito
823 805 873 873 uti
905 800 1005 874 nobis
1036 796 1156 896 liceat,
1192 813 1228 874 et
1257 803 1291 873 in
1325 823 1432 898 opere
1458 811 1526 873 tam
1559 797 1674 898 amplo
1708 803 1771 874 vix

101 959 177 1034 beri
209 980 331 1055 posse,
372 958 453 1051 quin
493 949 656 1026 nonnulla
688 950 866 1025 literarum
899 955 983 1025 vitia
1017 950 1196 1026 oculorum
1228 963 1423 1026 nostrorum
1456 955 1583 1047 aciem,
1618 951 1771 1026 assiduis

99 1111 276 1185 laboribus
301 1106 526 1201 hebefactam,
553 1115 781 1202 praetereant.

247 1260 378 1355 Neque
416 1281 560 1354 possum
598 1260 679 1353 quin
720 1279 1003 1354 commemorem,
1043 1282 1132 1355 quae
1165 1258 1256 1330 Viro
1294 1255 1605 1330 Excellentissimo
1638 1257 1768 1330 Baroni

101 1414 152 1487 de
178 1409 482 1510 hleyendorff,
508 1409 633 1482 fautori
647 1431 726 1482 meo
752 1410 1030 1504 benignissimo
1020 1434 1054 1482 ιιι
1073 1407 1206 1482 edendo
1220 1407 1287 1481 hoc
1299 1406 1409 1481 altero
1422 1406 1598 1482 uolumine
1611 1406 1769 1482 debeam

101 1567 231 1662 Neque
258 1565 349 1635 enim
375 1559 489 1635 solum
515 1573 639 1701 auctoq
660 1561 764 1683 mp'hi
771 1560 847 1637 fuit
845 1563 1113 1665 gravissimus,
1147 1557 1301 1673 copsiliis
1334 1564 1472 1657 optimis
1505 1585 1562 1633 me
1588 1559 1769 1658 adjurans,

101 1740 223 1791 rerum
237 1718 341 1788 etiam
366 1717 558 1787 auctoritati
580 1730 666 1786 suae
685 1688 920 1786 illustrissimi
936 1700 1134 1807 brukei,
1160 1656 1328 1784 lllstorici
1341 1715 1478 1807 summi,
1491 1710 1769 1786 benevolentiam

102 1882 138 1943 et
163 1865 309 1942 consilia
336 1863 458 1938 debeo.
513 1864 635 1937 Locus
659 1867 768 1960 igitur
793 1866 998 1971 saepissime
1025 1862 1108 1937 mihi
1132 1863 1199 1936 luit
1223 1861 1414 1937 admirandi
1446 1863 1536 1937 hunc
1561 1867 1676 1936 virum
1710 1863 1770 1938 vel

99 2023 249 2095 maxime
282 2029 491 2091 remotarum
517 2016 681 2090 historiae
710 2027 849 2089 nostrae
881 2018 1028 2112 partium
1061 2018 1325 2113 peritissimum,
1365 2019 1412 2087 ita
1438 2027 1476 2088 ut
1502 2040 1582 2089 eum
1615 2029 1650 2088 et
1681 2019 1771 2090 inter

103 2174 184 2268 bos,
218 2175 277 2270 qui
310 2169 488 2243 historiam
520 2167 752 2243 Ruthenicam
785 2165 1005 2264 profitentur,
1045 2165 1149 2240 facile
1182 2167 1225 2240 ad
1262 2171 1437 2266 principes
1475 2166 1765 2242 adnumerareris.

99 2324 293 2403 Praeterea
316 2325 421 2397 etiam
447 2323 674 2416 cogitationes
697 2340 783 2393 acas
808 2321 1052 2414 sagacissimas
1077 2317 1121 2392 ad
1134 2329 1376 2394 rcnraosbam
1396 2322 1610 2417 pertinentes
1623 2276 1769 2415 beni&

100 2498 238 2551 uocum
269 2474 546 2551 communicavit
573 2472 656 2553 Vir
665 2467 1017 2566 Excellentisu'ntis,
1048 2471 1145 2546 Baro
1168 2470 1222 2544 de
1247 2469 1548 2573 Meyendorii,
1579 2476 1769 2569 quarem

101 2625 168 2707 hoc
199 2622 347 2701 alterum
378 2622 545 2701 volumen
577 2626 684 2722 priori
713 2632 897 2722 praestare
928 2626 1121 2793 inveneris,
1150 2622 1241 2697 hauc
1266 2620 1412 2701 laudern
1442 2622 1496 2697 illi
1520 2622 1656 2697 Vitio
1645 2627 1769 2720 insigni

100 2782 274 2857 mine
269 2776 434 2855 mosaco

247 2927 451 3026 Scriptores
478 2948 564 3003 vero
589 2926 651 3001 vel
674 2925 742 3002 alia
769 2939 987 3003 monumenta
1010 2925 1157 3006 saecoli
1182 2928 1261 3002 XV
1262 2928 1290 3002 l.
1316 2953 1405 3026 quos
1429 2933 1466 3003 in
1482 2929 1549 3004 hoo
1567 2926 1676 3003 altero
1692 2926 1769 3002 col·

102 3082 261 3157 lectionis
286 3102 385 3155 ureae
410 3078 587 3155 volamine
613 3080 772 3176 exhibui,
799 3079 834 3154 hi
857 3090 955 3155 sumt:

252 3227 297 3326 a)
348 3232 385 3307 J.
406 3231 600 3315 Moaour
637 3229 947 3318 Oaaotnaars,
1000 3230 1278 3329 Adtingam
1314 3231 1526 3306 Messanae
1564 3235 1702 3307 Dares
1737 3244 1771 3304 et

101 3392 152 3459 aa
175 3383 406 3478 arnapam
432 3380 610 3457 cannen
628 3382 826 3477 apuleae.
891 3396 933 3409 ··
1130 3444 1135 3465 ‚

251 3534 449 3609 loannes
474 3534 703 3630 Meropus,
735 3533 1023 3632 Mediolanensis,
1049 3534 1174 3611 studiis
1197 3538 1274 3611 suis
1298 3535 1438 3611 Patavii
1462 3533 1632 3609 absolutis
1664 3541 1770 3631 roto,

102 3712 189 3765 anno
216 3690 339 3763 aetatis
364 3689 534 3762 vicesimo
558 3711 580 3760 a
606 3686 704 3786 Papa
731 3685 960 3763 Clemente
984 3687 1071 3763 Vll.
1098 3689 1297 3787 Episcopus
1326 3689 1539 3763 Mutinensis
1571 3687 1773 3785 designatus

103 3854 172 3915 est
225 3836 306 3930 Ouo
339 3862 483 3914 manere
516 3863 622 3936 quum
654 3863 736 3915 sese
768 3839 982 3936 abdicasset,
1014 3864 1035 3914 a
1066 3838 1207 3916 Panlo
1237 3840 1303 3916 lll.
1334 3839 1473 3936 legatus
1504 3839 1548 3913 ad
1575 3837 1773 3916 Germanos

101 3997 232 4067 missus
255 4006 321 4086 est,
347 4004 386 4067 ut
410 4003 479 4065 tam
499 3991 721 4089 Imperatori,
747 4010 849 4088 quan
874 3992 1098 4092 Principibus
1111 3991 1350 4092 persuaderet,
1375 4006 1413 4068 ut
1437 3991 1624 4067 Ecclesiae
1649 3992 1772 4068 salutis

102 4168 209 4219 causa
231 4141 426 4218 Concilium
440 4146 642 4216 universum
661 4145 909 4219 institueretur.
936 4144 1090 4221 Posthac
1106 4145 1204 4222 1de
1221 4141 1416 4221 Cardinalis
1433 4143 1609 4242 simulque
1634 4143 1772 4240 legatus

102 4295 335 4371 Bononiensis
347 4291 537 4367 lactus'est.
557 4293 679 4390 Atque
692 4294 962 4371 etiam-lulius
974 4296 1030 4373 lll
1043 4294 1340 4394 eumlegatumad
1352 4294 1572 4372 Conventum
1584 4297 1766 4392 Augustae

102 4442 370 4522 Vndettcomn
383 4442 535 4517 habitum
547 4445 650 4518 misit
676 4445 731 4519 At
743 4446 842 4543 Papa
867 4446 1107 4523 PauluslV
1124 4447 1274 4523 eundern
1285 4473 1447 4523 marcum
1459 4445 1633 4525 cardinali
1658 4445 1769 4518 Poot

102 4599 263 4677 libertate
286 4598 419 4692 privari
437 4596 555 4693 jussit,
581 4594 673 4691 quod
702 4608 847 4693 uterquc
874 4595 1137 4673 benevolentiae
1163 4621 1247 4696 erga
1271 4601 1514 4676 protestantes
1537 4609 1770 4689 accasuetur,

104 4774 143 4826 re
182 4763 298 4825 autem
331 4772 417 4825 vera
454 4745 552 4842 ideo,
589 4745 684 4845 quod
714 4748 930 4827 Moronus
959 4747 1142 4827 Judiclum
1172 4751 1407 4851 laquisitionis
1438 4775 1547 4853 nuper
1576 4751 1773 4824 institutum

104 4904 249 5000 ejusque
274 4901 499 4981 acerbitatem
523 4901 672 4998 probare
696 4897 817 4975 noluit
871 4896 993 4993 ouum
1024 4927 1112 4980 vero
1144 4916 1267 5004 postea
1299 4909 1384 4980 satis
1410 4905 1698 4994 demonstrasset,
1732 4924 1772 4974 se

102 5076 184 5127 ease
209 5056 435 5147 innocentem,
461 5052 559 5150 Papa
584 5052 722 5150 quidem
748 5057 783 5128 ei
807 5058 955 5137 nuabari
981 5059 1104 5156 jussit,
1130 5054 1240 5131 licere
1264 5060 1300 5131 ei
1324 5054 1473 5131 liberum
1501 5083 1595 5143 esse,
1619 5055 1657 5130 id
1681 5054 1773 5152 quod
