<?xml version="1.0" encoding="UTF-8"?>
<!DOCTYPE html PUBLIC "-//W3C//DTD XHTML 1.0 Transitional//EN"
    "http://www.w3.org/TR/xhtml1/DTD/xhtml1-transitional.dtd">
<html xmlns="http://www.w3.org/1999/xhtml" xml:lang="en" lang="en">
 <head>
  <title>
</title>
<meta http-equiv="Content-Type" content="text/html;charset=utf-8" />
  <meta name='ocr-system' content='tesseract 3.04.00' />
  <meta name='ocr-capabilities' content='ocr_page ocr_carea ocr_par ocr_line ocrx_word'/>
</head>
<body>
  <div class='ocr_page' id='page_1' title='image "./historiaeruthen00stargoog_0703.png"; bbox 0 0 3742 5626; ppageno 0'>
   <div class='ocr_carea' id='block_1_1' title="bbox 116 186 1165 257">
    <p class='ocr_par' dir='ltr' id='par_1_1' title="bbox 116 186 1165 257">
     <span class='ocr_line' id='line_1_1' title="bbox 116 186 1165 257; baseline 0.003 -6"><span class='ocrx_word' id='word_1_1' title='bbox 116 190 175 253; x_wconf 77' lang='lat' dir='ltr'><strong>aas</strong></span> <span class='ocrx_word' id='word_1_2' title='bbox 729 186 901 253; x_wconf 71' lang='lat' dir='ltr'><strong>assultu</strong></span> <span class='ocrx_word' id='word_1_3' title='bbox 921 189 1165 257; x_wconf 73' lang='lat' dir='ltr'><strong>ELASSONIS</strong></span> 
     </span>
    </p>
   </div>
   <div class='ocr_carea' id='block_1_2' title="bbox 32 350 1814 2955">
    <p class='ocr_par' dir='ltr' id='par_1_2' title="bbox 32 350 1814 2955">
     <span class='ocr_line' id='line_1_2' title="bbox 86 350 1784 432; baseline -0.001 -19"><span class='ocrx_word' id='word_1_4' title='bbox 86 368 90 375; x_wconf 85' lang='lat'><em>·</em></span> <span class='ocrx_word' id='word_1_5' title='bbox 118 354 149 415; x_wconf 88' lang='lat' dir='ltr'><strong>in</strong></span> <span class='ocrx_word' id='word_1_6' title='bbox 170 352 307 413; x_wconf 87' lang='lat' dir='ltr'><strong>omuibus</strong></span> <span class='ocrx_word' id='word_1_7' title='bbox 325 350 465 430; x_wconf 84' lang='lat' dir='ltr'><strong>gandium</strong></span> <span class='ocrx_word' id='word_1_8' title='bbox 490 350 653 426; x_wconf 86' lang='lat' dir='ltr'><strong>concedat,</strong></span> <span class='ocrx_word' id='word_1_9' title='bbox 681 358 713 412; x_wconf 89' lang='lat' dir='ltr'><strong>et</strong></span> <span class='ocrx_word' id='word_1_10' title='bbox 739 355 837 414; x_wconf 84' lang='lat' dir='ltr'><strong>omnia</strong></span> <span class='ocrx_word' id='word_1_11' title='bbox 856 360 926 415; x_wconf 86' lang='lat' dir='ltr'><strong>reta</strong></span> <span class='ocrx_word' id='word_1_12' title='bbox 986 354 1162 417; x_wconf 84' lang='lat' dir='ltr'><strong>videbantur</strong></span> <span class='ocrx_word' id='word_1_13' title='bbox 1186 374 1292 417; x_wconf 84' lang='lat' dir='ltr'><strong>omncs</strong></span> <span class='ocrx_word' id='word_1_14' title='bbox 1315 377 1333 415; x_wconf 98' lang='grc' dir='ltr'><strong>ιι</strong></span> <span class='ocrx_word' id='word_1_15' title='bbox 1359 355 1474 415; x_wconf 87' lang='lat' dir='ltr'><strong>rertico</strong></span> <span class='ocrx_word' id='word_1_16' title='bbox 1506 352 1549 413; x_wconf 81' lang='lat' dir='ltr'><strong>ad</strong></span> <span class='ocrx_word' id='word_1_17' title='bbox 1586 350 1692 432; x_wconf 83' lang='lat' dir='ltr'><strong>pedes</strong></span> <span class='ocrx_word' id='word_1_18' title='bbox 1715 372 1784 432; x_wconf 78' lang='lat' dir='ltr'><strong>nsqrr</strong></span> 
     </span>
     <span class='ocr_line' id='line_1_3' title="bbox 118 444 1783 527; baseline -0.001 -20"><span class='ocrx_word' id='word_1_19' title='bbox 118 453 169 508; x_wconf 85' lang='lat' dir='ltr'><strong>tua</strong></span> <span class='ocrx_word' id='word_1_20' title='bbox 187 446 318 527; x_wconf 86' lang='lat' dir='ltr'><strong>impleat,</strong></span> <span class='ocrx_word' id='word_1_21' title='bbox 340 444 497 526; x_wconf 80' lang='lat' dir='ltr'><strong>llegrriqnc</strong></span> <span class='ocrx_word' id='word_1_22' title='bbox 511 464 583 524; x_wconf 91' lang='lat' dir='ltr'><strong>prae</strong></span> <span class='ocrx_word' id='word_1_23' title='bbox 594 446 703 507; x_wconf 86' lang='lat' dir='ltr'><strong>ceteris</strong></span> <span class='ocrx_word' id='word_1_24' title='bbox 717 466 925 509; x_wconf 86' lang='lat' dir='ltr'><strong>successorem</strong></span> <span class='ocrx_word' id='word_1_25' title='bbox 984 449 1053 510; x_wconf 88' lang='lat' dir='ltr'><strong>alba</strong></span> <span class='ocrx_word' id='word_1_26' title='bbox 1079 457 1164 511; x_wconf 85' lang='lat' dir='ltr'><strong>veste</strong></span> <span class='ocrx_word' id='word_1_27' title='bbox 1189 448 1324 524; x_wconf 86' lang='lat' dir='ltr'><strong>indutae,</strong></span> <span class='ocrx_word' id='word_1_28' title='bbox 1357 453 1493 527; x_wconf 88' lang='lat' dir='ltr'><strong>apteque</strong></span> <span class='ocrx_word' id='word_1_29' title='bbox 1526 448 1615 507; x_wconf 86' lang='lat' dir='ltr'><strong>iuter</strong></span> <span class='ocrx_word' id='word_1_30' title='bbox 1648 465 1686 505; x_wconf 86' lang='lat' dir='ltr'><strong>se</strong></span> <span class='ocrx_word' id='word_1_31' title='bbox 1709 444 1783 505; x_wconf 77' lang='lat' dir='ltr'><strong>ord&#39;ar</strong></span> 
     </span>
     <span class='ocr_line' id='line_1_4' title="bbox 120 537 1783 623; baseline -0.001 -22"><span class='ocrx_word' id='word_1_32' title='bbox 120 540 272 621; x_wconf 84' lang='lat' dir='ltr'><strong>praebeat.</strong></span> <span class='ocrx_word' id='word_1_33' title='bbox 984 540 1161 623; x_wconf 74' lang='lat' dir='ltr'><strong>dispositae,</strong></span> <span class='ocrx_word' id='word_1_34' title='bbox 1178 539 1501 603; x_wconf 85' lang='lat' dir='ltr'><strong>manibusserunduru</strong></span> <span class='ocrx_word' id='word_1_35' title='bbox 1516 541 1616 599; x_wconf 85' lang='lat' dir='ltr'><strong>ritum</strong></span> <span class='ocrx_word' id='word_1_36' title='bbox 1629 537 1783 599; x_wconf 70' lang='lat' dir='ltr'><strong>decussatis</strong></span> 
     </span>
     <span class='ocr_line' id='line_1_5' title="bbox 196 630 1779 717; baseline -0.001 -24"><span class='ocrx_word' id='word_1_37' title='bbox 196 632 282 694; x_wconf 74' lang='lat' dir='ltr'><strong>&#39;l&#39;uuc</strong></span> <span class='ocrx_word' id='word_1_38' title='bbox 293 630 415 701; x_wconf 86' lang='lat' dir='ltr'><strong>Sancta,</strong></span> <span class='ocrx_word' id='word_1_39' title='bbox 434 637 465 691; x_wconf 88' lang='lat' dir='ltr'><strong>et</strong></span> <span class='ocrx_word' id='word_1_40' title='bbox 478 650 635 711; x_wconf 88' lang='lat' dir='ltr'><strong>numquam</strong></span> <span class='ocrx_word' id='word_1_41' title='bbox 648 633 725 695; x_wconf 89' lang='lat' dir='ltr'><strong>satis</strong></span> <span class='ocrx_word' id='word_1_42' title='bbox 737 631 924 703; x_wconf 88' lang='lat' dir='ltr'><strong>celebranda,</strong></span> <span class='ocrx_word' id='word_1_43' title='bbox 983 635 1108 705; x_wconf 86' lang='lat' dir='ltr'><strong>timeris,</strong></span> <span class='ocrx_word' id='word_1_44' title='bbox 1125 641 1216 717; x_wconf 87' lang='lat' dir='ltr'><strong>atque</strong></span> <span class='ocrx_word' id='word_1_45' title='bbox 1235 635 1436 697; x_wconf 82' lang='lat' dir='ltr'><strong>venerationis</strong></span> <span class='ocrx_word' id='word_1_46' title='bbox 1446 633 1578 713; x_wconf 85' lang='lat' dir='ltr'><strong>plenae,</strong></span> <span class='ocrx_word' id='word_1_47' title='bbox 1602 633 1779 713; x_wconf 75' lang='lat' dir='ltr'><strong>risuanpl</strong></span> 
     </span>
     <span class='ocr_line' id='line_1_6' title="bbox 32 722 1134 808; baseline 0.004 -23"><span class='ocrx_word' id='word_1_48' title='bbox 32 778 36 785; x_wconf 90' lang='lat'><strong>.</strong></span> <span class='ocrx_word' id='word_1_49' title='bbox 118 727 238 808; x_wconf 80' lang='lat' dir='ltr'><strong>licique</strong></span> <span class='ocrx_word' id='word_1_50' title='bbox 256 725 462 786; x_wconf 85' lang='lat' dir='ltr'><strong>amantissima</strong></span> <span class='ocrx_word' id='word_1_51' title='bbox 480 722 565 784; x_wconf 89' lang='lat' dir='ltr'><strong>lreue</strong></span> <span class='ocrx_word' id='word_1_52' title='bbox 577 723 696 804; x_wconf 87' lang='lat' dir='ltr'><strong>Regina</strong></span> <span class='ocrx_word' id='word_1_53' title='bbox 715 727 778 787; x_wconf 88' lang='lat' dir='ltr'><strong>alta</strong></span> <span class='ocrx_word' id='word_1_54' title='bbox 797 746 873 786; x_wconf 83' lang='lat' dir='ltr'><strong>rece</strong></span> <span class='ocrx_word' id='word_1_55' title='bbox 884 725 924 787; x_wconf 87' lang='lat' dir='ltr'><strong>ad</strong></span> <span class='ocrx_word' id='word_1_56' title='bbox 983 729 1134 791; x_wconf 75' lang='lat' dir='ltr'><strong>cortinae.</strong></span> 
     </span>
     <span class='ocr_line' id='line_1_7' title="bbox 121 817 1779 902; baseline -0.002 -19"><span class='ocrx_word' id='word_1_57' title='bbox 121 818 478 899; x_wconf 77' lang='lat' dir='ltr'><strong>constantinopolitanum</strong></span> <span class='ocrx_word' id='word_1_58' title='bbox 511 817 730 879; x_wconf 85' lang='lat' dir='ltr'><strong>Potrisrcbam·</strong></span> <span class='ocrx_word' id='word_1_59' title='bbox 747 817 923 880; x_wconf 86' lang='lat' dir='ltr'><strong>Oecumcni·</strong></span> <span class='ocrx_word' id='word_1_60' title='bbox 1057 825 1163 902; x_wconf 84' lang='lat' dir='ltr'><strong>ltaque</strong></span> <span class='ocrx_word' id='word_1_61' title='bbox 1186 822 1306 902; x_wconf 78' lang='lat' dir='ltr'><strong>Regina</strong></span> <span class='ocrx_word' id='word_1_62' title='bbox 1327 819 1413 883; x_wconf 89' lang='lat' dir='ltr'><strong>lrene</strong></span> <span class='ocrx_word' id='word_1_63' title='bbox 1436 820 1571 899; x_wconf 80' lang='lat' dir='ltr'><strong>prinam</strong></span> <span class='ocrx_word' id='word_1_64' title='bbox 1601 838 1710 881; x_wconf 77' lang='lat' dir='ltr'><strong>carun</strong></span> <span class='ocrx_word' id='word_1_65' title='bbox 1726 839 1779 879; x_wconf 77' lang='lat' dir='ltr'><strong>acre</strong></span> 
     </span>
     <span class='ocr_line' id='line_1_8' title="bbox 118 912 1781 998; baseline 0.001 -24"><span class='ocrx_word' id='word_1_66' title='bbox 118 935 183 975; x_wconf 88' lang='lat' dir='ltr'><strong>cum</strong></span> <span class='ocrx_word' id='word_1_67' title='bbox 209 932 369 983; x_wconf 84' lang='lat' dir='ltr'><strong>conuersa,</strong></span> <span class='ocrx_word' id='word_1_68' title='bbox 399 912 515 992; x_wconf 89' lang='lat' dir='ltr'><strong>proprio</strong></span> <span class='ocrx_word' id='word_1_69' title='bbox 542 931 608 971; x_wconf 89' lang='lat' dir='ltr'><strong>eum</strong></span> <span class='ocrx_word' id='word_1_70' title='bbox 635 932 687 973; x_wconf 92' lang='lat' dir='ltr'><strong>ere</strong></span> <span class='ocrx_word' id='word_1_71' title='bbox 710 912 839 975; x_wconf 84' lang='lat' dir='ltr'><strong>allocuta</strong></span> <span class='ocrx_word' id='word_1_72' title='bbox 866 923 924 989; x_wconf 89' lang='lat' dir='ltr'><strong>est,</strong></span> <span class='ocrx_word' id='word_1_73' title='bbox 982 914 1054 976; x_wconf 89' lang='lat' dir='ltr'><strong>dere</strong></span> <span class='ocrx_word' id='word_1_74' title='bbox 1068 918 1178 998; x_wconf 87' lang='lat' dir='ltr'><strong>jussit,</strong></span> <span class='ocrx_word' id='word_1_75' title='bbox 1204 936 1280 997; x_wconf 84' lang='lat' dir='ltr'><strong>quae</strong></span> <span class='ocrx_word' id='word_1_76' title='bbox 1304 915 1443 975; x_wconf 82' lang='lat' dir='ltr'><strong>manibus</strong></span> <span class='ocrx_word' id='word_1_77' title='bbox 1464 914 1609 992; x_wconf 83' lang='lat' dir='ltr'><strong>gerebat</strong></span> <span class='ocrx_word' id='word_1_78' title='bbox 1631 914 1781 992; x_wconf 59' lang='lat' dir='ltr'><strong>prfflrfi</strong></span> 
     </span>
     <span class='ocr_line' id='line_1_9' title="bbox 117 1006 1780 1090; baseline -0.002 -19"><span class='ocrx_word' id='word_1_79' title='bbox 117 1007 198 1071; x_wconf 90' lang='lat' dir='ltr'><strong>unde</strong></span> <span class='ocrx_word' id='word_1_80' title='bbox 218 1007 351 1087; x_wconf 84' lang='lat' dir='ltr'><strong>proiecte</strong></span> <span class='ocrx_word' id='word_1_81' title='bbox 371 1006 548 1066; x_wconf 70' lang='lat' dir='ltr'><strong>mirabamur</strong></span> <span class='ocrx_word' id='word_1_82' title='bbox 571 1006 720 1066; x_wconf 87' lang='lat' dir='ltr'><strong>sermonis</strong></span> <span class='ocrx_word' id='word_1_83' title='bbox 739 1008 924 1079; x_wconf 84' lang='lat' dir='ltr'><strong>suavitatem,</strong></span> <span class='ocrx_word' id='word_1_84' title='bbox 974 1016 1058 1071; x_wconf 85' lang='grc' dir='ltr'>ἰιιιιι</span> <span class='ocrx_word' id='word_1_85' title='bbox 1083 1012 1216 1090; x_wconf 86' lang='lat' dir='ltr'><strong>patinam</strong></span> <span class='ocrx_word' id='word_1_86' title='bbox 1234 1008 1356 1071; x_wconf 90' lang='lat' dir='ltr'><strong>linteolo</strong></span> <span class='ocrx_word' id='word_1_87' title='bbox 1376 1013 1578 1088; x_wconf 83' lang='lat' dir='ltr'><strong>coopertam,</strong></span> <span class='ocrx_word' id='word_1_88' title='bbox 1607 1006 1716 1067; x_wconf 80' lang='lat' dir='ltr'><strong>multis</strong></span> <span class='ocrx_word' id='word_1_89' title='bbox 1735 1028 1780 1067; x_wconf 71' lang='lat' dir='ltr'><strong>n-</strong></span> 
     </span>
     <span class='ocr_line' id='line_1_10' title="bbox 117 1097 1780 1183; baseline -0.001 -20"><span class='ocrx_word' id='word_1_90' title='bbox 117 1100 317 1183; x_wconf 85' lang='lat' dir='ltr'><strong>splendercm,</strong></span> <span class='ocrx_word' id='word_1_91' title='bbox 337 1104 427 1178; x_wconf 91' lang='lat' dir='ltr'><strong>atque</strong></span> <span class='ocrx_word' id='word_1_92' title='bbox 447 1099 669 1179; x_wconf 75' lang='lat' dir='ltr'><strong>praestantiam.</strong></span> <span class='ocrx_word' id='word_1_93' title='bbox 708 1097 828 1161; x_wconf 86' lang='lat' dir='ltr'><strong>Gratias</strong></span> <span class='ocrx_word' id='word_1_94' title='bbox 847 1101 923 1161; x_wconf 86' lang='lat' dir='ltr'><strong>enim</strong></span> <span class='ocrx_word' id='word_1_95' title='bbox 981 1102 1092 1179; x_wconf 82' lang='lat' dir='ltr'><strong>geritis,</strong></span> <span class='ocrx_word' id='word_1_96' title='bbox 1112 1100 1578 1183; x_wconf 64' lang='lat' dir='ltr'><strong>plurimequcnnrccout&#39;ertaor,</strong></span> <span class='ocrx_word' id='word_1_97' title='bbox 1600 1100 1685 1161; x_wconf 85' lang='lat' dir='ltr'><strong>adeo</strong></span> <span class='ocrx_word' id='word_1_98' title='bbox 1702 1112 1730 1161; x_wconf 83' lang='lat' dir='ltr'><strong>st</strong></span> <span class='ocrx_word' id='word_1_99' title='bbox 1743 1120 1780 1160; x_wconf 82' lang='grc' dir='ltr'><strong>ιιι</strong></span> 
     </span>
     <span class='ocr_line' id='line_1_11' title="bbox 117 1190 1780 1276; baseline -0.001 -20"><span class='ocrx_word' id='word_1_100' title='bbox 117 1196 178 1275; x_wconf 86' lang='lat' dir='ltr'><strong>egit</strong></span> <span class='ocrx_word' id='word_1_101' title='bbox 196 1193 331 1255; x_wconf 82' lang='lat' dir='ltr'><strong>Maximo</strong></span> <span class='ocrx_word' id='word_1_102' title='bbox 351 1190 558 1265; x_wconf 87' lang='lat' dir='ltr'><strong>Patriarebae,</strong></span> <span class='ocrx_word' id='word_1_103' title='bbox 583 1192 737 1272; x_wconf 89' lang='lat' dir='ltr'><strong>lectoque,</strong></span> <span class='ocrx_word' id='word_1_104' title='bbox 757 1197 787 1252; x_wconf 89' lang='lat' dir='ltr'><strong>et</strong></span> <span class='ocrx_word' id='word_1_105' title='bbox 806 1191 923 1253; x_wconf 91' lang='lat' dir='ltr'><strong>benori·</strong></span> <span class='ocrx_word' id='word_1_106' title='bbox 981 1197 1201 1275; x_wconf 72' lang='lat' dir='ltr'><strong>margaritarum</strong></span> <span class='ocrx_word' id='word_1_107' title='bbox 1230 1196 1323 1259; x_wconf 85' lang='lat' dir='ltr'><strong>millia</strong></span> <span class='ocrx_word' id='word_1_108' title='bbox 1351 1194 1444 1255; x_wconf 83' lang='lat' dir='ltr'><strong>terme</strong></span> <span class='ocrx_word' id='word_1_109' title='bbox 1476 1196 1646 1256; x_wconf 84' lang='lat' dir='ltr'><strong>numerari</strong></span> <span class='ocrx_word' id='word_1_110' title='bbox 1675 1210 1780 1276; x_wconf 71' lang='lat' dir='ltr'><strong>possea</strong></span> 
     </span>
     <span class='ocr_line' id='line_1_12' title="bbox 118 1285 1780 1370; baseline -0.002 -21"><span class='ocrx_word' id='word_1_111' title='bbox 118 1290 174 1349; x_wconf 88' lang='lat' dir='ltr'><strong>tice</strong></span> <span class='ocrx_word' id='word_1_112' title='bbox 194 1307 333 1349; x_wconf 90' lang='lat' dir='ltr'><strong>sermone</strong></span> <span class='ocrx_word' id='word_1_113' title='bbox 353 1289 422 1367; x_wconf 84' lang='lat' dir='ltr'><strong>ejus</strong></span> <span class='ocrx_word' id='word_1_114' title='bbox 441 1285 548 1347; x_wconf 90' lang='lat' dir='ltr'><strong>laudes</strong></span> <span class='ocrx_word' id='word_1_115' title='bbox 569 1291 730 1366; x_wconf 85' lang='lat' dir='ltr'><strong>prosecuta</strong></span> <span class='ocrx_word' id='word_1_116' title='bbox 749 1296 813 1356; x_wconf 87' lang='lat' dir='ltr'><strong>cst,</strong></span> <span class='ocrx_word' id='word_1_117' title='bbox 832 1292 922 1367; x_wconf 87' lang='lat' dir='ltr'><strong>atque</strong></span> <span class='ocrx_word' id='word_1_118' title='bbox 980 1310 1039 1351; x_wconf 82' lang='lat' dir='ltr'><strong>una</strong></span> <span class='ocrx_word' id='word_1_119' title='bbox 1067 1308 1134 1351; x_wconf 80' lang='lat' dir='ltr'><strong>cunr</strong></span> <span class='ocrx_word' id='word_1_120' title='bbox 1159 1290 1346 1370; x_wconf 88' lang='lat' dir='ltr'><strong>pulcerrimis</strong></span> <span class='ocrx_word' id='word_1_121' title='bbox 1370 1286 1537 1349; x_wconf 86' lang='lat' dir='ltr'><strong>acbatibns</strong></span> <span class='ocrx_word' id='word_1_122' title='bbox 1566 1309 1652 1349; x_wconf 83' lang='lat' dir='ltr'><strong>auro</strong></span> <span class='ocrx_word' id='word_1_123' title='bbox 1677 1286 1780 1347; x_wconf 68' lang='lat' dir='ltr'><strong>iactari</strong></span> 
     </span>
     <span class='ocr_line' id='line_1_13' title="bbox 115 1379 1780 1463; baseline 0 -20"><span class='ocrx_word' id='word_1_124' title='bbox 115 1384 262 1443; x_wconf 85' lang='lat' dir='ltr'><strong>concinna</strong></span> <span class='ocrx_word' id='word_1_125' title='bbox 281 1379 424 1441; x_wconf 85' lang='lat' dir='ltr'><strong>erationis</strong></span> <span class='ocrx_word' id='word_1_126' title='bbox 445 1379 537 1439; x_wconf 75' lang='lat' dir='ltr'><strong>torna</strong></span> <span class='ocrx_word' id='word_1_127' title='bbox 556 1379 598 1439; x_wconf 89' lang='lat' dir='ltr'><strong>ita</strong></span> <span class='ocrx_word' id='word_1_128' title='bbox 617 1379 696 1460; x_wconf 91' lang='lat' dir='ltr'><strong>loqui</strong></span> <span class='ocrx_word' id='word_1_129' title='bbox 717 1380 822 1456; x_wconf 87' lang='lat' dir='ltr'><strong>coepit.</strong></span> <span class='ocrx_word' id='word_1_130' title='bbox 980 1381 1066 1444; x_wconf 86' lang='lat' dir='ltr'><strong>Haec</strong></span> <span class='ocrx_word' id='word_1_131' title='bbox 1083 1390 1181 1445; x_wconf 89' lang='lat' dir='ltr'><strong>autem</strong></span> <span class='ocrx_word' id='word_1_132' title='bbox 1202 1384 1318 1463; x_wconf 83' lang='lat' dir='ltr'><strong>propria</strong></span> <span class='ocrx_word' id='word_1_133' title='bbox 1335 1402 1423 1443; x_wconf 87' lang='lat' dir='ltr'><strong>manu</strong></span> <span class='ocrx_word' id='word_1_134' title='bbox 1442 1380 1664 1443; x_wconf 79' lang='lat' dir='ltr'><strong>Patriarobac</strong></span> <span class='ocrx_word' id='word_1_135' title='bbox 1681 1380 1780 1443; x_wconf 67' lang='lat' dir='ltr'><strong>tabe</strong></span> 
     </span>
     <span class='ocr_line' id='line_1_14' title="bbox 193 1470 1779 1558; baseline 0 -24"><span class='ocrx_word' id='word_1_136' title='bbox 193 1472 314 1535; x_wconf 85' lang='lat' dir='ltr'><strong>Gratias</strong></span> <span class='ocrx_word' id='word_1_137' title='bbox 335 1473 387 1533; x_wconf 90' lang='lat' dir='ltr'><strong>tibi</strong></span> <span class='ocrx_word' id='word_1_138' title='bbox 413 1472 554 1553; x_wconf 87' lang='lat' dir='ltr'><strong>plurimas</strong></span> <span class='ocrx_word' id='word_1_139' title='bbox 573 1470 686 1543; x_wconf 89' lang='lat' dir='ltr'><strong>babeo,</strong></span> <span class='ocrx_word' id='word_1_140' title='bbox 715 1471 844 1533; x_wconf 88' lang='lat' dir='ltr'><strong>Domine</strong></span> <span class='ocrx_word' id='word_1_141' title='bbox 863 1471 920 1535; x_wconf 84' lang='lat' dir='ltr'><strong>Pa·</strong></span> <span class='ocrx_word' id='word_1_142' title='bbox 980 1477 1030 1555; x_wconf 92' lang='lat' dir='ltr'><strong>qui</strong></span> <span class='ocrx_word' id='word_1_143' title='bbox 1053 1496 1120 1536; x_wconf 92' lang='lat' dir='ltr'><strong>cum</strong></span> <span class='ocrx_word' id='word_1_144' title='bbox 1145 1482 1176 1537; x_wconf 92' lang='lat' dir='ltr'><strong>ct</strong></span> <span class='ocrx_word' id='word_1_145' title='bbox 1195 1478 1323 1558; x_wconf 87' lang='lat' dir='ltr'><strong>propriis</strong></span> <span class='ocrx_word' id='word_1_146' title='bbox 1348 1475 1492 1537; x_wconf 80' lang='lat' dir='ltr'><strong>inanibus</strong></span> <span class='ocrx_word' id='word_1_147' title='bbox 1522 1477 1678 1536; x_wconf 67' lang='lat' dir='ltr'><strong>eximium</strong></span> <span class='ocrx_word' id='word_1_148' title='bbox 1696 1474 1779 1535; x_wconf 80' lang='lat' dir='ltr'><strong>doru</strong></span> 
     </span>
     <span class='ocr_line' id='line_1_15' title="bbox 113 1564 1780 1648; baseline -0.001 -18"><span class='ocrx_word' id='word_1_149' title='bbox 113 1567 242 1629; x_wconf 81' lang='lat' dir='ltr'><strong>triarcba</strong></span> <span class='ocrx_word' id='word_1_150' title='bbox 268 1566 414 1637; x_wconf 84' lang='lat' dir='ltr'><strong>blaxime,</strong></span> <span class='ocrx_word' id='word_1_151' title='bbox 447 1565 787 1646; x_wconf 86' lang='lat' dir='ltr'><strong>Constantinopolitano,</strong></span> <span class='ocrx_word' id='word_1_152' title='bbox 821 1564 920 1627; x_wconf 89' lang='lat' dir='ltr'><strong>Occu·</strong></span> <span class='ocrx_word' id='word_1_153' title='bbox 979 1570 1162 1647; x_wconf 89' lang='lat' dir='ltr'><strong>accepisset,</strong></span> <span class='ocrx_word' id='word_1_154' title='bbox 1189 1569 1351 1637; x_wconf 74' lang='lat' dir='ltr'><strong>benedixit,</strong></span> <span class='ocrx_word' id='word_1_155' title='bbox 1379 1574 1410 1629; x_wconf 90' lang='lat' dir='ltr'><strong>et</strong></span> <span class='ocrx_word' id='word_1_156' title='bbox 1433 1567 1544 1629; x_wconf 80' lang='lat' dir='ltr'><strong>lunata</strong></span> <span class='ocrx_word' id='word_1_157' title='bbox 1576 1576 1722 1648; x_wconf 82' lang='lat' dir='ltr'><strong>precatur</strong></span> <span class='ocrx_word' id='word_1_158' title='bbox 1740 1580 1780 1629; x_wconf 80' lang='lat' dir='ltr'><strong>cri</strong></span> 
     </span>
     <span class='ocr_line' id='line_1_16' title="bbox 114 1658 1777 1742; baseline -0.001 -19"><span class='ocrx_word' id='word_1_159' title='bbox 114 1663 247 1737; x_wconf 89' lang='lat' dir='ltr'><strong>meuice,</strong></span> <span class='ocrx_word' id='word_1_160' title='bbox 268 1660 482 1734; x_wconf 86' lang='lat' dir='ltr'><strong>Sanctissime,</strong></span> <span class='ocrx_word' id='word_1_161' title='bbox 502 1664 664 1719; x_wconf 86' lang='lat' dir='ltr'><strong>ceterorum</strong></span> <span class='ocrx_word' id='word_1_162' title='bbox 685 1658 920 1721; x_wconf 86' lang='lat' dir='ltr'><strong>Patriarcbarnm</strong></span> <span class='ocrx_word' id='word_1_163' title='bbox 979 1667 1010 1723; x_wconf 90' lang='lat' dir='ltr'><strong>ut</strong></span> <span class='ocrx_word' id='word_1_164' title='bbox 1029 1662 1201 1742; x_wconf 82' lang='lat' dir='ltr'><strong>longaevam</strong></span> <span class='ocrx_word' id='word_1_165' title='bbox 1221 1662 1451 1733; x_wconf 86' lang='lat' dir='ltr'><strong>ducerctriturn,</strong></span> <span class='ocrx_word' id='word_1_166' title='bbox 1474 1661 1613 1742; x_wconf 78' lang='lat' dir='ltr'><strong>Datque</strong></span> <span class='ocrx_word' id='word_1_167' title='bbox 1632 1663 1777 1742; x_wconf 73' lang='lat' dir='ltr'><strong>opti-ira</strong></span> 
     </span>
     <span class='ocr_line' id='line_1_17' title="bbox 114 1750 1648 1837; baseline -0.001 -20"><span class='ocrx_word' id='word_1_168' title='bbox 114 1755 271 1835; x_wconf 78' lang='lat' dir='ltr'><strong>Princeps,</strong></span> <span class='ocrx_word' id='word_1_169' title='bbox 291 1753 370 1835; x_wconf 90' lang='lat' dir='ltr'><strong>quod</strong></span> <span class='ocrx_word' id='word_1_170' title='bbox 390 1775 408 1813; x_wconf 93' lang='lat' dir='ltr'><strong>e</strong></span> <span class='ocrx_word' id='word_1_171' title='bbox 428 1753 589 1831; x_wconf 83' lang='lat' dir='ltr'><strong>longinquo</strong></span> <span class='ocrx_word' id='word_1_172' title='bbox 610 1750 670 1811; x_wconf 91' lang='lat' dir='ltr'><strong>buc</strong></span> <span class='ocrx_word' id='word_1_173' title='bbox 689 1751 847 1813; x_wconf 82' lang='lat' dir='ltr'><strong>adveneris</strong></span> <span class='ocrx_word' id='word_1_174' title='bbox 859 1775 920 1817; x_wconf 84' lang='lat' dir='ltr'><strong>uua</strong></span> <span class='ocrx_word' id='word_1_175' title='bbox 976 1757 1047 1817; x_wconf 77' lang='lat' dir='ltr'><strong>uini</strong></span> <span class='ocrx_word' id='word_1_176' title='bbox 1066 1757 1217 1837; x_wconf 90' lang='lat' dir='ltr'><strong>pracsidio</strong></span> <span class='ocrx_word' id='word_1_177' title='bbox 1237 1775 1384 1835; x_wconf 88' lang='lat' dir='ltr'><strong>nunquam</strong></span> <span class='ocrx_word' id='word_1_178' title='bbox 1405 1754 1648 1817; x_wconf 73' lang='lat' dir='ltr'><strong>destitueretur.</strong></span> 
     </span>
     <span class='ocr_line' id='line_1_18' title="bbox 113 1846 1814 1930; baseline -0.002 -19"><span class='ocrx_word' id='word_1_179' title='bbox 113 1868 180 1913; x_wconf 86' lang='lat' dir='ltr'><strong>curu</strong></span> <span class='ocrx_word' id='word_1_180' title='bbox 200 1849 267 1911; x_wconf 86' lang='lat' dir='ltr'><strong>istis</strong></span> <span class='ocrx_word' id='word_1_181' title='bbox 288 1847 467 1909; x_wconf 65' lang='lat' dir='ltr'><strong>sanctitatis</strong></span> <span class='ocrx_word' id='word_1_182' title='bbox 489 1846 573 1907; x_wconf 85' lang='lat' dir='ltr'><strong>Tuae</strong></span> <span class='ocrx_word' id='word_1_183' title='bbox 595 1846 673 1917; x_wconf 81' lang='lat' dir='ltr'><strong>tiliis,</strong></span> <span class='ocrx_word' id='word_1_184' title='bbox 692 1851 867 1926; x_wconf 86' lang='lat' dir='ltr'><strong>sancteque,</strong></span> <span class='ocrx_word' id='word_1_185' title='bbox 887 1854 918 1908; x_wconf 86' lang='lat' dir='ltr'><strong>ct</strong></span> <span class='ocrx_word' id='word_1_186' title='bbox 1051 1849 1118 1911; x_wconf 85' lang='lat' dir='ltr'><strong>Res</strong></span> <span class='ocrx_word' id='word_1_187' title='bbox 1149 1849 1282 1930; x_wconf 87' lang='lat' dir='ltr'><strong>proiecto</strong></span> <span class='ocrx_word' id='word_1_188' title='bbox 1311 1846 1489 1909; x_wconf 84' lang='lat' dir='ltr'><strong>admiranda</strong></span> <span class='ocrx_word' id='word_1_189' title='bbox 1523 1849 1607 1919; x_wconf 88' lang='lat' dir='ltr'><strong>tuit,</strong></span> <span class='ocrx_word' id='word_1_190' title='bbox 1640 1855 1673 1909; x_wconf 83' lang='lat' dir='ltr'><strong>ct</strong></span> <span class='ocrx_word' id='word_1_191' title='bbox 1701 1847 1778 1930; x_wconf 79' lang='lat' dir='ltr'><strong>pairs</strong></span> <span class='ocrx_word' id='word_1_192' title='bbox 1812 1868 1814 1901; x_wconf 87' lang='lat'>:</span> 
     </span>
     <span class='ocr_line' id='line_1_19' title="bbox 113 1928 1814 2023; baseline -0.002 -18"><span class='ocrx_word' id='word_1_193' title='bbox 113 1942 276 2006; x_wconf 85' lang='lat' dir='ltr'><strong>venerabili</strong></span> <span class='ocrx_word' id='word_1_194' title='bbox 298 1941 408 2021; x_wconf 89' lang='lat' dir='ltr'><strong>ubique</strong></span> <span class='ocrx_word' id='word_1_195' title='bbox 428 1945 570 1999; x_wconf 87' lang='lat' dir='ltr'><strong>terrarum</strong></span> <span class='ocrx_word' id='word_1_196' title='bbox 601 1948 765 2019; x_wconf 89' lang='lat' dir='ltr'><strong>conspeetu</strong></span> <span class='ocrx_word' id='word_1_197' title='bbox 789 1950 841 2001; x_wconf 90' lang='lat' dir='ltr'><strong>tue</strong></span> <span class='ocrx_word' id='word_1_198' title='bbox 862 1940 917 2001; x_wconf 81' lang='lat' dir='ltr'><strong>frui</strong></span> <span class='ocrx_word' id='word_1_199' title='bbox 975 1949 1099 2021; x_wconf 85' lang='lat' dir='ltr'><strong>aspectu</strong></span> <span class='ocrx_word' id='word_1_200' title='bbox 1126 1942 1263 2022; x_wconf 84' lang='lat' dir='ltr'><strong>Reginae</strong></span> <span class='ocrx_word' id='word_1_201' title='bbox 1293 1942 1373 2002; x_wconf 87' lang='lat' dir='ltr'><strong>illius</strong></span> <span class='ocrx_word' id='word_1_202' title='bbox 1396 1947 1536 2003; x_wconf 86' lang='lat' dir='ltr'><strong>ornatus.</strong></span> <span class='ocrx_word' id='word_1_203' title='bbox 1584 1942 1700 2023; x_wconf 78' lang='lat' dir='ltr'><strong>Neque</strong></span> <span class='ocrx_word' id='word_1_204' title='bbox 1714 1960 1778 2002; x_wconf 85' lang='grc' dir='ltr'><strong>ιιι</strong></span> <span class='ocrx_word' id='word_1_205' title='bbox 1812 1928 1814 1951; x_wconf 72' lang='lat'><strong>¹</strong></span> 
     </span>
     <span class='ocr_line' id='line_1_20' title="bbox 114 2031 1776 2119; baseline -0.001 -21"><span class='ocrx_word' id='word_1_206' title='bbox 114 2037 202 2099; x_wconf 86' lang='lat' dir='ltr'><strong>nobis</strong></span> <span class='ocrx_word' id='word_1_207' title='bbox 226 2035 329 2108; x_wconf 85' lang='lat' dir='ltr'><strong>liceat,</strong></span> <span class='ocrx_word' id='word_1_208' title='bbox 355 2053 391 2094; x_wconf 93' lang='lat' dir='ltr'><strong>ac</strong></span> <span class='ocrx_word' id='word_1_209' title='bbox 416 2052 602 2113; x_wconf 87' lang='lat' dir='ltr'><strong>summopere</strong></span> <span class='ocrx_word' id='word_1_210' title='bbox 628 2032 681 2093; x_wconf 91' lang='lat' dir='ltr'><strong>tibi</strong></span> <span class='ocrx_word' id='word_1_211' title='bbox 707 2031 842 2093; x_wconf 83' lang='lat' dir='ltr'><strong>obstricti</strong></span> <span class='ocrx_word' id='word_1_212' title='bbox 867 2054 916 2094; x_wconf 90' lang='lat' dir='ltr'><strong>su·</strong></span> <span class='ocrx_word' id='word_1_213' title='bbox 975 2037 1105 2099; x_wconf 89' lang='lat' dir='ltr'><strong>beminis</strong></span> <span class='ocrx_word' id='word_1_214' title='bbox 1124 2037 1278 2116; x_wconf 86' lang='lat' dir='ltr'><strong>complecti</strong></span> <span class='ocrx_word' id='word_1_215' title='bbox 1296 2034 1389 2106; x_wconf 79' lang='lat' dir='ltr'><strong>valet,</strong></span> <span class='ocrx_word' id='word_1_216' title='bbox 1414 2041 1491 2114; x_wconf 90' lang='lat' dir='ltr'><strong>quet</strong></span> <span class='ocrx_word' id='word_1_217' title='bbox 1512 2036 1607 2097; x_wconf 87' lang='lat' dir='ltr'><strong>illius</strong></span> <span class='ocrx_word' id='word_1_218' title='bbox 1628 2042 1717 2119; x_wconf 78' lang='lat' dir='ltr'><strong>rapat</strong></span> <span class='ocrx_word' id='word_1_219' title='bbox 1733 2056 1776 2115; x_wconf 78' lang='lat' dir='ltr'><strong>pra</strong></span> 
     </span>
     <span class='ocr_line' id='line_1_21' title="bbox 112 2126 1776 2209; baseline -0.004 -16"><span class='ocrx_word' id='word_1_220' title='bbox 112 2148 196 2205; x_wconf 87' lang='lat' dir='ltr'><strong>mus,</strong></span> <span class='ocrx_word' id='word_1_221' title='bbox 222 2127 303 2208; x_wconf 92' lang='lat' dir='ltr'><strong>quod</strong></span> <span class='ocrx_word' id='word_1_222' title='bbox 328 2148 382 2209; x_wconf 90' lang='lat' dir='ltr'><strong>per</strong></span> <span class='ocrx_word' id='word_1_223' title='bbox 408 2126 517 2187; x_wconf 83' lang='lat' dir='ltr'><strong>multos</strong></span> <span class='ocrx_word' id='word_1_224' title='bbox 536 2126 655 2187; x_wconf 87' lang='lat' dir='ltr'><strong>labores</strong></span> <span class='ocrx_word' id='word_1_225' title='bbox 674 2127 703 2186; x_wconf 91' lang='lat' dir='ltr'><strong>in</strong></span> <span class='ocrx_word' id='word_1_226' title='bbox 725 2127 838 2205; x_wconf 86' lang='lat' dir='ltr'><strong>propria</strong></span> <span class='ocrx_word' id='word_1_227' title='bbox 860 2127 917 2188; x_wconf 89' lang='lat' dir='ltr'><strong>bac</strong></span> <span class='ocrx_word' id='word_1_228' title='bbox 973 2132 1061 2191; x_wconf 87' lang='lat' dir='ltr'><strong>tiesis</strong></span> <span class='ocrx_word' id='word_1_229' title='bbox 1090 2130 1317 2191; x_wconf 83' lang='lat' dir='ltr'><strong>condecoratam</strong></span> <span class='ocrx_word' id='word_1_230' title='bbox 1347 2137 1434 2189; x_wconf 83' lang='lat' dir='ltr'><strong>esset</strong></span> <span class='ocrx_word' id='word_1_231' title='bbox 1463 2133 1678 2191; x_wconf 80' lang='lat' dir='ltr'><strong>ornamentis.</strong></span> <span class='ocrx_word' id='word_1_232' title='bbox 1721 2132 1776 2189; x_wconf 76' lang='lat' dir='ltr'><strong>t&#39;sa</strong></span> 
     </span>
     <span class='ocr_line' id='line_1_22' title="bbox 113 2218 1770 2305; baseline -0.001 -20"><span class='ocrx_word' id='word_1_233' title='bbox 113 2224 387 2301; x_wconf 86' lang='lat' dir='ltr'><strong>uestraregionctc</strong></span> <span class='ocrx_word' id='word_1_234' title='bbox 400 2218 642 2300; x_wconf 84' lang='lat' dir='ltr'><strong>conspiciendum</strong></span> <span class='ocrx_word' id='word_1_235' title='bbox 656 2220 839 2296; x_wconf 85' lang='lat' dir='ltr'><strong>praebueris,</strong></span> <span class='ocrx_word' id='word_1_236' title='bbox 853 2221 916 2302; x_wconf 88' lang='lat' dir='ltr'><strong>plu·</strong></span> <span class='ocrx_word' id='word_1_237' title='bbox 974 2227 1125 2305; x_wconf 87' lang='lat' dir='ltr'><strong>spicuam,</strong></span> <span class='ocrx_word' id='word_1_238' title='bbox 1155 2222 1376 2300; x_wconf 85' lang='lat' dir='ltr'><strong>mirabilemque</strong></span> <span class='ocrx_word' id='word_1_239' title='bbox 1400 2223 1531 2299; x_wconf 76' lang='lat' dir='ltr'><strong>gerebat</strong></span> <span class='ocrx_word' id='word_1_240' title='bbox 1560 2244 1709 2285; x_wconf 75' lang='lat' dir='ltr'><strong>eorona-</strong></span> <span class='ocrx_word' id='word_1_241' title='bbox 1733 2244 1770 2303; x_wconf 83' lang='lat' dir='ltr'><strong>prr</strong></span> 
     </span>
     <span class='ocr_line' id='line_1_23' title="bbox 111 2311 1778 2397; baseline -0.001 -20"><span class='ocrx_word' id='word_1_242' title='bbox 111 2318 272 2396; x_wconf 84' lang='lat' dir='ltr'><strong>rimamque</strong></span> <span class='ocrx_word' id='word_1_243' title='bbox 292 2334 332 2375; x_wconf 80' lang='lat' dir='ltr'><strong>ex</strong></span> <span class='ocrx_word' id='word_1_244' title='bbox 350 2313 516 2374; x_wconf 86' lang='lat' dir='ltr'><strong>Sanctitate</strong></span> <span class='ocrx_word' id='word_1_245' title='bbox 535 2311 617 2383; x_wconf 86' lang='lat' dir='ltr'><strong>Tua,</strong></span> <span class='ocrx_word' id='word_1_246' title='bbox 637 2312 914 2374; x_wconf 82' lang='lat' dir='ltr'><strong>DomineSanctis·</strong></span> <span class='ocrx_word' id='word_1_247' title='bbox 974 2319 1149 2379; x_wconf 84' lang='lat' dir='ltr'><strong>riesissiruis</strong></span> <span class='ocrx_word' id='word_1_248' title='bbox 1175 2316 1285 2396; x_wconf 88' lang='lat' dir='ltr'><strong>lapillis</strong></span> <span class='ocrx_word' id='word_1_249' title='bbox 1319 2314 1431 2375; x_wconf 80' lang='lat' dir='ltr'><strong>affabre</strong></span> <span class='ocrx_word' id='word_1_250' title='bbox 1455 2326 1679 2397; x_wconf 80' lang='lat' dir='ltr'><strong>cernpaetam,</strong></span> <span class='ocrx_word' id='word_1_251' title='bbox 1707 2322 1778 2394; x_wconf 79' lang='lat' dir='ltr'><strong>atqor</strong></span> 
     </span>
     <span class='ocr_line' id='line_1_24' title="bbox 110 2406 1778 2491; baseline -0.002 -19"><span class='ocrx_word' id='word_1_252' title='bbox 110 2411 187 2473; x_wconf 84' lang='lat' dir='ltr'><strong>sime</strong></span> <span class='ocrx_word' id='word_1_253' title='bbox 210 2406 428 2477; x_wconf 80' lang='lat' dir='ltr'><strong>Oecuneuicc,</strong></span> <span class='ocrx_word' id='word_1_254' title='bbox 449 2407 571 2485; x_wconf 77' lang='lat' dir='ltr'><strong>gratiam</strong></span> <span class='ocrx_word' id='word_1_255' title='bbox 593 2407 793 2467; x_wconf 87' lang='lat' dir='ltr'><strong>meruerimus.</strong></span> <span class='ocrx_word' id='word_1_256' title='bbox 834 2406 915 2477; x_wconf 82' lang='lat' dir='ltr'><strong>Quo·</strong></span> <span class='ocrx_word' id='word_1_257' title='bbox 973 2413 1107 2491; x_wconf 86' lang='lat' dir='ltr'><strong>plurimis</strong></span> <span class='ocrx_word' id='word_1_258' title='bbox 1130 2411 1297 2489; x_wconf 80' lang='lat' dir='ltr'><strong>margaritis</strong></span> <span class='ocrx_word' id='word_1_259' title='bbox 1323 2409 1353 2469; x_wconf 92' lang='lat' dir='ltr'><strong>in</strong></span> <span class='ocrx_word' id='word_1_260' title='bbox 1379 2406 1544 2469; x_wconf 87' lang='lat' dir='ltr'><strong>duodecim</strong></span> <span class='ocrx_word' id='word_1_261' title='bbox 1575 2411 1675 2471; x_wconf 72' lang='lat' dir='ltr'><strong>ueluti</strong></span> <span class='ocrx_word' id='word_1_262' title='bbox 1700 2422 1778 2469; x_wconf 82' lang='lat' dir='ltr'><strong>turrrr</strong></span> 
     </span>
     <span class='ocr_line' id='line_1_25' title="bbox 110 2500 1771 2583; baseline -0.001 -18"><span class='ocrx_word' id='word_1_263' title='bbox 110 2505 188 2565; x_wconf 89' lang='lat' dir='ltr'><strong>circa</strong></span> <span class='ocrx_word' id='word_1_264' title='bbox 214 2502 308 2563; x_wconf 89' lang='lat' dir='ltr'><strong>boner</strong></span> <span class='ocrx_word' id='word_1_265' title='bbox 332 2506 362 2563; x_wconf 91' lang='lat' dir='ltr'><strong>ct</strong></span> <span class='ocrx_word' id='word_1_266' title='bbox 387 2500 479 2580; x_wconf 85' lang='lat' dir='ltr'><strong>gloria</strong></span> <span class='ocrx_word' id='word_1_267' title='bbox 506 2500 547 2559; x_wconf 89' lang='lat' dir='ltr'><strong>sit</strong></span> <span class='ocrx_word' id='word_1_268' title='bbox 567 2500 633 2558; x_wconf 87' lang='lat' dir='ltr'><strong>Deo</strong></span> <span class='ocrx_word' id='word_1_269' title='bbox 659 2501 768 2580; x_wconf 87' lang='lat' dir='ltr'><strong>optimo</strong></span> <span class='ocrx_word' id='word_1_270' title='bbox 789 2502 914 2561; x_wconf 84' lang='lat' dir='ltr'><strong>maximo</strong></span> <span class='ocrx_word' id='word_1_271' title='bbox 972 2504 1113 2575; x_wconf 75' lang='lat' dir='ltr'><strong>tibiuram,</strong></span> <span class='ocrx_word' id='word_1_272' title='bbox 1137 2503 1292 2583; x_wconf 85' lang='lat' dir='ltr'><strong>exemplo,</strong></span> <span class='ocrx_word' id='word_1_273' title='bbox 1316 2507 1405 2580; x_wconf 89' lang='lat' dir='ltr'><strong>atque</strong></span> <span class='ocrx_word' id='word_1_274' title='bbox 1429 2505 1671 2581; x_wconf 86' lang='lat' dir='ltr'><strong>comparatione</strong></span> <span class='ocrx_word' id='word_1_275' title='bbox 1687 2502 1771 2563; x_wconf 81' lang='lat' dir='ltr'><strong>duodr</strong></span> 
     </span>
     <span class='ocr_line' id='line_1_26' title="bbox 110 2592 1777 2677; baseline -0.004 -17"><span class='ocrx_word' id='word_1_276' title='bbox 110 2597 238 2661; x_wconf 84' lang='lat' dir='ltr'><strong>omniun</strong></span> <span class='ocrx_word' id='word_1_277' title='bbox 263 2595 404 2665; x_wconf 87' lang='lat' dir='ltr'><strong>creatori,</strong></span> <span class='ocrx_word' id='word_1_278' title='bbox 433 2612 505 2673; x_wconf 89' lang='lat' dir='ltr'><strong>prae</strong></span> <span class='ocrx_word' id='word_1_279' title='bbox 531 2592 669 2652; x_wconf 87' lang='lat' dir='ltr'><strong>omuibus</strong></span> <span class='ocrx_word' id='word_1_280' title='bbox 697 2594 811 2653; x_wconf 88' lang='lat' dir='ltr'><strong>sanctis</strong></span> <span class='ocrx_word' id='word_1_281' title='bbox 837 2593 913 2653; x_wconf 90' lang='lat' dir='ltr'><strong>ccle-</strong></span> <span class='ocrx_word' id='word_1_282' title='bbox 972 2599 1028 2658; x_wconf 89' lang='lat' dir='ltr'><strong>cim</strong></span> <span class='ocrx_word' id='word_1_283' title='bbox 1057 2597 1284 2675; x_wconf 84' lang='lat' dir='ltr'><strong>Apostolorum,</strong></span> <span class='ocrx_word' id='word_1_284' title='bbox 1316 2594 1467 2655; x_wconf 82' lang='lat' dir='ltr'><strong>Cbristuru</strong></span> <span class='ocrx_word' id='word_1_285' title='bbox 1499 2595 1625 2677; x_wconf 86' lang='lat' dir='ltr'><strong>ubique</strong></span> <span class='ocrx_word' id='word_1_286' title='bbox 1657 2603 1777 2657; x_wconf 78' lang='lat' dir='ltr'><strong>terram</strong></span> 
     </span>
     <span class='ocr_line' id='line_1_27' title="bbox 110 2684 1777 2772; baseline -0.001 -21"><span class='ocrx_word' id='word_1_287' title='bbox 110 2692 188 2753; x_wconf 84' lang='lat' dir='ltr'><strong>brari</strong></span> <span class='ocrx_word' id='word_1_288' title='bbox 219 2689 325 2767; x_wconf 74' lang='lat' dir='ltr'><strong>(liguo,</strong></span> <span class='ocrx_word' id='word_1_289' title='bbox 356 2694 386 2749; x_wconf 91' lang='lat' dir='ltr'><strong>et</strong></span> <span class='ocrx_word' id='word_1_290' title='bbox 414 2686 563 2747; x_wconf 86' lang='lat' dir='ltr'><strong>Dourinae</strong></span> <span class='ocrx_word' id='word_1_291' title='bbox 594 2684 725 2746; x_wconf 70' lang='lat' dir='ltr'><strong>Sanctae</strong></span> <span class='ocrx_word' id='word_1_292' title='bbox 754 2686 913 2769; x_wconf 85' lang='lat' dir='ltr'><strong>Deiparac,</strong></span> <span class='ocrx_word' id='word_1_293' title='bbox 972 2690 1218 2772; x_wconf 77' lang='lat' dir='ltr'><strong>praedicantium,</strong></span> <span class='ocrx_word' id='word_1_294' title='bbox 1247 2695 1280 2749; x_wconf 92' lang='lat' dir='ltr'><strong>ut</strong></span> <span class='ocrx_word' id='word_1_295' title='bbox 1305 2707 1408 2749; x_wconf 87' lang='lat' dir='ltr'><strong>omues</strong></span> <span class='ocrx_word' id='word_1_296' title='bbox 1433 2687 1474 2748; x_wconf 86' lang='lat' dir='ltr'><strong>nd</strong></span> <span class='ocrx_word' id='word_1_297' title='bbox 1501 2687 1595 2749; x_wconf 89' lang='lat' dir='ltr'><strong>iliius</strong></span> <span class='ocrx_word' id='word_1_298' title='bbox 1616 2689 1706 2751; x_wconf 77' lang='lat' dir='ltr'><strong>bdc·</strong></span> <span class='ocrx_word' id='word_1_299' title='bbox 1723 2710 1777 2749; x_wconf 74' lang='lat' dir='ltr'><strong>ros</strong></span> 
     </span>
     <span class='ocr_line' id='line_1_28' title="bbox 109 2779 1776 2861; baseline 0 -15"><span class='ocrx_word' id='word_1_300' title='bbox 109 2804 166 2846; x_wconf 90' lang='lat' dir='ltr'><strong>nec</strong></span> <span class='ocrx_word' id='word_1_301' title='bbox 191 2804 250 2845; x_wconf 90' lang='lat' dir='ltr'><strong>uon</strong></span> <span class='ocrx_word' id='word_1_302' title='bbox 275 2779 544 2859; x_wconf 68' lang='lat' dir='ltr'><strong>Archangelum,</strong></span> <span class='ocrx_word' id='word_1_303' title='bbox 578 2780 764 2861; x_wconf 88' lang='lat' dir='ltr'><strong>omniumque</strong></span> <span class='ocrx_word' id='word_1_304' title='bbox 789 2779 913 2842; x_wconf 86' lang='lat' dir='ltr'><strong>Seneto·</strong></span> <span class='ocrx_word' id='word_1_305' title='bbox 972 2790 1129 2846; x_wconf 76' lang='lat' dir='ltr'><strong>verterent.</strong></span> <span class='ocrx_word' id='word_1_306' title='bbox 1169 2783 1274 2844; x_wconf 90' lang='lat' dir='ltr'><strong>lllultis</strong></span> <span class='ocrx_word' id='word_1_307' title='bbox 1300 2784 1389 2843; x_wconf 88' lang='lat' dir='ltr'><strong>etiam</strong></span> <span class='ocrx_word' id='word_1_308' title='bbox 1412 2780 1636 2859; x_wconf 81' lang='lat' dir='ltr'><strong>carbunculis,</strong></span> <span class='ocrx_word' id='word_1_309' title='bbox 1657 2784 1776 2845; x_wconf 69' lang='lat' dir='ltr'><strong>adanae</strong></span> 
     </span>
     <span class='ocr_line' id='line_1_29' title="bbox 109 2872 1777 2955; baseline -0.001 -16"><span class='ocrx_word' id='word_1_310' title='bbox 109 2896 174 2939; x_wconf 83' lang='lat' dir='ltr'><strong>runt</strong></span> <span class='ocrx_word' id='word_1_311' title='bbox 193 2878 308 2947; x_wconf 89' lang='lat' dir='ltr'><strong>coetui,</strong></span> <span class='ocrx_word' id='word_1_312' title='bbox 329 2892 452 2954; x_wconf 88' lang='lat' dir='ltr'><strong>querum</strong></span> <span class='ocrx_word' id='word_1_313' title='bbox 473 2872 618 2932; x_wconf 79' lang='lat' dir='ltr'><strong>beneficio</strong></span> <span class='ocrx_word' id='word_1_314' title='bbox 638 2872 724 2953; x_wconf 87' lang='lat' dir='ltr'><strong>plane</strong></span> <span class='ocrx_word' id='word_1_315' title='bbox 745 2873 844 2935; x_wconf 87' lang='lat' dir='ltr'><strong>dutum</strong></span> <span class='ocrx_word' id='word_1_316' title='bbox 864 2884 913 2935; x_wconf 86' lang='lat' dir='ltr'><strong>est</strong></span> <span class='ocrx_word' id='word_1_317' title='bbox 971 2880 1061 2948; x_wconf 86' lang='lat' dir='ltr'><strong>tibus,</strong></span> <span class='ocrx_word' id='word_1_318' title='bbox 1081 2878 1208 2955; x_wconf 88' lang='lat' dir='ltr'><strong>topaziis</strong></span> <span class='ocrx_word' id='word_1_319' title='bbox 1236 2877 1379 2955; x_wconf 84' lang='lat' dir='ltr'><strong>gemmis,</strong></span> <span class='ocrx_word' id='word_1_320' title='bbox 1397 2882 1491 2954; x_wconf 89' lang='lat' dir='ltr'><strong>atquc</strong></span> <span class='ocrx_word' id='word_1_321' title='bbox 1511 2877 1662 2939; x_wconf 85' lang='lat' dir='ltr'><strong>rutundis</strong></span> <span class='ocrx_word' id='word_1_322' title='bbox 1681 2895 1777 2953; x_wconf 65' lang='lat' dir='ltr'><strong>marga</strong></span> 
     </span>
    </p>
   </div>
   <div class='ocr_carea' id='block_1_3' title="bbox 96 2967 911 5104">
    <p class='ocr_par' dir='ltr' id='par_1_3' title="bbox 96 2967 911 5104">
     <span class='ocr_line' id='line_1_30' title="bbox 108 2967 911 3045; baseline -0.009 -12"><span class='ocrx_word' id='word_1_323' title='bbox 108 2972 220 3033; x_wconf 86' lang='lat' dir='ltr'><strong>nestris</strong></span> <span class='ocrx_word' id='word_1_324' title='bbox 246 2969 332 3030; x_wconf 88' lang='lat' dir='ltr'><strong>bisce</strong></span> <span class='ocrx_word' id='word_1_325' title='bbox 359 2967 466 3027; x_wconf 88' lang='lat' dir='ltr'><strong>diebus</strong></span> <span class='ocrx_word' id='word_1_326' title='bbox 492 2967 604 3027; x_wconf 89' lang='lat' dir='ltr'><strong>intinita</strong></span> <span class='ocrx_word' id='word_1_327' title='bbox 624 2988 718 3045; x_wconf 88' lang='lat' dir='ltr'><strong>paene</strong></span> <span class='ocrx_word' id='word_1_328' title='bbox 742 2968 831 3026; x_wconf 88' lang='lat' dir='ltr'><strong>auirni</strong></span> <span class='ocrx_word' id='word_1_329' title='bbox 853 2967 911 3028; x_wconf 88' lang='lat' dir='ltr'><strong>lae·</strong></span> 
     </span>
     <span class='ocr_line' id='line_1_31' title="bbox 106 3059 911 3141; baseline -0.005 -15"><span class='ocrx_word' id='word_1_330' title='bbox 106 3066 171 3126; x_wconf 89' lang='lat' dir='ltr'><strong>titia</strong></span> <span class='ocrx_word' id='word_1_331' title='bbox 189 3070 220 3125; x_wconf 88' lang='lat' dir='ltr'><strong>te</strong></span> <span class='ocrx_word' id='word_1_332' title='bbox 240 3064 387 3141; x_wconf 79' lang='lat' dir='ltr'><strong>excipere,</strong></span> <span class='ocrx_word' id='word_1_333' title='bbox 407 3081 464 3141; x_wconf 89' lang='lat' dir='ltr'><strong>qne</strong></span> <span class='ocrx_word' id='word_1_334' title='bbox 477 3079 552 3120; x_wconf 89' lang='lat' dir='ltr'><strong>sanc</strong></span> <span class='ocrx_word' id='word_1_335' title='bbox 573 3059 644 3119; x_wconf 90' lang='lat' dir='ltr'><strong>nibil</strong></span> <span class='ocrx_word' id='word_1_336' title='bbox 658 3060 911 3132; x_wconf 82' lang='lat' dir='ltr'><strong>honorificentius,</strong></span> 
     </span>
     <span class='ocr_line' id='line_1_32' title="bbox 107 3153 910 3239; baseline -0.006 -20"><span class='ocrx_word' id='word_1_337' title='bbox 107 3169 198 3238; x_wconf 81' lang='lat' dir='ltr'><strong>atque</strong></span> <span class='ocrx_word' id='word_1_338' title='bbox 218 3157 323 3239; x_wconf 88' lang='lat' dir='ltr'><strong>majori</strong></span> <span class='ocrx_word' id='word_1_339' title='bbox 342 3153 431 3214; x_wconf 88' lang='lat' dir='ltr'><strong>laude</strong></span> <span class='ocrx_word' id='word_1_340' title='bbox 452 3153 571 3231; x_wconf 88' lang='lat' dir='ltr'><strong>dignum</strong></span> <span class='ocrx_word' id='word_1_341' title='bbox 592 3155 765 3232; x_wconf 86' lang='lat' dir='ltr'><strong>contingere</strong></span> <span class='ocrx_word' id='word_1_342' title='bbox 786 3159 910 3230; x_wconf 87' lang='lat' dir='ltr'><strong>poterat,</strong></span> 
     </span>
     <span class='ocr_line' id='line_1_33' title="bbox 105 3244 910 3313; baseline -0.005 -1"><span class='ocrx_word' id='word_1_343' title='bbox 105 3251 240 3313; x_wconf 90' lang='lat' dir='ltr'><strong>undeet</strong></span> <span class='ocrx_word' id='word_1_344' title='bbox 264 3249 423 3311; x_wconf 83' lang='lat' dir='ltr'><strong>maximum</strong></span> <span class='ocrx_word' id='word_1_345' title='bbox 449 3244 518 3307; x_wconf 89' lang='lat' dir='ltr'><strong>huic</strong></span> <span class='ocrx_word' id='word_1_346' title='bbox 542 3245 701 3307; x_wconf 84' lang='lat' dir='ltr'><strong>Ecclesiae</strong></span> <span class='ocrx_word' id='word_1_347' title='bbox 727 3246 822 3307; x_wconf 90' lang='lat' dir='ltr'><strong>decus</strong></span> <span class='ocrx_word' id='word_1_348' title='bbox 840 3248 910 3309; x_wconf 86' lang='lat' dir='ltr'><strong>alla·</strong></span> 
     </span>
     <span class='ocr_line' id='line_1_34' title="bbox 105 3338 909 3423; baseline -0.006 -18"><span class='ocrx_word' id='word_1_349' title='bbox 105 3351 164 3406; x_wconf 86' lang='lat' dir='ltr'><strong>tum</strong></span> <span class='ocrx_word' id='word_1_350' title='bbox 184 3350 247 3416; x_wconf 86' lang='lat' dir='ltr'><strong>est,</strong></span> <span class='ocrx_word' id='word_1_351' title='bbox 267 3361 355 3423; x_wconf 89' lang='lat' dir='ltr'><strong>quum</strong></span> <span class='ocrx_word' id='word_1_352' title='bbox 376 3360 394 3401; x_wconf 88' lang='lat' dir='ltr'><strong>a</strong></span> <span class='ocrx_word' id='word_1_353' title='bbox 412 3339 591 3420; x_wconf 88' lang='lat' dir='ltr'><strong>lilctrepolis</strong></span> <span class='ocrx_word' id='word_1_354' title='bbox 611 3338 705 3417; x_wconf 85' lang='lat' dir='ltr'><strong>gradu</strong></span> <span class='ocrx_word' id='word_1_355' title='bbox 723 3339 762 3399; x_wconf 89' lang='lat' dir='ltr'><strong>ad</strong></span> <span class='ocrx_word' id='word_1_356' title='bbox 781 3340 909 3403; x_wconf 89' lang='lat' dir='ltr'><strong>Patriar·</strong></span> 
     </span>
     <span class='ocr_line' id='line_1_35' title="bbox 104 3431 910 3510; baseline -0.006 -12"><span class='ocrx_word' id='word_1_357' title='bbox 104 3436 219 3498; x_wconf 85' lang='lat' dir='ltr'><strong>cbatem</strong></span> <span class='ocrx_word' id='word_1_358' title='bbox 241 3440 346 3497; x_wconf 89' lang='lat' dir='ltr'><strong>evecta</strong></span> <span class='ocrx_word' id='word_1_359' title='bbox 365 3434 461 3503; x_wconf 87' lang='lat' dir='ltr'><strong>tuerit,</strong></span> <span class='ocrx_word' id='word_1_360' title='bbox 481 3434 630 3510; x_wconf 89' lang='lat' dir='ltr'><strong>totiusque</strong></span> <span class='ocrx_word' id='word_1_361' title='bbox 651 3431 749 3510; x_wconf 88' lang='lat' dir='ltr'><strong>Regni</strong></span> <span class='ocrx_word' id='word_1_362' title='bbox 768 3432 910 3509; x_wconf 87' lang='lat' dir='ltr'><strong>splendor</strong></span> 
     </span>
     <span class='ocr_line' id='line_1_36' title="bbox 104 3526 908 3596; baseline -0.004 -7"><span class='ocrx_word' id='word_1_363' title='bbox 104 3530 226 3591; x_wconf 84' lang='lat' dir='ltr'><strong>mirifice</strong></span> <span class='ocrx_word' id='word_1_364' title='bbox 255 3526 401 3587; x_wconf 91' lang='lat' dir='ltr'><strong>adauctus</strong></span> <span class='ocrx_word' id='word_1_365' title='bbox 431 3531 492 3596; x_wconf 90' lang='lat' dir='ltr'><strong>est,</strong></span> <span class='ocrx_word' id='word_1_366' title='bbox 524 3532 557 3583; x_wconf 89' lang='lat' dir='ltr'><strong>ut</strong></span> <span class='ocrx_word' id='word_1_367' title='bbox 587 3529 750 3584; x_wconf 90' lang='lat' dir='ltr'><strong>ceterorum</strong></span> <span class='ocrx_word' id='word_1_368' title='bbox 781 3526 908 3586; x_wconf 78' lang='lat' dir='ltr'><strong>ominium</strong></span> 
     </span>
     <span class='ocr_line' id='line_1_37' title="bbox 104 3617 908 3703; baseline -0.005 -19"><span class='ocrx_word' id='word_1_369' title='bbox 104 3625 208 3687; x_wconf 76' lang='lat' dir='ltr'><strong>tama·</strong></span> <span class='ocrx_word' id='word_1_370' title='bbox 224 3623 288 3703; x_wconf 79' lang='lat' dir='ltr'><strong>jam</strong></span> <span class='ocrx_word' id='word_1_371' title='bbox 309 3625 439 3698; x_wconf 89' lang='lat' dir='ltr'><strong>superet.</strong></span> <span class='ocrx_word' id='word_1_372' title='bbox 461 3618 529 3679; x_wconf 89' lang='lat' dir='ltr'><strong>linc</strong></span> <span class='ocrx_word' id='word_1_373' title='bbox 542 3618 686 3699; x_wconf 72' lang='lat' dir='ltr'><strong>pri-ores</strong></span> <span class='ocrx_word' id='word_1_374' title='bbox 699 3617 803 3697; x_wconf 85' lang='lat' dir='ltr'><strong>Reges</strong></span> <span class='ocrx_word' id='word_1_375' title='bbox 817 3623 908 3680; x_wconf 89' lang='lat' dir='ltr'><strong>nostri</strong></span> 
     </span>
     <span class='ocr_line' id='line_1_38' title="bbox 103 3713 907 3793; baseline -0.007 -13"><span class='ocrx_word' id='word_1_376' title='bbox 103 3717 268 3779; x_wconf 85' lang='lat' dir='ltr'><strong>beatissimi</strong></span> <span class='ocrx_word' id='word_1_377' title='bbox 281 3713 492 3775; x_wconf 82' lang='lat' dir='ltr'><strong>ardentissime</strong></span> <span class='ocrx_word' id='word_1_378' title='bbox 514 3713 731 3792; x_wconf 84' lang='lat' dir='ltr'><strong>expetiverunt,</strong></span> <span class='ocrx_word' id='word_1_379' title='bbox 749 3734 846 3793; x_wconf 90' lang='lat' dir='ltr'><strong>neque</strong></span> <span class='ocrx_word' id='word_1_380' title='bbox 866 3719 907 3775; x_wconf 91' lang='lat' dir='ltr'><strong>ta·</strong></span> 
     </span>
     <span class='ocr_line' id='line_1_39' title="bbox 104 3804 907 3888; baseline -0.006 -15"><span class='ocrx_word' id='word_1_381' title='bbox 104 3831 170 3873; x_wconf 87' lang='lat' dir='ltr'><strong>men</strong></span> <span class='ocrx_word' id='word_1_382' title='bbox 190 3808 357 3871; x_wconf 84' lang='lat' dir='ltr'><strong>confectam</strong></span> <span class='ocrx_word' id='word_1_383' title='bbox 383 3824 444 3866; x_wconf 90' lang='lat' dir='ltr'><strong>rem</strong></span> <span class='ocrx_word' id='word_1_384' title='bbox 471 3804 570 3866; x_wconf 80' lang='lat' dir='ltr'><strong>ridere</strong></span> <span class='ocrx_word' id='word_1_385' title='bbox 590 3826 742 3884; x_wconf 85' lang='lat' dir='ltr'><strong>unquam,</strong></span> <span class='ocrx_word' id='word_1_386' title='bbox 767 3808 907 3888; x_wconf 89' lang='lat' dir='ltr'><strong>piumque</strong></span> 
     </span>
     <span class='ocr_line' id='line_1_40' title="bbox 102 3898 907 3977; baseline -0.006 -12"><span class='ocrx_word' id='word_1_387' title='bbox 102 3906 172 3967; x_wconf 92' lang='lat' dir='ltr'><strong>licet</strong></span> <span class='ocrx_word' id='word_1_388' title='bbox 190 3904 333 3965; x_wconf 88' lang='lat' dir='ltr'><strong>bonorem</strong></span> <span class='ocrx_word' id='word_1_389' title='bbox 358 3900 502 3977; x_wconf 81' lang='lat' dir='ltr'><strong>consequi</strong></span> <span class='ocrx_word' id='word_1_390' title='bbox 528 3919 668 3960; x_wconf 83' lang='lat' dir='ltr'><strong>meruere.</strong></span> <span class='ocrx_word' id='word_1_391' title='bbox 709 3898 796 3960; x_wconf 80' lang='lat' dir='ltr'><strong>licus</strong></span> <span class='ocrx_word' id='word_1_392' title='bbox 816 3903 907 3961; x_wconf 89' lang='lat' dir='ltr'><strong>emni-</strong></span> 
     </span>
     <span class='ocr_line' id='line_1_41' title="bbox 102 3991 907 4081; baseline -0.006 -22"><span class='ocrx_word' id='word_1_393' title='bbox 102 4010 212 4081; x_wconf 89' lang='lat' dir='ltr'><strong>potcns</strong></span> <span class='ocrx_word' id='word_1_394' title='bbox 231 3996 320 4059; x_wconf 90' lang='lat' dir='ltr'><strong>mode</strong></span> <span class='ocrx_word' id='word_1_395' title='bbox 340 3993 492 4053; x_wconf 87' lang='lat' dir='ltr'><strong>laboribus</strong></span> <span class='ocrx_word' id='word_1_396' title='bbox 510 3991 632 4071; x_wconf 90' lang='lat' dir='ltr'><strong>aliquot,</strong></span> <span class='ocrx_word' id='word_1_397' title='bbox 651 4001 742 4070; x_wconf 88' lang='lat' dir='ltr'><strong>atque</strong></span> <span class='ocrx_word' id='word_1_398' title='bbox 759 3996 907 4054; x_wconf 87' lang='lat' dir='ltr'><strong>molestiis</strong></span> 
     </span>
     <span class='ocr_line' id='line_1_42' title="bbox 101 4084 906 4166; baseline -0.011 -11"><span class='ocrx_word' id='word_1_399' title='bbox 101 4092 140 4155; x_wconf 86' lang='lat' dir='ltr'><strong>ad</strong></span> <span class='ocrx_word' id='word_1_400' title='bbox 167 4112 234 4152; x_wconf 91' lang='lat' dir='ltr'><strong>eum</strong></span> <span class='ocrx_word' id='word_1_401' title='bbox 261 4095 292 4149; x_wconf 90' lang='lat' dir='ltr'><strong>te</strong></span> <span class='ocrx_word' id='word_1_402' title='bbox 319 4088 406 4147; x_wconf 86' lang='lat' dir='ltr'><strong>bncm</strong></span> <span class='ocrx_word' id='word_1_403' title='bbox 433 4084 585 4166; x_wconf 82' lang='lat' dir='ltr'><strong>perduxit,</strong></span> <span class='ocrx_word' id='word_1_404' title='bbox 617 4090 649 4145; x_wconf 91' lang='lat' dir='ltr'><strong>ut</strong></span> <span class='ocrx_word' id='word_1_405' title='bbox 673 4106 763 4164; x_wconf 88' lang='lat' dir='ltr'><strong>supra</strong></span> <span class='ocrx_word' id='word_1_406' title='bbox 787 4093 906 4147; x_wconf 88' lang='lat' dir='ltr'><strong>ceteros</strong></span> 
     </span>
     <span class='ocr_line' id='line_1_43' title="bbox 101 4178 906 4262; baseline -0.006 -16"><span class='ocrx_word' id='word_1_407' title='bbox 101 4185 232 4262; x_wconf 81' lang='lat' dir='ltr'><strong>glorium,</strong></span> <span class='ocrx_word' id='word_1_408' title='bbox 251 4182 391 4242; x_wconf 88' lang='lat' dir='ltr'><strong>bonorem</strong></span> <span class='ocrx_word' id='word_1_409' title='bbox 412 4189 442 4240; x_wconf 88' lang='lat' dir='ltr'><strong>ct</strong></span> <span class='ocrx_word' id='word_1_410' title='bbox 462 4180 583 4258; x_wconf 87' lang='lat' dir='ltr'><strong>gratiam</strong></span> <span class='ocrx_word' id='word_1_411' title='bbox 605 4178 732 4258; x_wconf 85' lang='lat' dir='ltr'><strong>adeptus</strong></span> <span class='ocrx_word' id='word_1_412' title='bbox 752 4181 808 4240; x_wconf 89' lang='lat' dir='ltr'><strong>sis.</strong></span> <span class='ocrx_word' id='word_1_413' title='bbox 848 4181 906 4241; x_wconf 90' lang='lat' dir='ltr'><strong>llic</strong></span> 
     </span>
     <span class='ocr_line' id='line_1_44' title="bbox 101 4272 905 4353; baseline -0.004 -16"><span class='ocrx_word' id='word_1_414' title='bbox 101 4280 188 4337; x_wconf 89' lang='lat' dir='ltr'><strong>linem</strong></span> <span class='ocrx_word' id='word_1_415' title='bbox 209 4276 295 4346; x_wconf 83' lang='lat' dir='ltr'><strong>iecit,</strong></span> <span class='ocrx_word' id='word_1_416' title='bbox 317 4281 406 4353; x_wconf 88' lang='lat' dir='ltr'><strong>atque</strong></span> <span class='ocrx_word' id='word_1_417' title='bbox 427 4294 462 4333; x_wconf 81' lang='lat' dir='ltr'><strong>eu</strong></span> <span class='ocrx_word' id='word_1_418' title='bbox 485 4272 586 4332; x_wconf 88' lang='lat' dir='ltr'><strong>erdiue</strong></span> <span class='ocrx_word' id='word_1_419' title='bbox 607 4275 802 4334; x_wconf 81' lang='lat' dir='ltr'><strong>reverentiam</strong></span> <span class='ocrx_word' id='word_1_420' title='bbox 823 4274 905 4335; x_wconf 74' lang='lat' dir='ltr'><strong>aiibi-</strong></span> 
     </span>
     <span class='ocr_line' id='line_1_45' title="bbox 99 4365 904 4442; baseline -0.005 -11"><span class='ocrx_word' id='word_1_421' title='bbox 99 4371 173 4432; x_wconf 88' lang='lat' dir='ltr'><strong>buit.</strong></span> <span class='ocrx_word' id='word_1_422' title='bbox 195 4368 263 4429; x_wconf 81' lang='lat' dir='ltr'><strong>ileu</strong></span> <span class='ocrx_word' id='word_1_423' title='bbox 282 4368 395 4428; x_wconf 90' lang='lat' dir='ltr'><strong>interim</strong></span> <span class='ocrx_word' id='word_1_424' title='bbox 417 4365 502 4428; x_wconf 89' lang='lat' dir='ltr'><strong>lateri</strong></span> <span class='ocrx_word' id='word_1_425' title='bbox 522 4366 643 4427; x_wconf 81' lang='lat' dir='ltr'><strong>dextero</strong></span> <span class='ocrx_word' id='word_1_426' title='bbox 655 4368 760 4442; x_wconf 86' lang='lat' dir='ltr'><strong>irenis,</strong></span> <span class='ocrx_word' id='word_1_427' title='bbox 784 4367 904 4427; x_wconf 87' lang='lat' dir='ltr'><strong>Volodi·</strong></span> 
     </span>
     <span class='ocr_line' id='line_1_46' title="bbox 101 4458 904 4541; baseline -0.004 -16"><span class='ocrx_word' id='word_1_428' title='bbox 101 4465 219 4534; x_wconf 83' lang='lat' dir='ltr'><strong>mcriae,</strong></span> <span class='ocrx_word' id='word_1_429' title='bbox 232 4461 415 4535; x_wconf 83' lang='lat' dir='ltr'><strong>liloseeriae,</strong></span> <span class='ocrx_word' id='word_1_430' title='bbox 427 4461 576 4541; x_wconf 88' lang='lat' dir='ltr'><strong>totiusque</strong></span> <span class='ocrx_word' id='word_1_431' title='bbox 588 4458 730 4533; x_wconf 75' lang='lat' dir='ltr'><strong>llussirm,</strong></span> <span class='ocrx_word' id='word_1_432' title='bbox 752 4463 904 4540; x_wconf 83' lang='lat' dir='ltr'><strong>piissimae</strong></span> 
     </span>
     <span class='ocr_line' id='line_1_47' title="bbox 100 4552 904 4626; baseline -0.005 -7"><span class='ocrx_word' id='word_1_433' title='bbox 100 4556 291 4626; x_wconf 80' lang='lat' dir='ltr'><strong>adhaerebat,</strong></span> <span class='ocrx_word' id='word_1_434' title='bbox 311 4576 348 4615; x_wconf 83' lang='lat' dir='ltr'><strong>ea</strong></span> <span class='ocrx_word' id='word_1_435' title='bbox 367 4555 569 4615; x_wconf 87' lang='lat' dir='ltr'><strong>sinistrovcre</strong></span> <span class='ocrx_word' id='word_1_436' title='bbox 585 4552 678 4614; x_wconf 89' lang='lat' dir='ltr'><strong>latere</strong></span> <span class='ocrx_word' id='word_1_437' title='bbox 700 4555 904 4615; x_wconf 87' lang='lat' dir='ltr'><strong>nobilissimus</strong></span> 
     </span>
     <span class='ocr_line' id='line_1_48' title="bbox 97 4646 903 4729; baseline -0.001 -19"><span class='ocrx_word' id='word_1_438' title='bbox 97 4653 141 4712; x_wconf 82' lang='lat' dir='ltr'><strong>vir</strong></span> <span class='ocrx_word' id='word_1_439' title='bbox 160 4649 308 4712; x_wconf 78' lang='lat' dir='ltr'><strong>Beronum</strong></span> <span class='ocrx_word' id='word_1_440' title='bbox 329 4666 502 4729; x_wconf 83' lang='lat' dir='ltr'><strong>supremus,</strong></span> <span class='ocrx_word' id='word_1_441' title='bbox 527 4646 665 4726; x_wconf 88' lang='lat' dir='ltr'><strong>Reginae</strong></span> <span class='ocrx_word' id='word_1_442' title='bbox 690 4649 785 4708; x_wconf 89' lang='lat' dir='ltr'><strong>irenis</strong></span> <span class='ocrx_word' id='word_1_443' title='bbox 806 4648 903 4719; x_wconf 84' lang='lat' dir='ltr'><strong>irater,</strong></span> 
     </span>
     <span class='ocr_line' id='line_1_49' title="bbox 98 4741 902 4823; baseline -0.002 -18"><span class='ocrx_word' id='word_1_444' title='bbox 98 4744 288 4823; x_wconf 84' lang='lat' dir='ltr'><strong>Magnueqne</strong></span> <span class='ocrx_word' id='word_1_445' title='bbox 308 4741 442 4803; x_wconf 85' lang='lat' dir='ltr'><strong>llussiac</strong></span> <span class='ocrx_word' id='word_1_446' title='bbox 461 4741 573 4821; x_wconf 78' lang='lat' dir='ltr'><strong>prinus</strong></span> <span class='ocrx_word' id='word_1_447' title='bbox 593 4741 726 4819; x_wconf 86' lang='lat' dir='ltr'><strong>legatus,</strong></span> <span class='ocrx_word' id='word_1_448' title='bbox 752 4747 783 4802; x_wconf 89' lang='lat' dir='ltr'><strong>et</strong></span> <span class='ocrx_word' id='word_1_449' title='bbox 809 4742 837 4801; x_wconf 92' lang='lat' dir='ltr'><strong>in</strong></span> <span class='ocrx_word' id='word_1_450' title='bbox 859 4764 902 4803; x_wconf 91' lang='lat' dir='ltr'><strong>re·</strong></span> 
     </span>
     <span class='ocr_line' id='line_1_50' title="bbox 97 4835 902 4915; baseline -0.004 -17"><span class='ocrx_word' id='word_1_451' title='bbox 97 4839 187 4915; x_wconf 53' lang='lat' dir='ltr'><strong>mone</strong></span> <span class='ocrx_word' id='word_1_452' title='bbox 206 4836 246 4898; x_wconf 91' lang='lat' dir='ltr'><strong>ad</strong></span> <span class='ocrx_word' id='word_1_453' title='bbox 267 4836 417 4897; x_wconf 80' lang='lat' dir='ltr'><strong>Cusanum</strong></span> <span class='ocrx_word' id='word_1_454' title='bbox 437 4835 571 4905; x_wconf 85' lang='lat' dir='ltr'><strong>liuvium,</strong></span> <span class='ocrx_word' id='word_1_455' title='bbox 597 4837 648 4914; x_wconf 93' lang='lat' dir='ltr'><strong>qui</strong></span> <span class='ocrx_word' id='word_1_456' title='bbox 668 4841 774 4914; x_wconf 88' lang='lat' dir='ltr'><strong>postea</strong></span> <span class='ocrx_word' id='word_1_457' title='bbox 794 4836 822 4895; x_wconf 89' lang='lat' dir='ltr'><strong>in</strong></span> <span class='ocrx_word' id='word_1_458' title='bbox 844 4858 902 4896; x_wconf 83' lang='lat' dir='ltr'><strong>ma·</strong></span> 
     </span>
     <span class='ocr_line' id='line_1_51' title="bbox 96 4928 901 5011; baseline 0.002 -22"><span class='ocrx_word' id='word_1_459' title='bbox 96 4932 206 4991; x_wconf 81' lang='lat' dir='ltr'><strong>ximum</strong></span> <span class='ocrx_word' id='word_1_460' title='bbox 220 4929 340 5007; x_wconf 82' lang='lat' dir='ltr'><strong>l&#39;olgam</strong></span> <span class='ocrx_word' id='word_1_461' title='bbox 354 4928 483 4998; x_wconf 88' lang='lat' dir='ltr'><strong>conlinit,</strong></span> <span class='ocrx_word' id='word_1_462' title='bbox 502 4930 560 4988; x_wconf 83' lang='lat' dir='ltr'><strong>sita</strong></span> <span class='ocrx_word' id='word_1_463' title='bbox 573 4930 725 5011; x_wconf 81' lang='lat' dir='ltr'><strong>imperium</strong></span> <span class='ocrx_word' id='word_1_464' title='bbox 747 4950 901 5000; x_wconf 85' lang='lat' dir='ltr'><strong>exerceas,</strong></span> 
     </span>
     <span class='ocr_line' id='line_1_52' title="bbox 97 5021 902 5104; baseline 0.002 -23"><span class='ocrx_word' id='word_1_465' title='bbox 97 5021 214 5083; x_wconf 88' lang='lat' dir='ltr'><strong>detecto</strong></span> <span class='ocrx_word' id='word_1_466' title='bbox 254 5024 351 5104; x_wconf 87' lang='lat' dir='ltr'><strong>capite</strong></span> <span class='ocrx_word' id='word_1_467' title='bbox 386 5022 628 5084; x_wconf 83' lang='lat' dir='ltr'><strong>uenerabundus.</strong></span> <span class='ocrx_word' id='word_1_468' title='bbox 668 5022 769 5084; x_wconf 86' lang='lat' dir='ltr'><strong>bamili</strong></span> <span class='ocrx_word' id='word_1_469' title='bbox 804 5024 902 5100; x_wconf 75' lang='lat' dir='ltr'><strong>modo,</strong></span> 
     </span>
    </p>
   </div>
   <div class='ocr_carea' id='block_1_4' title="bbox 97 5116 932 5273">
    <p class='ocr_par' dir='ltr' id='par_1_4' title="bbox 97 5116 932 5273">
     <span class='ocr_line' id='line_1_53' title="bbox 97 5116 932 5243; baseline -0.001 -69"><span class='ocrx_word' id='word_1_470' title='bbox 97 5136 272 5195; x_wconf 85' lang='lat' dir='ltr'><strong>summoque</strong></span> <span class='ocrx_word' id='word_1_471' title='bbox 292 5116 403 5177; x_wconf 89' lang='lat' dir='ltr'><strong>bonore</strong></span> <span class='ocrx_word' id='word_1_472' title='bbox 424 5117 536 5177; x_wconf 87' lang='lat' dir='ltr'><strong>aderat.</strong></span> <span class='ocrx_word' id='word_1_473' title='bbox 928 5144 932 5243; x_wconf 71' lang='grc' dir='ltr'>Ι</span> 
     </span>
     <span class='ocr_line' id='line_1_54' title="bbox 173 5208 902 5273; baseline 0.007 -4"><span class='ocrx_word' id='word_1_474' title='bbox 173 5208 283 5269; x_wconf 80' lang='lat' dir='ltr'><strong>ibidem</strong></span> <span class='ocrx_word' id='word_1_475' title='bbox 306 5230 408 5273; x_wconf 77' lang='lat' dir='ltr'><strong>rursus</strong></span> <span class='ocrx_word' id='word_1_476' title='bbox 427 5211 635 5273; x_wconf 84' lang='lat' dir='ltr'><strong>nobilissimae</strong></span> <span class='ocrx_word' id='word_1_477' title='bbox 651 5209 770 5273; x_wconf 85' lang='lat' dir='ltr'><strong>lineum</strong></span> <span class='ocrx_word' id='word_1_478' title='bbox 792 5231 902 5273; x_wconf 78' lang='lat' dir='ltr'><strong>urrrres</strong></span> 
     </span>
    </p>
   </div>
   <div class='ocr_carea' id='block_1_5' title="bbox 965 2969 1776 3889">
    <p class='ocr_par' dir='ltr' id='par_1_5' title="bbox 965 2969 1776 3889">
     <span class='ocr_line' id='line_1_55' title="bbox 970 2969 1776 3047; baseline -0.001 -17"><span class='ocrx_word' id='word_1_479' title='bbox 970 2973 1036 3031; x_wconf 89' lang='lat' dir='ltr'><strong>ritis</strong></span> <span class='ocrx_word' id='word_1_480' title='bbox 1061 2971 1201 3031; x_wconf 81' lang='lat' dir='ltr'><strong>distincta</strong></span> <span class='ocrx_word' id='word_1_481' title='bbox 1227 2976 1304 3044; x_wconf 86' lang='lat' dir='ltr'><strong>erat,</strong></span> <span class='ocrx_word' id='word_1_482' title='bbox 1328 2973 1419 3047; x_wconf 90' lang='lat' dir='ltr'><strong>atque</strong></span> <span class='ocrx_word' id='word_1_483' title='bbox 1444 2969 1475 3027; x_wconf 91' lang='lat' dir='ltr'><strong>in</strong></span> <span class='ocrx_word' id='word_1_484' title='bbox 1502 2970 1640 3031; x_wconf 85' lang='lat' dir='ltr'><strong>circuitu</strong></span> <span class='ocrx_word' id='word_1_485' title='bbox 1666 2972 1776 3031; x_wconf 79' lang='lat' dir='ltr'><strong>eximios</strong></span> 
     </span>
     <span class='ocr_line' id='line_1_56' title="bbox 969 3059 1775 3145; baseline -0.002 -22"><span class='ocrx_word' id='word_1_486' title='bbox 969 3063 1099 3125; x_wconf 85' lang='lat' dir='ltr'><strong>babebat</strong></span> <span class='ocrx_word' id='word_1_487' title='bbox 1120 3061 1323 3142; x_wconf 72' lang='lat' dir='ltr'><strong>amethystos,</strong></span> <span class='ocrx_word' id='word_1_488' title='bbox 1343 3080 1381 3121; x_wconf 87' lang='lat' dir='ltr'><strong>ac</strong></span> <span class='ocrx_word' id='word_1_489' title='bbox 1399 3059 1584 3140; x_wconf 82' lang='lat' dir='ltr'><strong>sapphiros,</strong></span> <span class='ocrx_word' id='word_1_490' title='bbox 1607 3064 1775 3145; x_wconf 83' lang='lat' dir='ltr'><strong>pendebant-</strong></span> 
     </span>
     <span class='ocr_line' id='line_1_57' title="bbox 969 3155 1773 3237; baseline 0.002 -21"><span class='ocrx_word' id='word_1_491' title='bbox 969 3178 1026 3236; x_wconf 88' lang='lat' dir='ltr'><strong>que</strong></span> <span class='ocrx_word' id='word_1_492' title='bbox 1039 3156 1218 3218; x_wconf 82' lang='lat' dir='ltr'><strong>excavetur</strong></span> <span class='ocrx_word' id='word_1_493' title='bbox 1231 3155 1334 3236; x_wconf 79' lang='lat' dir='ltr'><strong>prolixi</strong></span> <span class='ocrx_word' id='word_1_494' title='bbox 1344 3155 1417 3233; x_wconf 84' lang='lat' dir='ltr'><strong>gyri,</strong></span> <span class='ocrx_word' id='word_1_495' title='bbox 1439 3160 1505 3216; x_wconf 87' lang='lat' dir='ltr'><strong>tres</strong></span> <span class='ocrx_word' id='word_1_496' title='bbox 1517 3156 1645 3237; x_wconf 77' lang='lat' dir='ltr'><strong>quiden</strong></span> <span class='ocrx_word' id='word_1_497' title='bbox 1656 3157 1773 3218; x_wconf 81' lang='lat' dir='ltr'><strong>dextror-</strong></span> 
     </span>
     <span class='ocr_line' id='line_1_58' title="bbox 968 3250 1774 3328; baseline 0 -18"><span class='ocrx_word' id='word_1_498' title='bbox 968 3270 1044 3321; x_wconf 78' lang='lat' dir='ltr'><strong>sun,</strong></span> <span class='ocrx_word' id='word_1_499' title='bbox 1064 3259 1096 3309; x_wconf 88' lang='lat' dir='ltr'><strong>et</strong></span> <span class='ocrx_word' id='word_1_500' title='bbox 1111 3255 1174 3311; x_wconf 90' lang='lat' dir='ltr'><strong>tres</strong></span> <span class='ocrx_word' id='word_1_501' title='bbox 1193 3250 1533 3328; x_wconf 83' lang='lat' dir='ltr'><strong>sirristrorsumqueruur</strong></span> <span class='ocrx_word' id='word_1_502' title='bbox 1547 3252 1677 3328; x_wconf 86' lang='lat' dir='ltr'><strong>pretium</strong></span> <span class='ocrx_word' id='word_1_503' title='bbox 1697 3272 1774 3311; x_wconf 80' lang='lat' dir='ltr'><strong>neus</strong></span> 
     </span>
     <span class='ocr_line' id='line_1_59' title="bbox 968 3342 1774 3424; baseline 0 -22"><span class='ocrx_word' id='word_1_504' title='bbox 968 3349 1048 3403; x_wconf 91' lang='lat' dir='ltr'><strong>certe</strong></span> <span class='ocrx_word' id='word_1_505' title='bbox 1060 3343 1335 3424; x_wconf 84' lang='lat' dir='ltr'><strong>possitaestimare3</strong></span> <span class='ocrx_word' id='word_1_506' title='bbox 1356 3352 1463 3400; x_wconf 87' lang='lat' dir='ltr'><strong>cuncta</strong></span> <span class='ocrx_word' id='word_1_507' title='bbox 1475 3343 1558 3401; x_wconf 82' lang='lat' dir='ltr'><strong>euin</strong></span> <span class='ocrx_word' id='word_1_508' title='bbox 1571 3342 1701 3423; x_wconf 77' lang='lat' dir='ltr'><strong>plurimis</strong></span> <span class='ocrx_word' id='word_1_509' title='bbox 1715 3364 1774 3422; x_wconf 83' lang='lat' dir='ltr'><strong>prc-</strong></span> 
     </span>
     <span class='ocr_line' id='line_1_60' title="bbox 967 3433 1772 3515; baseline 0.002 -21"><span class='ocrx_word' id='word_1_510' title='bbox 967 3437 1055 3495; x_wconf 89' lang='lat' dir='ltr'><strong>tiesis</strong></span> <span class='ocrx_word' id='word_1_511' title='bbox 1065 3435 1175 3515; x_wconf 86' lang='lat' dir='ltr'><strong>lapillis</strong></span> <span class='ocrx_word' id='word_1_512' title='bbox 1184 3440 1322 3496; x_wconf 81' lang='lat' dir='ltr'><strong>contexta</strong></span> <span class='ocrx_word' id='word_1_513' title='bbox 1332 3439 1424 3495; x_wconf 86' lang='lat' dir='ltr'><strong>erant.</strong></span> <span class='ocrx_word' id='word_1_514' title='bbox 1443 3433 1569 3497; x_wconf 81' lang='lat' dir='ltr'><strong>Omnes</strong></span> <span class='ocrx_word' id='word_1_515' title='bbox 1580 3435 1709 3497; x_wconf 86' lang='lat' dir='ltr'><strong>blandus</strong></span> <span class='ocrx_word' id='word_1_516' title='bbox 1719 3438 1772 3515; x_wconf 91' lang='lat' dir='ltr'><strong>qui-</strong></span> 
     </span>
     <span class='ocr_line' id='line_1_61' title="bbox 967 3527 1770 3608; baseline 0.001 -20"><span class='ocrx_word' id='word_1_517' title='bbox 967 3528 1034 3588; x_wconf 88' lang='lat' dir='ltr'><strong>dum</strong></span> <span class='ocrx_word' id='word_1_518' title='bbox 1045 3527 1146 3588; x_wconf 88' lang='lat' dir='ltr'><strong>horror</strong></span> <span class='ocrx_word' id='word_1_519' title='bbox 1156 3530 1336 3608; x_wconf 80' lang='lat' dir='ltr'><strong>perstrinxit,</strong></span> <span class='ocrx_word' id='word_1_520' title='bbox 1357 3547 1424 3586; x_wconf 84' lang='lat' dir='ltr'><strong>erun</strong></span> <span class='ocrx_word' id='word_1_521' title='bbox 1435 3527 1580 3587; x_wconf 85' lang='lat' dir='ltr'><strong>subirent·</strong></span> <span class='ocrx_word' id='word_1_522' title='bbox 1593 3532 1699 3591; x_wconf 81' lang='lat' dir='ltr'><strong>oculus</strong></span> <span class='ocrx_word' id='word_1_523' title='bbox 1711 3534 1770 3589; x_wconf 75' lang='lat' dir='ltr'><strong>rarii</strong></span> 
     </span>
     <span class='ocr_line' id='line_1_62' title="bbox 965 3620 1770 3702; baseline 0.001 -21"><span class='ocrx_word' id='word_1_524' title='bbox 965 3623 1086 3702; x_wconf 90' lang='lat' dir='ltr'><strong>generis</strong></span> <span class='ocrx_word' id='word_1_525' title='bbox 1105 3628 1284 3692; x_wconf 87' lang='lat' dir='ltr'><strong>ornamenta,</strong></span> <span class='ocrx_word' id='word_1_526' title='bbox 1303 3620 1478 3702; x_wconf 82' lang='lat' dir='ltr'><strong>plurimique</strong></span> <span class='ocrx_word' id='word_1_527' title='bbox 1491 3623 1661 3701; x_wconf 77' lang='lat' dir='ltr'><strong>smaragdi,</strong></span> <span class='ocrx_word' id='word_1_528' title='bbox 1679 3644 1770 3684; x_wconf 77' lang='lat' dir='ltr'><strong>omnm</strong></span> 
     </span>
     <span class='ocr_line' id='line_1_63' title="bbox 966 3714 1769 3795; baseline 0.002 -19"><span class='ocrx_word' id='word_1_529' title='bbox 966 3715 1126 3794; x_wconf 88' lang='lat' dir='ltr'><strong>subpallidi</strong></span> <span class='ocrx_word' id='word_1_530' title='bbox 1145 3715 1268 3786; x_wconf 88' lang='lat' dir='ltr'><strong>coluris,</strong></span> <span class='ocrx_word' id='word_1_531' title='bbox 1288 3716 1443 3792; x_wconf 84' lang='lat' dir='ltr'><strong>ingentes,</strong></span> <span class='ocrx_word' id='word_1_532' title='bbox 1462 3714 1607 3786; x_wconf 87' lang='lat' dir='ltr'><strong>rutundi,</strong></span> <span class='ocrx_word' id='word_1_533' title='bbox 1628 3724 1659 3777; x_wconf 90' lang='lat' dir='ltr'><strong>et</strong></span> <span class='ocrx_word' id='word_1_534' title='bbox 1677 3725 1769 3795; x_wconf 76' lang='lat' dir='ltr'><strong>suaptr</strong></span> 
     </span>
     <span class='ocr_line' id='line_1_64' title="bbox 966 3805 1767 3889; baseline 0 -21"><span class='ocrx_word' id='word_1_535' title='bbox 966 3814 1070 3870; x_wconf 78' lang='lat' dir='ltr'><strong>tratura</strong></span> <span class='ocrx_word' id='word_1_536' title='bbox 1088 3809 1311 3886; x_wconf 76' lang='lat' dir='ltr'><strong>fulgentissimi,</strong></span> <span class='ocrx_word' id='word_1_537' title='bbox 1337 3811 1369 3867; x_wconf 91' lang='lat' dir='ltr'><strong>ut</strong></span> <span class='ocrx_word' id='word_1_538' title='bbox 1389 3805 1437 3865; x_wconf 84' lang='lat' dir='ltr'><strong>rel</strong></span> <span class='ocrx_word' id='word_1_539' title='bbox 1456 3806 1550 3866; x_wconf 90' lang='lat' dir='ltr'><strong>unius</strong></span> <span class='ocrx_word' id='word_1_540' title='bbox 1572 3810 1711 3889; x_wconf 88' lang='lat' dir='ltr'><strong>pondus.</strong></span> <span class='ocrx_word' id='word_1_541' title='bbox 1727 3827 1767 3871; x_wconf 82' lang='lat' dir='ltr'><strong>aar</strong></span> 
     </span>
    </p>
   </div>
   <div class='ocr_carea' id='block_1_6' title="bbox 960 3993 1764 5293">
    <p class='ocr_par' dir='ltr' id='par_1_6' title="bbox 960 3993 1764 5293">
     <span class='ocr_line' id='line_1_65' title="bbox 1041 3993 1764 4071; baseline -0.004 -15"><span class='ocrx_word' id='word_1_542' title='bbox 1041 3995 1189 4057; x_wconf 79' lang='lat' dir='ltr'><strong>Prolixam</strong></span> <span class='ocrx_word' id='word_1_543' title='bbox 1215 4002 1330 4056; x_wconf 86' lang='lat' dir='ltr'><strong>vestem</strong></span> <span class='ocrx_word' id='word_1_544' title='bbox 1356 3993 1432 4054; x_wconf 85' lang='lat' dir='ltr'><strong>inira</strong></span> <span class='ocrx_word' id='word_1_545' title='bbox 1463 4014 1588 4071; x_wconf 83' lang='lat' dir='ltr'><strong>ungues</strong></span> <span class='ocrx_word' id='word_1_546' title='bbox 1619 3995 1764 4057; x_wconf 67' lang='lat' dir='ltr'><strong>demissas</strong></span> 
     </span>
     <span class='ocr_line' id='line_1_66' title="bbox 965 4088 1763 4151; baseline 0 -3"><span class='ocrx_word' id='word_1_547' title='bbox 965 4089 1079 4149; x_wconf 76' lang='lat' dir='ltr'><strong>terebat</strong></span> <span class='ocrx_word' id='word_1_548' title='bbox 1109 4110 1145 4149; x_wconf 85' lang='lat' dir='ltr'><strong>ex</strong></span> <span class='ocrx_word' id='word_1_549' title='bbox 1171 4089 1280 4148; x_wconf 78' lang='lat' dir='ltr'><strong>villose</strong></span> <span class='ocrx_word' id='word_1_550' title='bbox 1308 4089 1405 4148; x_wconf 90' lang='lat' dir='ltr'><strong>serico</strong></span> <span class='ocrx_word' id='word_1_551' title='bbox 1432 4088 1507 4147; x_wconf 90' lang='lat' dir='ltr'><strong>mira</strong></span> <span class='ocrx_word' id='word_1_552' title='bbox 1530 4096 1602 4148; x_wconf 85' lang='lat' dir='ltr'><strong>arto</strong></span> <span class='ocrx_word' id='word_1_553' title='bbox 1630 4100 1763 4151; x_wconf 75' lang='lat' dir='ltr'><strong>contrata</strong></span> 
     </span>
     <span class='ocr_line' id='line_1_67' title="bbox 964 4180 1761 4262; baseline 0.001 -20"><span class='ocrx_word' id='word_1_554' title='bbox 964 4183 1146 4262; x_wconf 85' lang='lat' dir='ltr'><strong>plurimaque</strong></span> <span class='ocrx_word' id='word_1_555' title='bbox 1162 4181 1291 4241; x_wconf 85' lang='lat' dir='ltr'><strong>babebat</strong></span> <span class='ocrx_word' id='word_1_556' title='bbox 1311 4185 1489 4261; x_wconf 80' lang='lat' dir='ltr'><strong>pervenusta</strong></span> <span class='ocrx_word' id='word_1_557' title='bbox 1509 4180 1642 4245; x_wconf 73' lang='grc' dir='ltr'>κλιιὸιά</span> <span class='ocrx_word' id='word_1_558' title='bbox 1668 4204 1761 4259; x_wconf 71' lang='lat' dir='ltr'><strong>marga</strong></span> 
     </span>
     <span class='ocr_line' id='line_1_68' title="bbox 964 4273 1762 4354; baseline 0.001 -20"><span class='ocrx_word' id='word_1_559' title='bbox 964 4277 1028 4335; x_wconf 87' lang='lat' dir='ltr'><strong>ritis</strong></span> <span class='ocrx_word' id='word_1_560' title='bbox 1047 4276 1272 4354; x_wconf 84' lang='lat' dir='ltr'><strong>pretiosissimis</strong></span> <span class='ocrx_word' id='word_1_561' title='bbox 1292 4277 1365 4336; x_wconf 87' lang='lat' dir='ltr'><strong>mira</strong></span> <span class='ocrx_word' id='word_1_562' title='bbox 1386 4280 1449 4334; x_wconf 88' lang='lat' dir='ltr'><strong>arte</strong></span> <span class='ocrx_word' id='word_1_563' title='bbox 1467 4273 1637 4354; x_wconf 87' lang='lat' dir='ltr'><strong>dispositis</strong></span> <span class='ocrx_word' id='word_1_564' title='bbox 1657 4281 1762 4338; x_wconf 67' lang='lat' dir='ltr'><strong>cirrus</strong></span> 
     </span>
     <span class='ocr_line' id='line_1_69' title="bbox 963 4367 1763 4451; baseline 0.001 -22"><span class='ocrx_word' id='word_1_565' title='bbox 963 4370 1090 4450; x_wconf 85' lang='lat' dir='ltr'><strong>scripta,</strong></span> <span class='ocrx_word' id='word_1_566' title='bbox 1123 4375 1212 4447; x_wconf 88' lang='lat' dir='ltr'><strong>atque</strong></span> <span class='ocrx_word' id='word_1_567' title='bbox 1241 4370 1317 4428; x_wconf 91' lang='lat' dir='ltr'><strong>iuter</strong></span> <span class='ocrx_word' id='word_1_568' title='bbox 1345 4367 1443 4428; x_wconf 85' lang='lat' dir='ltr'><strong>medis</strong></span> <span class='ocrx_word' id='word_1_569' title='bbox 1468 4367 1601 4433; x_wconf 81' lang='grc' dir='ltr'><strong><em>κλαὸιά</em></strong></span> <span class='ocrx_word' id='word_1_570' title='bbox 1629 4373 1763 4451; x_wconf 71' lang='lat' dir='ltr'><strong>pretium</strong></span> 
     </span>
     <span class='ocr_line' id='line_1_70' title="bbox 961 4462 1761 4542; baseline 0.001 -20"><span class='ocrx_word' id='word_1_571' title='bbox 961 4462 1090 4541; x_wconf 82' lang='lat' dir='ltr'><strong>lapillos,</strong></span> <span class='ocrx_word' id='word_1_572' title='bbox 1109 4464 1254 4542; x_wconf 84' lang='lat' dir='ltr'><strong>topazius,</strong></span> <span class='ocrx_word' id='word_1_573' title='bbox 1274 4482 1416 4539; x_wconf 80' lang='lat' dir='ltr'><strong>geminas,</strong></span> <span class='ocrx_word' id='word_1_574' title='bbox 1436 4469 1467 4521; x_wconf 86' lang='lat' dir='ltr'><strong>et</strong></span> <span class='ocrx_word' id='word_1_575' title='bbox 1480 4463 1692 4525; x_wconf 85' lang='lat' dir='ltr'><strong>carbunculos</strong></span> <span class='ocrx_word' id='word_1_576' title='bbox 1709 4484 1761 4523; x_wconf 85' lang='lat' dir='ltr'><strong>cor·</strong></span> 
     </span>
     <span class='ocr_line' id='line_1_71' title="bbox 962 4547 1761 4639; baseline 0 -24"><span class='ocrx_word' id='word_1_577' title='bbox 962 4558 1038 4616; x_wconf 91' lang='lat' dir='ltr'><strong>cinci</strong></span> <span class='ocrx_word' id='word_1_578' title='bbox 1065 4557 1152 4637; x_wconf 88' lang='lat' dir='ltr'><strong>plane</strong></span> <span class='ocrx_word' id='word_1_579' title='bbox 1178 4557 1297 4615; x_wconf 88' lang='lat' dir='ltr'><strong>coleris.</strong></span> <span class='ocrx_word' id='word_1_580' title='bbox 1343 4547 1473 4636; x_wconf 54' lang='lat' dir='ltr'><strong>Adra-pa</strong></span> <span class='ocrx_word' id='word_1_581' title='bbox 1500 4576 1576 4616; x_wconf 77' lang='lat' dir='ltr'><strong>uere</strong></span> <span class='ocrx_word' id='word_1_582' title='bbox 1610 4578 1703 4639; x_wconf 84' lang='lat' dir='ltr'><strong>snpra</strong></span> <span class='ocrx_word' id='word_1_583' title='bbox 1723 4576 1761 4615; x_wconf 77' lang='lat' dir='ltr'><strong>re</strong></span> 
     </span>
     <span class='ocr_line' id='line_1_72' title="bbox 961 4647 1759 4727; baseline -0.005 -16"><span class='ocrx_word' id='word_1_584' title='bbox 961 4656 1038 4711; x_wconf 87' lang='lat' dir='ltr'><strong>stem</strong></span> <span class='ocrx_word' id='word_1_585' title='bbox 1058 4655 1131 4723; x_wconf 89' lang='lat' dir='ltr'><strong>crat,</strong></span> <span class='ocrx_word' id='word_1_586' title='bbox 1150 4669 1228 4727; x_wconf 87' lang='lat' dir='ltr'><strong>quae</strong></span> <span class='ocrx_word' id='word_1_587' title='bbox 1248 4648 1317 4708; x_wconf 89' lang='lat' dir='ltr'><strong>licet</strong></span> <span class='ocrx_word' id='word_1_588' title='bbox 1337 4647 1572 4726; x_wconf 79' lang='lat' dir='ltr'><strong>simplicissima,</strong></span> <span class='ocrx_word' id='word_1_589' title='bbox 1594 4657 1629 4710; x_wconf 90' lang='lat' dir='ltr'><strong>et</strong></span> <span class='ocrx_word' id='word_1_590' title='bbox 1646 4655 1710 4713; x_wconf 81' lang='lat' dir='ltr'><strong>siae</strong></span> <span class='ocrx_word' id='word_1_591' title='bbox 1724 4666 1759 4707; x_wconf 79' lang='lat' dir='ltr'><strong>ar</strong></span> 
     </span>
     <span class='ocr_line' id='line_1_73' title="bbox 960 4740 1759 4821; baseline -0.001 -19"><span class='ocrx_word' id='word_1_592' title='bbox 960 4743 1052 4803; x_wconf 88' lang='lat' dir='ltr'><strong>titiciu</strong></span> <span class='ocrx_word' id='word_1_593' title='bbox 1072 4742 1234 4813; x_wconf 79' lang='lat' dir='ltr'><strong>rideretur,</strong></span> <span class='ocrx_word' id='word_1_594' title='bbox 1259 4741 1410 4821; x_wconf 81' lang='lat' dir='ltr'><strong>plurimum</strong></span> <span class='ocrx_word' id='word_1_595' title='bbox 1430 4746 1531 4801; x_wconf 85' lang='lat' dir='ltr'><strong>tamen</strong></span> <span class='ocrx_word' id='word_1_596' title='bbox 1552 4746 1684 4820; x_wconf 86' lang='lat' dir='ltr'><strong>pretium</strong></span> <span class='ocrx_word' id='word_1_597' title='bbox 1699 4740 1759 4801; x_wconf 68' lang='lat' dir='ltr'><strong>otti</strong></span> 
     </span>
     <span class='ocr_line' id='line_1_74' title="bbox 962 4835 1761 4915; baseline 0.003 -19"><span class='ocrx_word' id='word_1_598' title='bbox 962 4837 1053 4896; x_wconf 91' lang='lat' dir='ltr'><strong>nebat</strong></span> <span class='ocrx_word' id='word_1_599' title='bbox 1082 4837 1120 4896; x_wconf 92' lang='lat' dir='ltr'><strong>ob</strong></span> <span class='ocrx_word' id='word_1_600' title='bbox 1147 4835 1282 4896; x_wconf 86' lang='lat' dir='ltr'><strong>eximiam</strong></span> <span class='ocrx_word' id='word_1_601' title='bbox 1314 4836 1389 4894; x_wconf 85' lang='lat' dir='ltr'><strong>artis</strong></span> <span class='ocrx_word' id='word_1_602' title='bbox 1413 4837 1656 4913; x_wconf 75' lang='lat' dir='ltr'><strong>praestantiam:</strong></span> <span class='ocrx_word' id='word_1_603' title='bbox 1683 4836 1761 4915; x_wconf 60' lang='lat' dir='ltr'><strong>huj&amp;</strong></span> 
     </span>
     <span class='ocr_line' id='line_1_75' title="bbox 960 4929 1759 5010; baseline 0.001 -20"><span class='ocrx_word' id='word_1_604' title='bbox 960 4929 1095 5010; x_wconf 86' lang='lat' dir='ltr'><strong>prolecto</strong></span> <span class='ocrx_word' id='word_1_605' title='bbox 1123 4930 1235 4989; x_wconf 88' lang='lat' dir='ltr'><strong>variam</strong></span> <span class='ocrx_word' id='word_1_606' title='bbox 1261 4934 1450 4997; x_wconf 87' lang='lat' dir='ltr'><strong>structuram,</strong></span> <span class='ocrx_word' id='word_1_607' title='bbox 1479 4933 1510 4986; x_wconf 89' lang='lat' dir='ltr'><strong>ct</strong></span> <span class='ocrx_word' id='word_1_608' title='bbox 1539 4930 1759 4993; x_wconf 68' lang='lat' dir='ltr'><strong>subtilissimi·</strong></span> 
     </span>
     <span class='ocr_line' id='line_1_76' title="bbox 960 5021 1760 5102; baseline -0.001 -20"><span class='ocrx_word' id='word_1_609' title='bbox 960 5043 1037 5102; x_wconf 88' lang='lat' dir='ltr'><strong>opus</strong></span> <span class='ocrx_word' id='word_1_610' title='bbox 1062 5043 1148 5082; x_wconf 88' lang='lat' dir='ltr'><strong>neme</strong></span> <span class='ocrx_word' id='word_1_611' title='bbox 1173 5021 1343 5082; x_wconf 79' lang='lat' dir='ltr'><strong>‹lescribere</strong></span> <span class='ocrx_word' id='word_1_612' title='bbox 1374 5026 1490 5101; x_wconf 85' lang='lat' dir='ltr'><strong>potest,</strong></span> <span class='ocrx_word' id='word_1_613' title='bbox 1522 5042 1583 5083; x_wconf 92' lang='lat' dir='ltr'><strong>neu</strong></span> <span class='ocrx_word' id='word_1_614' title='bbox 1617 5044 1707 5085; x_wconf 80' lang='lat' dir='ltr'><strong>serua</strong></span> <span class='ocrx_word' id='word_1_615' title='bbox 1731 5038 1760 5081; x_wconf 83' lang='lat' dir='ltr'><strong>ar</strong></span> 
     </span>
     <span class='ocr_line' id='line_1_77' title="bbox 960 5113 1759 5196; baseline -0.006 -20"><span class='ocrx_word' id='word_1_616' title='bbox 960 5116 1178 5196; x_wconf 87' lang='lat' dir='ltr'><strong>splendidiores</strong></span> <span class='ocrx_word' id='word_1_617' title='bbox 1200 5113 1405 5177; x_wconf 87' lang='lat' dir='ltr'><strong>carbunculos.</strong></span> <span class='ocrx_word' id='word_1_618' title='bbox 1425 5114 1572 5177; x_wconf 82' lang='lat' dir='ltr'><strong>rotundas</strong></span> <span class='ocrx_word' id='word_1_619' title='bbox 1584 5118 1759 5195; x_wconf 65' lang='lat' dir='ltr'><strong>mamurra.</strong></span> 
     </span>
     <span class='ocr_line' id='line_1_78' title="bbox 960 5207 1759 5293; baseline 0.001 -21"><span class='ocrx_word' id='word_1_620' title='bbox 960 5209 1128 5293; x_wconf 81' lang='lat' dir='ltr'><strong>sapphiros,</strong></span> <span class='ocrx_word' id='word_1_621' title='bbox 1147 5230 1296 5289; x_wconf 79' lang='lat' dir='ltr'><strong>gemmas,</strong></span> <span class='ocrx_word' id='word_1_622' title='bbox 1316 5207 1446 5288; x_wconf 85' lang='lat' dir='ltr'><strong>lapillos,</strong></span> <span class='ocrx_word' id='word_1_623' title='bbox 1465 5214 1497 5269; x_wconf 92' lang='lat' dir='ltr'><strong>ct</strong></span> <span class='ocrx_word' id='word_1_624' title='bbox 1516 5210 1699 5275; x_wconf 71' lang='lat' dir='ltr'><strong>ada-antes</strong></span> <span class='ocrx_word' id='word_1_625' title='bbox 1716 5210 1759 5267; x_wconf 74' lang='lat' dir='ltr'><strong>rir-</strong></span> 
     </span>
    </p>
   </div>
   <div class='ocr_carea' id='block_1_7' title="bbox 0 0 1876 5626">
    <p class='ocr_par' dir='ltr' id='par_1_7' title="bbox 0 0 1876 5626">
     <span class='ocr_line' id='line_1_79' title="bbox 0 0 1876 5626; baseline 0 6"><span class='ocrx_word' id='word_1_626' title='bbox 0 0 1876 5626; x_wconf 95' lang='lat' dir='ltr'><strong> </strong></span> 
     </span>
    </p>
   </div>
  </div>
 </body>
</html>
