3742 5626
159 187 203 273 ιι
640 182 1358 259 amaraconunurunecn'rouua

164 369 197 410 rs
207 348 350 423 bearem,
360 356 480 428 praeter
492 346 587 426 Regis
601 344 786 410 mandatum:
808 343 866 409 sed
877 345 969 426 digni·
1029 344 1126 411 ioniae
1137 345 1284 426 Regounr,
1296 349 1486 428 Magnusque
1497 348 1636 409 Donatus
1647 345 1836 415 Litiauuniae,

164 449 255 504 tatem
274 461 359 502 suana
386 444 415 501 in
434 460 542 519 niagno
561 438 690 501 futonnn
711 438 890 511 dison-inc,
910 443 969 503 nisi
1026 438 1153 503 Prnssia
1181 442 1250 502 iten
1280 448 1438 523 propterea
1474 462 1493 502 a
1521 440 1628 502 Mosco
1664 437 1836 509 inundatum

164 536 231 617 ipae
248 534 400 595 Antonius
426 540 457 594 et
476 532 569 611 Regi,
601 537 692 613 atquc
717 534 747 595 in
768 533 874 595 suturis
895 534 968 594 Var-
1026 532 1114 594 sicuti
1135 535 1206 594 item
1227 554 1324 614 neque
1344 533 1423 613 Regi
1449 535 1478 594 ia
1500 533 1597 595 Mosei
1618 533 1763 593 ditionem
1784 533 1836 591 erit

162 629 267 689 sarim
287 626 438 696 Coaaitiis,
464 628 493 686 in
513 646 549 686 se
569 623 629 686 iroe
654 631 748 687 totum
767 625 806 687 ad
826 625 896 685 boni
917 646 968 706 pu·
1027 630 1183 707 propterea
1202 647 1271 689 cum
1291 629 1321 687 io
1341 628 1474 687 exercitu
1494 625 1702 688 invadendum.

164 721 234 782 inlici
255 720 498 797 conpositionem
520 718 706 797 suscepisse,
736 720 856 799 pontice
876 723 967 779 testa·
1103 718 1181 780 Tum
1205 719 1296 799 Regii
1320 729 1461 797 rogarunt
1480 720 1659 792 Antoniana,
1686 722 1721 779 ut
1741 722 1833 799 prote·

156 823 252 874 retur.
294 810 385 882 Quen
406 831 474 871 cum
487 831 531 871 se
550 809 695 873 iacturum
715 812 967 875 Antoniusrece·
1016 813 1184 875 ‚audoaeno
1203 832 1241 874 aa
1260 812 1299 875 de
1318 833 1351 873 re
1371 812 1552 886 admitteret,
1570 832 1608 872 ac
1625 808 1832 893 chirographo,

162 907 275 985 pisset,
311 904 494 963 instauratus
530 912 578 963 est
608 911 792 965 convontus:
828 922 864 967 ac
900 921 967 969 cuar
1024 908 1056 965 et
1073 906 1161 984 siguo
1180 926 1238 966 suo
1263 905 1453 983 obsignaret:
1479 925 1567 985 quaer
1592 925 1660 966 cura
1683 904 1832 966 Antonios

160 997 250 1075 Regii
271 1001 424 1076 peterent,
445 1003 478 1055 nt
498 994 677 1058 Sebicsaunr
697 996 774 1075 Regi
794 994 966 1067 traderetur,
1024 996 1067 1058 ita
1085 1019 1122 1059 eo
1140 997 1341 1065 admissurum
1360 997 1585 1078 respondisset,
1604 1002 1637 1058 nt
1656 1017 1759 1077 neque
1777 997 1830 1077 ipsi

160 1090 258 1153 Mosei
278 1088 396 1164 diacre,
416 1087 562 1150 Veiisium
582 1091 782 1169 reintegrans
803 1088 966 1158 relicturos,
1024 1088 1120 1170 Regi,
1150 1111 1207 1151 uec
1225 1089 1335 1169 Magno
1355 1088 1452 1165 Daoi,
1483 1110 1540 1152 nec
1566 1089 1619 1151 otti
1637 1090 1763 1151 omniuo
1783 1086 1828 1149 te

160 1185 188 1244 si
214 1182 390 1243 Sebioeauna
416 1186 492 1242 stet:
521 1183 549 1242 si
575 1202 646 1243 earo
672 1180 836 1263 Dorpatura
856 1180 966 1259 Magon
1024 1184 1134 1245 minuar
1154 1183 1385 1265 praejudicaret,
1416 1183 1463 1245 rei
1484 1183 1645 1264 qnidqnarn
1669 1183 1753 1265 juris
1772 1180 1828 1243 adi·

159 1275 238 1336 Dnci
257 1277 392 1335 relictum
412 1273 535 1347 inisset,
560 1283 623 1335 tuna
643 1296 715 1337 esse
735 1280 908 1343 contentos,
934 1279 967 1337 ut
1023 1280 1133 1337 rueret:
1162 1282 1223 1337 turn
1243 1276 1370 1359 adjecit,
1402 1295 1438 1337 so
1459 1276 1509 1337 iiia
1531 1298 1596 1338 enar
1616 1276 1829 1357 protestatione

159 1368 339 1428 Sebieazuur
372 1388 390 1427 a
419 1366 530 1447 Magno
560 1366 663 1439 Duce,
692 1367 801 1429 Drissa
830 1389 850 1432 a
879 1366 965 1445 Rogo
1022 1369 1202 1430 sententiaro
1223 1366 1406 1443 tatnmnfid
1425 1369 1612 1449 quodetiam
1632 1366 1743 1429 eadem
1763 1365 1829 1427 irora

159 1461 409 1521 comburerentur.
449 1456 520 1531 eru
544 1459 583 1520 de
608 1480 640 1519 re
666 1480 734 1521 cnm
754 1479 861 1539 magna
881 1465 966 1523 emet
1011 1459 1167 1536 iaciebat)
1193 1468 1226 1522 ut
1245 1483 1282 1531 ea
1296 1461 1393 1543 juris,
1412 1463 1526 1523 tituiire
1550 1462 1727 1542 protestatio
1747 1460 1827 1523 aiter·

159 1554 326 1624 alternatio,
357 1552 386 1612 io
413 1563 564 1634 posterum
591 1552 668 1614 dieas
697 1555 810 1635 rejecto
833 1558 896 1623 est,
925 1573 963 1614 eo
1022 1553 1080 1613 utri
1096 1556 1195 1636 justa,
1221 1553 1267 1615 uel
1288 1553 1445 1616 sufficiens
1472 1555 1544 1617 beiti
1561 1576 1657 1617 unsa
1677 1574 1753 1615 esse
1774 1574 1826 1613 ooo

159 1646 299 1717 consitio,
329 1666 347 1705 a
371 1646 461 1723 regiis
480 1647 633 1718 tractatio,
661 1652 694 1707 ut
713 1647 829 1707 interim
848 1667 902 1727 per
920 1651 962 1706 ta·
1010 1651 1140 1724 .posset;
1167 1666 1205 1707 ae
1229 1646 1349 1727 quiden
1376 1645 1467 1725 (quod
1494 1648 1583 1708 etiarn
1608 1668 1665 1729 per
1695 1647 1828 1727 Legatos

159 1739 312 1801 baliarium
338 1737 533 1798 aZeoaoseio
559 1741 725 1800 excestria
750 1747 881 1800 mentern
903 1738 962 1798 Re·
1022 1735 1099 1799 esici
1119 1741 1249 1818 poterat)
1268 1759 1335 1800 enar
1355 1744 1480 1818 utroque
1500 1740 1637 1821 Principe
1662 1746 1772 1821 pacate
1789 1746 1827 1801 at·

156 1835 205 1915 gis
224 1830 365 1912 liquidius
386 1832 583 1910 exquirerent.
1021 1836 1210 1907 tentaturum,
1223 1832 1826 1913 utquamariniaraeadereoonteotioois,

233 1922 367 1992 Deinde,
396 1943 464 1984 marn
490 1922 597 2003 Regiis
625 1924 836 2005 quaerentibus
861 1922 961 1985 Mosei
995 1943 1059 1990 ,ec
1078 1922 1208 1985 sedasse
1230 1925 1320 2001 nnita,
1340 1926 1372 1985 io
1391 1930 1543 2006 posterum
1563 1925 1791 2007 rotinqneretur.

157 2016 398 2101 respondissent,
428 2037 464 2077 so
491 2016 693 2096 plenissimam
713 2022 891 2098 potestatem
912 2016 962 2076 ira·
989 1974 992 2055 Ι
1096 2015 1188 2095 Regii
1214 2038 1284 2081 vero
1309 2037 1377 2081 cum
1404 2018 1586 2081 verbotenus
1615 2039 1670 2100 par
1694 2016 1826 2081 Michae-

157 2116 237 2185 irore,
257 2131 344 2173 arcos
363 2108 508 2170 Livoniae
528 2108 678 2181 tradendi,
696 2130 772 2191 quae
791 2109 910 2191 quidem
931 2111 961 2169 in
988 2066 1077 2173 dien
1091 2108 1293 2171 Haraburdaar
1305 2111 1548 2192 protestationem
1567 2112 1825 2190 pronunciassent,

156 2226 243 2267 nana
262 2203 364 2282 Magni
383 2201 496 2272 Ducis,
528 2222 585 2263 non
606 2204 635 2263 in
661 2224 750 2264 nraou
771 2203 868 2281 Regis
886 2201 961 2261 Sue·
1021 2208 1137 2283 postca,
1159 2208 1193 2263 at
1210 2205 1325 2285 scripto
1345 2209 1509 2275 constaret,
1527 2205 1566 2265 ab
1586 2206 1717 2265 Antonio
1737 2206 1824 2287 petie·

155 2300 221 2361 cisa
241 2304 362 2370 ouant,
389 2294 563 2376 adjecerant
588 2294 696 2372 Legati
715 2294 828 2374 Regis:
859 2293 961 2365 Quan-
1020 2301 1101 2359 runt:
1121 2316 1199 2376 quae
1222 2316 1288 2357 coar
1303 2295 1408 2374 Regiis
1426 2295 1571 2358 tradenda
1591 2318 1651 2359 uon
1670 2298 1825 2362 rideretur.

156 2388 312 2470 doquideaa
338 2387 520 2467 saepissime
539 2387 699 2468 scriptum,
728 2396 760 2447 et
785 2393 884 2448 octana
910 2407 962 2467 por
1020 2389 1078 2449 nisi
1109 2388 1201 2468 (qnod
1233 2390 1321 2449 etiaar
1351 2388 1381 2447 in
1410 2389 1519 2449 ansuis
1547 2390 1679 2451 Antonio
1710 2391 1825 2453 dixerat

154 2484 300 2561 Legatos,
320 2484 351 2541 et
370 2480 587 2551 internuncios,
608 2483 801 2559 iterato-que
815 2490 873 2551 est,
893 2478 959 2539 Ste-
1008 2479 1103 2556 Rex)
1129 2480 1245 2542 dicacis
1274 2482 1421 2559 integrum
1440 2480 1612 2543 tantunden
1630 2482 1762 2545 faciendi
1783 2504 1823 2542 rc·

153 2575 286 2661 piraeum
305 2572 420 2650 Rege·
446 2576 538 2632 totarn
564 2572 718 2635 Liroaiarn
740 2578 854 2650 petere,
881 2571 960 2632 diee-
1018 2573 1213 2652 iioquerotnr3
1242 2573 1355 2635 diserte
1379 2571 1471 2653 Regii
1496 2573 1610 2637 Roscia
1633 2575 1736 2636 adirne
1761 2596 1825 2657 pro·

154 2676 221 2733 rant
244 2666 352 2745 Legati
377 2664 478 2743 Magni
506 2664 617 2735 Ducis,
650 2685 717 2725 nura
737 2664 846 2727 retient
865 2664 959 2733 titulo,
1017 2668 1119 2727 testati
1143 2675 1230 2737 suat,
1261 2665 1379 2743 Regem
1404 2686 1459 2727 aas
1481 2668 1597 2727 annino
1620 2658 1709 2727 arces
1737 2667 1826 2737 reite,

149 2766 277 2849 jureque
297 2760 394 2839 ipsius
413 2757 521 2819 cedere
541 2757 677 2829 omnino,
708 2778 818 2819 aecae:
851 2756 880 2818 id
901 2758 960 2818 nisi
1017 2779 1095 2839 quas
1116 2758 1246 2821 Sueciae
1267 2758 1335 2821 Rex
1356 2758 1434 2819 bello
1450 2758 1590 2839 ecpiuet.

154 2858 303 2927 iacerem,
326 2853 461 2914 relictura
480 2853 513 2911 iri
534 2851 691 2915 sciatiiiarn
712 2851 751 2913 ad
771 2870 878 2911 oovnru
900 2850 959 2911 bei-
1094 2851 1225 2921 Ventum
1251 2858 1300 2913 est
1314 2862 1435 2932 ,posteo
1457 2850 1500 2912 ad
1526 2850 1637 2913 minu
1663 2855 1827 2925 tormenta,

153 2952 213 3011 inan
234 2944 432 3015 excitandae,
452 2964 516 3004 cuna
536 2964 612 3023 quae
631 2966 717 3007 arces
738 2946 869 3005 Soeeiae
888 2942 959 3004 Rex
1017 2966 1095 3025 quac
1121 2946 1152 3006 in
1178 2945 1279 3013 Mosei
1304 2965 1392 3005 maon
1412 2949 1534 3015 cuent,
1564 2948 1597 3005 ut
1626 2963 1695 3003 curn
1713 2944 1825 3023 quibua

153 3043 303 3123 cepisset,
329 3058 383 3097 eas
404 3035 451 3097 rel
471 3042 577 3116 pacate
598 3038 636 3099 ab
658 3039 740 3119 ipso,
759 3043 792 3097 nt
811 3038 849 3099 ab
869 3037 959 3098 aliine
1017 3058 1104 3099 arces
1116 3037 1246 3099 fuissent
1265 3044 1380 3117 captae,
1400 3037 1639 3099 restituerentnrt
1658 3034 1740 3115 quod
1760 3038 1822 3117 qui·

148 3154 227 3205 -suo,
247 3128 527 3212 Stephanusesset
545 3130 735 3202 obtenturus,
763 3129 810 3191 rei
829 3128 958 3208 deniquo
1017 3128 1085 3191 dexi
1110 3139 1200 3193 antea
1225 3129 1328 3195 Mosei
1353 3128 1487 3209 Legatos
1516 3130 1609 3201 aiios,
1639 3129 1690 3210 qni
1713 3126 1823 3191 Viioae

151 3228 212 3291 alia
230 3226 344 3288 rationo
363 3228 582 3304 procuraturus.
604 3223 652 3285 Ac
667 3223 723 3285 nisi
744 3221 958 3283 nuncdloscna
1017 3221 1152 3298 suamet,
1176 3222 1267 3302 Regii
1287 3224 1465 3304 promisisse
1485 3222 1635 3285 dicebant.
1674 3220 1725 3282 Ad
1743 3241 1824 3302 quae

153 3317 343 3402 inrejuraudo
363 3317 489 3380 livonia
507 3316 622 3393 integre
641 3316 805 3381 emisset:
824 3312 958 3376 eaeden-
999 3335 1084 3377 cunr
1102 3314 1203 3377 Mosei
1228 3314 1455 3395 responderent,
1482 3316 1610 3379 Auiicos
1632 3313 1825 3393 Norogardia

152 3434 213 3493 que
232 3430 319 3472 arcas
340 3430 360 3471 a
377 3408 508 3469 Succiae
527 3406 613 3485 Rege
638 3413 774 3489 repetere
798 3406 877 3469 belin
897 3409 957 3468 aei·
1016 3428 1088 3471 seso
1114 3408 1194 3471 iiiico
1222 3420 1417 3483 evocaturos3
1447 3429 1506 3471 uec
1533 3409 1572 3471 dc
1596 3409 1768 3485 tementis,
1796 3410 1824 3469 si

152 3505 204 3577 ra,
223 3504 353 3584 liquere,
373 3500 512 3563 adarna
530 3501 608 3561 inter
626 3499 821 3582 Stephanum,
841 3510 872 3563 et
891 3501 957 3563 nto-
1015 3500 1107 3581 Regii
1137 3501 1311 3565 tantusdenr
1344 3503 1491 3572 facerent,
1527 3522 1663 3581 nagna-
1695 3500 1823 3563 runnu

153 3619 239 3663 amm
259 3602 379 3659 senuna
398 3594 505 3655 iterum
524 3593 569 3653 iri.
1015 3593 1234 3657 difficultatem:
1263 3597 1357 3659 attero
1379 3597 1409 3656 ia
1429 3595 1567 3671 alterat,
1592 3597 1624 3655 io
1645 3602 1822 3675 aequente·

229 3690 319 3762 Quae
343 3707 411 3749 curn
431 3687 584 3749 Antonius
608 3684 678 3748 aliis
697 3687 860 3749 rationibus
880 3707 955 3748 eon·
1014 3688 1093 3751 diem
1112 3688 1221 3751 Sessio
1240 3688 1353 3751 indicto
1372 3696 1430 3751 est.

150 3787 324 3868 proma,
351 3802 388 3843 ac
409 3779 552 3851 dixisset,
571 3799 626 3841 eos
644 3778 777 3851 avidius,
794 3800 839 3845 ¹uc
857 3784 957 3845 aerina

132 3900 256 3964 ‚moena
276 3876 473 3957 expetituras,
493 3874 544 3954 qni
565 3872 679 3934 suturae
693 3875 894 3935 contentionis
913 3896 957 3935 ra·

149 3974 236 4035 dicos
264 3968 436 4047 diligentins
466 3965 641 4029 eveliendas
671 3972 822 4029 cantent:
858 3967 957 4029 Mosei
1053 3989 1168 4064 DIE
1192 3986 1364 4065 XXIX
1386 3987 1782 4069 DEGEMBMS

148 4064 380 4148 responderunt,
409 4080 482 4123 sese
508 4062 538 4121 io
558 4061 665 4121 litteris
685 4060 724 4121 de
743 4080 820 4141 paee
840 4061 956 4123 nonina
1315 4132 1445 4178 mm
1471 4133 1507 4177 Η
1779 4047 1790 4087 '

148 4161 277 4221 omniura
296 4156 409 4216 ercinrn
428 4155 607 4235 scripturos,
634 4174 711 4232 qnae
730 4160 803 4217 sunt
821 4155 850 4213 in
868 4175 956 4217 nou
1509 4166 1516 4178 ·

148 4250 249 4327 Magni
261 4248 373 4320 Ducis3
390 4267 490 4308 aaron
505 4250 559 4328 jus
574 4248 864 4328 possessionemque
874 4247 955 4326 Regi

147 4343 393 4406 tradituroszrear
408 4340 699 4422 totanjurejurando
714 4340 953 4403 contirraatnroa:
1088 4346 1136 4411 Ea
1162 4348 1191 4407 in
1218 4346 1365 4411 Seseione
1391 4346 1491 4409 Mosei
1521 4349 1583 4408 arsi
1613 4358 1689 4409 aunt
1719 4370 1739 4409 a
1766 4349 1818 4411 Se.

126 4437 430 4499 -dcsioeraatautom
441 4432 529 4512 Regii
541 4439 701 4514 eapetere,
714 4452 837 4512 quorum
852 4433 953 4497 Mosei
1012 4438 1131 4511 biesao,
1152 4439 1190 4500 de
1210 4461 1268 4520 quo
1289 4440 1340 4503 din
1353 4440 1535 4521 mnitnnaqne
1558 4440 1672 4517 agitata
1691 4462 1742 4503 ras
1762 4446 1818 4501 est.

146 4530 255 4594 notiora
276 4525 420 4587 mbemnt
439 4532 629 4605 potestatem,
649 4544 706 4585 nec
726 4526 952 4604 possessionen
1011 4531 1121 4609 Regiis
1139 4533 1327 4610 urgentibus,
1357 4554 1394 4593 ea
1421 4538 1454 4592 ot
1473 4553 1523 4593 res
1542 4532 1709 4595 Antonin·
1726 4532 1817 4595 deier-

145 4626 323 4688 retinerent:
343 4619 382 4681 de
395 4618 483 4697 Rege
496 4619 636 4688 Sueciae,
653 4618 823 4679 nevernum
835 4620 951 4697 quiden
1011 4630 1137 4695 reretm,
1157 4626 1208 4703 qui
1228 4645 1294 4686 cun
1314 4631 1439 4705 utroque
1458 4625 1596 4706 Principe
1616 4632 1740 4705 agerata
1763 4647 1817 4707 pax

144 4720 236 4781 iasori
251 4734 343 4795 posse
362 4715 392 4773 io
412 4712 518 4775 littaris
538 4711 577 4775 de
595 4729 672 4792 paco
690 4711 893 4773 conficiendis.
1011 4716 1126 4779 interior
1151 4717 1323 4781 ueneror.
1358 4717 1475 4779 itioscis
1503 4727 1602 4791 auten
1634 4720 1817 4791 iterantibus,

223 4810 274 4873 ad
290 4830 331 4870 ea
348 4805 563 4877 Antonius‚,si
583 4805 777 4882 contingeret,
797 4805 953 4885 inquitet
1010 4809 1184 4887 ingratiam
1205 4811 1333 4872 ¹Antonii
1361 4832 1380 4870 a
1403 4831 1438 4872 se
1465 4810 1611 4873 Veiisiun
1639 4830 1818 4875 concam

148 4902 272 4964 eaodem
297 4920 398 4963 arcera
424 4897 508 4975 Rex,
540 4896 704 4961 Moscusve
723 4897 801 4959 helio
828 4904 953 4979 peteret,
1012 4902 1119 4972 inissa
1139 4922 1195 4963 nec
1211 4907 1275 4987 jaro
1288 4904 1391 4965 dicare
1410 4924 1446 4965 ae
1466 4905 1745 4979 nteemboraretrrr,
1765 4902 1817 4967 aed

147 5005 230 5054 certe
256 4992 467 5072 providenda·
495 4997 559 5068 est,
589 4990 632 5067 (si
650 4990 691 5051 de
709 4991 833 5070 reliquis
853 5000 952 5055 tutuo
1011 4998 1155 5074 integnrar
1168 4994 1247 5075 Regi
1267 5006 1415 5059 maneret:
1436 5017 1522 5077 porro
1541 5020 1560 5057 a
1576 4996 1694 5079 Regiis
1704 5016 1817 5080 scopet

145 5105 299 5149 censam
325 5107 345 5147 a
361 5085 489 5163 Legatis
514 5085 634 5148 decerni
656 5085 763 5164 queat)
782 5104 820 5149 ne
839 5086 953 5167 reliqua
1011 5087 1124 5169 aliquid
1143 5090 1216 5169 peti.
1257 5088 1456 5161 Quamobren
1477 5092 1629 5174 (ejciunt)
1651 5098 1689 5154 ut
1707 5092 1816 5155 renue

131 5177 282 5253 Litoris,
302 5197 381 5256 quse
396 5176 497 5253 Rani·
515 5178 586 5248 stit,
611 5182 763 5258 ieiunus
782 5177 880 5257 ipsa·
896 5182 952 5245 Po·
1012 5182 1136 5262 glebam
1163 5182 1222 5243 nisi
1241 5184 1384 5251 exi-atur
1402 5206 1420 5246 e
1439 5203 1579 5263 corpore,
1594 5204 1710 5267 corpu
1729 5190 1815 5269 putt-
