<?xml version="1.0" encoding="UTF-8"?>
<!DOCTYPE html PUBLIC "-//W3C//DTD XHTML 1.0 Transitional//EN"
    "http://www.w3.org/TR/xhtml1/DTD/xhtml1-transitional.dtd">
<html xmlns="http://www.w3.org/1999/xhtml" xml:lang="en" lang="en">
 <head>
  <title>
</title>
<meta http-equiv="Content-Type" content="text/html;charset=utf-8" />
  <meta name='ocr-system' content='tesseract 3.04.00' />
  <meta name='ocr-capabilities' content='ocr_page ocr_carea ocr_par ocr_line ocrx_word'/>
</head>
<body>
  <div class='ocr_page' id='page_1' title='image "./historiaeruthen00stargoog_0537.png"; bbox 0 0 3742 5626; ppageno 0'>
   <div class='ocr_carea' id='block_1_1' title="bbox 97 119 1140 189">
    <p class='ocr_par' dir='ltr' id='par_1_1' title="bbox 97 119 1140 189">
     <span class='ocr_line' id='line_1_1' title="bbox 97 119 1140 189; baseline 0.004 -6"><span class='ocrx_word' id='word_1_1' title='bbox 97 124 157 189; x_wconf 77' lang='lat'><strong>212</strong></span> <span class='ocrx_word' id='word_1_2' title='bbox 723 120 853 187; x_wconf 82' lang='lat' dir='ltr'><strong>PAULI</strong></span> <span class='ocrx_word' id='word_1_3' title='bbox 872 119 1140 187; x_wconf 77' lang='lat' dir='ltr'><strong>nnnnuonnn</strong></span> 
     </span>
    </p>
   </div>
   <div class='ocr_carea' id='block_1_2' title="bbox 97 285 1812 3434">
    <p class='ocr_par' dir='ltr' id='par_1_2' title="bbox 97 285 1812 3434">
     <span class='ocr_line' id='line_1_2' title="bbox 97 285 1780 372; baseline 0.001 -23"><span class='ocrx_word' id='word_1_4' title='bbox 97 285 255 351; x_wconf 85' lang='lat' dir='ltr'><strong>delectati.</strong></span> <span class='ocrx_word' id='word_1_5' title='bbox 315 285 394 365; x_wconf 78' lang='lat' dir='ltr'><strong>Quis</strong></span> <span class='ocrx_word' id='word_1_6' title='bbox 422 289 500 348; x_wconf 88' lang='lat' dir='ltr'><strong>enim</strong></span> <span class='ocrx_word' id='word_1_7' title='bbox 532 289 714 366; x_wconf 72' lang='lat' dir='ltr'><strong>cogitatione</strong></span> <span class='ocrx_word' id='word_1_8' title='bbox 743 287 908 368; x_wconf 86' lang='lat' dir='ltr'><strong>complecti,</strong></span> <span class='ocrx_word' id='word_1_9' title='bbox 966 285 1088 349; x_wconf 85' lang='grc'><strong>133133</strong></span> <span class='ocrx_word' id='word_1_10' title='bbox 1109 311 1126 350; x_wconf 88' lang='grc'><strong>3</strong></span> <span class='ocrx_word' id='word_1_11' title='bbox 1147 289 1320 370; x_wconf 78' lang='lat' dir='ltr'><strong>pectoribus</strong></span> <span class='ocrx_word' id='word_1_12' title='bbox 1340 293 1452 352; x_wconf 90' lang='lat' dir='ltr'><strong>nostris</strong></span> <span class='ocrx_word' id='word_1_13' title='bbox 1472 294 1502 353; x_wconf 92' lang='lat' dir='ltr'><strong>in</strong></span> <span class='ocrx_word' id='word_1_14' title='bbox 1523 309 1631 372; x_wconf 88' lang='lat' dir='ltr'><strong>puram</strong></span> <span class='ocrx_word' id='word_1_15' title='bbox 1653 286 1780 351; x_wconf 81' lang='grc'><strong>1131313</strong></span> 
     </span>
     <span class='ocr_line' id='line_1_3' title="bbox 102 378 1771 463; baseline 0.001 -21"><span class='ocrx_word' id='word_1_16' title='bbox 102 378 212 443; x_wconf 84' lang='lat' dir='ltr'><strong>nedum</strong></span> <span class='ocrx_word' id='word_1_17' title='bbox 236 380 335 443; x_wconf 83' lang='lat' dir='ltr'><strong>verbis</strong></span> <span class='ocrx_word' id='word_1_18' title='bbox 361 379 509 460; x_wconf 82' lang='lat' dir='ltr'><strong>explicare</strong></span> <span class='ocrx_word' id='word_1_19' title='bbox 534 383 649 461; x_wconf 81' lang='lat' dir='ltr'><strong>possit,</strong></span> <span class='ocrx_word' id='word_1_20' title='bbox 675 383 786 461; x_wconf 86' lang='lat' dir='ltr'><strong>quanta</strong></span> <span class='ocrx_word' id='word_1_21' title='bbox 804 381 848 440; x_wconf 91' lang='lat' dir='ltr'><strong>sit</strong></span> <span class='ocrx_word' id='word_1_22' title='bbox 867 381 907 439; x_wconf 90' lang='lat' dir='ltr'><strong>in·</strong></span> <span class='ocrx_word' id='word_1_23' title='bbox 965 381 1061 460; x_wconf 83' lang='grc'><strong>13133,</strong></span> <span class='ocrx_word' id='word_1_24' title='bbox 1091 390 1122 443; x_wconf 87' lang='grc'><strong>31</strong></span> <span class='ocrx_word' id='word_1_25' title='bbox 1146 381 1398 463; x_wconf 84' lang='lat' dir='ltr'><strong>jucundissimum</strong></span> <span class='ocrx_word' id='word_1_26' title='bbox 1418 384 1474 445; x_wconf 86' lang='lat' dir='ltr'><strong>Dei</strong></span> <span class='ocrx_word' id='word_1_27' title='bbox 1494 404 1604 445; x_wconf 92' lang='lat' dir='ltr'><strong>nomen</strong></span> <span class='ocrx_word' id='word_1_28' title='bbox 1625 381 1771 461; x_wconf 77' lang='lat' dir='ltr'><strong>religiose</strong></span> 
     </span>
     <span class='ocr_line' id='line_1_4' title="bbox 101 472 1776 557; baseline 0.001 -22"><span class='ocrx_word' id='word_1_29' title='bbox 101 477 204 549; x_wconf 85' lang='lat' dir='ltr'><strong>sarria,</strong></span> <span class='ocrx_word' id='word_1_30' title='bbox 229 482 357 557; x_wconf 90' lang='lat' dir='ltr'><strong>quantae</strong></span> <span class='ocrx_word' id='word_1_31' title='bbox 383 472 524 534; x_wconf 76' lang='lat' dir='ltr'><strong>vanitatis</strong></span> <span class='ocrx_word' id='word_1_32' title='bbox 549 472 676 533; x_wconf 92' lang='lat' dir='ltr'><strong>hominis</strong></span> <span class='ocrx_word' id='word_1_33' title='bbox 696 480 797 535; x_wconf 79' lang='lat' dir='ltr'><strong>vestra</strong></span> <span class='ocrx_word' id='word_1_34' title='bbox 821 472 909 533; x_wconf 89' lang='lat' dir='ltr'><strong>simu·</strong></span> <span class='ocrx_word' id='word_1_35' title='bbox 965 493 1149 535; x_wconf 85' lang='lat' dir='ltr'><strong>veneremur.</strong></span> <span class='ocrx_word' id='word_1_36' title='bbox 1189 474 1776 537; x_wconf 67' lang='grc'><strong>13313333333313131113331333</strong></span> 
     </span>
     <span class='ocr_line' id='line_1_5' title="bbox 102 565 1775 651; baseline 0.002 -24"><span class='ocrx_word' id='word_1_37' title='bbox 102 566 185 631; x_wconf 87' lang='lat' dir='ltr'><strong>lacra</strong></span> <span class='ocrx_word' id='word_1_38' title='bbox 201 567 341 639; x_wconf 89' lang='lat' dir='ltr'><strong>colentis,</strong></span> <span class='ocrx_word' id='word_1_39' title='bbox 367 573 398 627; x_wconf 89' lang='lat' dir='ltr'><strong>et</strong></span> <span class='ocrx_word' id='word_1_40' title='bbox 424 568 581 645; x_wconf 76' lang='lat' dir='ltr'><strong>imaginem</strong></span> <span class='ocrx_word' id='word_1_41' title='bbox 606 565 666 627; x_wconf 91' lang='lat' dir='ltr'><strong>Dei</strong></span> <span class='ocrx_word' id='word_1_42' title='bbox 689 569 719 626; x_wconf 92' lang='lat' dir='ltr'><strong>in</strong></span> <span class='ocrx_word' id='word_1_43' title='bbox 753 574 859 627; x_wconf 87' lang='lat' dir='ltr'><strong>trunco</strong></span> <span class='ocrx_word' id='word_1_44' title='bbox 879 572 911 626; x_wconf 89' lang='grc'><strong>31</strong></span> <span class='ocrx_word' id='word_1_45' title='bbox 965 565 1141 647; x_wconf 84' lang='lat' dir='ltr'><strong>Majestatis</strong></span> <span class='ocrx_word' id='word_1_46' title='bbox 1163 568 1373 649; x_wconf 86' lang='lat' dir='ltr'><strong>objectionem,</strong></span> <span class='ocrx_word' id='word_1_47' title='bbox 1394 569 1432 631; x_wconf 92' lang='lat' dir='ltr'><strong>de</strong></span> <span class='ocrx_word' id='word_1_48' title='bbox 1453 591 1511 651; x_wconf 87' lang='lat' dir='ltr'><strong>qna</strong></span> <span class='ocrx_word' id='word_1_49' title='bbox 1531 570 1720 631; x_wconf 79' lang='lat' dir='ltr'><strong>brevissime</strong></span> <span class='ocrx_word' id='word_1_50' title='bbox 1738 590 1775 631; x_wconf 86' lang='lat' dir='ltr'><strong>re·</strong></span> 
     </span>
     <span class='ocr_line' id='line_1_6' title="bbox 104 656 1774 741; baseline 0.001 -21"><span class='ocrx_word' id='word_1_51' title='bbox 104 656 203 741; x_wconf 88' lang='lat' dir='ltr'><strong>lapide</strong></span> <span class='ocrx_word' id='word_1_52' title='bbox 228 658 420 740; x_wconf 74' lang='lat' dir='ltr'><strong>quaerentis?</strong></span> <span class='ocrx_word' id='word_1_53' title='bbox 458 657 527 719; x_wconf 90' lang='lat' dir='ltr'><strong>Vos</strong></span> <span class='ocrx_word' id='word_1_54' title='bbox 549 660 613 739; x_wconf 88' lang='lat' dir='ltr'><strong>jam</strong></span> <span class='ocrx_word' id='word_1_55' title='bbox 641 658 680 719; x_wconf 90' lang='lat' dir='ltr'><strong>ab</strong></span> <span class='ocrx_word' id='word_1_56' title='bbox 707 660 837 739; x_wconf 81' lang='lat' dir='ltr'><strong>antiquis</strong></span> <span class='ocrx_word' id='word_1_57' title='bbox 863 676 909 717; x_wconf 87' lang='lat' dir='ltr'><strong>se·</strong></span> <span class='ocrx_word' id='word_1_58' title='bbox 966 658 1133 740; x_wconf 88' lang='lat' dir='ltr'><strong>spondebo.</strong></span> <span class='ocrx_word' id='word_1_59' title='bbox 1156 660 1262 740; x_wconf 83' lang='lat' dir='ltr'><strong>Vagae</strong></span> <span class='ocrx_word' id='word_1_60' title='bbox 1275 660 1408 722; x_wconf 87' lang='lat' dir='ltr'><strong>libidinis</strong></span> <span class='ocrx_word' id='word_1_61' title='bbox 1421 671 1452 722; x_wconf 89' lang='lat' dir='ltr'><strong>et</strong></span> <span class='ocrx_word' id='word_1_62' title='bbox 1463 666 1661 725; x_wconf 84' lang='lat' dir='ltr'><strong>meretricum</strong></span> <span class='ocrx_word' id='word_1_63' title='bbox 1674 680 1774 741; x_wconf 78' lang='lat' dir='ltr'><strong>greges</strong></span> 
     </span>
     <span class='ocr_line' id='line_1_7' title="bbox 104 748 1770 835; baseline 0.002 -22"><span class='ocrx_word' id='word_1_64' title='bbox 104 751 181 813; x_wconf 85' lang='lat' dir='ltr'><strong>culis</strong></span> <span class='ocrx_word' id='word_1_65' title='bbox 199 748 308 813; x_wconf 89' lang='lat' dir='ltr'><strong>Judaei</strong></span> <span class='ocrx_word' id='word_1_66' title='bbox 330 753 491 832; x_wconf 86' lang='lat' dir='ltr'><strong>ejecerunt.</strong></span> <span class='ocrx_word' id='word_1_67' title='bbox 532 748 625 833; x_wconf 88' lang='lat' dir='ltr'><strong>Apud</strong></span> <span class='ocrx_word' id='word_1_68' title='bbox 640 750 733 812; x_wconf 83' lang='lat' dir='ltr'><strong>Seres</strong></span> <span class='ocrx_word' id='word_1_69' title='bbox 754 751 823 830; x_wconf 91' lang='lat' dir='ltr'><strong>lege</strong></span> <span class='ocrx_word' id='word_1_70' title='bbox 841 769 911 811; x_wconf 91' lang='lat' dir='ltr'><strong>cau·</strong></span> <span class='ocrx_word' id='word_1_71' title='bbox 964 752 1052 815; x_wconf 91' lang='lat' dir='ltr'><strong>nobis</strong></span> <span class='ocrx_word' id='word_1_72' title='bbox 1066 757 1257 835; x_wconf 88' lang='lat' dir='ltr'><strong>imputantur.</strong></span> <span class='ocrx_word' id='word_1_73' title='bbox 1287 757 1376 816; x_wconf 87' lang='lat' dir='ltr'><strong>Certe</strong></span> <span class='ocrx_word' id='word_1_74' title='bbox 1393 764 1491 817; x_wconf 88' lang='lat' dir='ltr'><strong>antem</strong></span> <span class='ocrx_word' id='word_1_75' title='bbox 1508 754 1617 817; x_wconf 82' lang='lat' dir='ltr'><strong>Eaalis</strong></span> <span class='ocrx_word' id='word_1_76' title='bbox 1639 753 1770 817; x_wconf 84' lang='grc'><strong>3333313-</strong></span> 
     </span>
     <span class='ocr_line' id='line_1_8' title="bbox 103 840 1761 930; baseline 0.002 -25"><span class='ocrx_word' id='word_1_77' title='bbox 103 852 166 905; x_wconf 91' lang='grc'><strong>133</strong></span> <span class='ocrx_word' id='word_1_78' title='bbox 190 852 269 920; x_wconf 88' lang='grc'><strong>3331,</strong></span> <span class='ocrx_word' id='word_1_79' title='bbox 296 865 335 905; x_wconf 86' lang='grc'><strong>33</strong></span> <span class='ocrx_word' id='word_1_80' title='bbox 360 845 428 927; x_wconf 90' lang='lat' dir='ltr'><strong>qnis</strong></span> <span class='ocrx_word' id='word_1_81' title='bbox 447 865 503 906; x_wconf 90' lang='lat' dir='ltr'><strong>vos</strong></span> <span class='ocrx_word' id='word_1_82' title='bbox 529 844 677 907; x_wconf 88' lang='lat' dir='ltr'><strong>adoraret.</strong></span> <span class='ocrx_word' id='word_1_83' title='bbox 720 840 911 905; x_wconf 65' lang='grc'><strong>11333313-</strong></span> <span class='ocrx_word' id='word_1_84' title='bbox 965 854 1022 922; x_wconf 87' lang='grc'><strong>133,</strong></span> <span class='ocrx_word' id='word_1_85' title='bbox 1034 849 1083 926; x_wconf 85' lang='lat' dir='ltr'><strong>qni</strong></span> <span class='ocrx_word' id='word_1_86' title='bbox 1094 849 1320 928; x_wconf 84' lang='lat' dir='ltr'><strong>impurissimam</strong></span> <span class='ocrx_word' id='word_1_87' title='bbox 1333 850 1412 909; x_wconf 84' lang='lat' dir='ltr'><strong>vitae</strong></span> <span class='ocrx_word' id='word_1_88' title='bbox 1428 846 1650 930; x_wconf 85' lang='lat' dir='ltr'><strong>turpitudinem</strong></span> <span class='ocrx_word' id='word_1_89' title='bbox 1668 860 1761 921; x_wconf 76' lang='grc'><strong>3331,</strong></span> 
     </span>
     <span class='ocr_line' id='line_1_9' title="bbox 103 935 1761 1023; baseline 0.003 -24"><span class='ocrx_word' id='word_1_90' title='bbox 103 943 187 999; x_wconf 88' lang='lat' dir='ltr'><strong>creto</strong></span> <span class='ocrx_word' id='word_1_91' title='bbox 196 935 315 999; x_wconf 82' lang='lat' dir='ltr'><strong>Numae</strong></span> <span class='ocrx_word' id='word_1_92' title='bbox 335 941 366 999; x_wconf 92' lang='lat' dir='ltr'><strong>in</strong></span> <span class='ocrx_word' id='word_1_93' title='bbox 376 937 577 999; x_wconf 89' lang='lat' dir='ltr'><strong>Romanorum</strong></span> <span class='ocrx_word' id='word_1_94' title='bbox 596 937 716 1019; x_wconf 91' lang='lat' dir='ltr'><strong>templis</strong></span> <span class='ocrx_word' id='word_1_95' title='bbox 736 939 824 998; x_wconf 91' lang='lat' dir='ltr'><strong>annis</strong></span> <span class='ocrx_word' id='word_1_96' title='bbox 843 957 910 998; x_wconf 93' lang='lat' dir='ltr'><strong>cen·</strong></span> <span class='ocrx_word' id='word_1_97' title='bbox 966 942 1016 1019; x_wconf 91' lang='lat' dir='ltr'><strong>qni</strong></span> <span class='ocrx_word' id='word_1_98' title='bbox 1026 938 1594 1023; x_wconf 85' lang='lat' dir='ltr'><strong>libidinumiacibnsinssammantnr,qni</strong></span> <span class='ocrx_word' id='word_1_99' title='bbox 1602 951 1761 1004; x_wconf 79' lang='lat' dir='ltr'><strong>scortum</strong></span> 
     </span>
     <span class='ocr_line' id='line_1_10' title="bbox 104 1029 1762 1117; baseline 0.005 -28"><span class='ocrx_word' id='word_1_100' title='bbox 104 1037 166 1091; x_wconf 92' lang='lat' dir='ltr'><strong>tum</strong></span> <span class='ocrx_word' id='word_1_101' title='bbox 191 1038 222 1092; x_wconf 90' lang='lat' dir='ltr'><strong>et</strong></span> <span class='ocrx_word' id='word_1_102' title='bbox 245 1034 402 1112; x_wconf 81' lang='lat' dir='ltr'><strong>sexaginta</strong></span> <span class='ocrx_word' id='word_1_103' title='bbox 425 1031 465 1094; x_wconf 89' lang='lat' dir='ltr'><strong>ab</strong></span> <span class='ocrx_word' id='word_1_104' title='bbox 490 1031 563 1093; x_wconf 90' lang='lat' dir='ltr'><strong>urbe</strong></span> <span class='ocrx_word' id='word_1_105' title='bbox 593 1029 713 1092; x_wconf 88' lang='lat' dir='ltr'><strong>condita</strong></span> <span class='ocrx_word' id='word_1_106' title='bbox 739 1033 824 1091; x_wconf 89' lang='lat' dir='ltr'><strong>visae</strong></span> <span class='ocrx_word' id='word_1_107' title='bbox 850 1049 910 1090; x_wconf 90' lang='lat' dir='ltr'><strong>non</strong></span> <span class='ocrx_word' id='word_1_108' title='bbox 965 1031 1122 1092; x_wconf 85' lang='lat' dir='ltr'><strong>colluviem</strong></span> <span class='ocrx_word' id='word_1_109' title='bbox 1134 1032 1225 1104; x_wconf 86' lang='lat' dir='ltr'><strong>alunt,</strong></span> <span class='ocrx_word' id='word_1_110' title='bbox 1242 1035 1292 1114; x_wconf 92' lang='lat' dir='ltr'><strong>qni</strong></span> <span class='ocrx_word' id='word_1_111' title='bbox 1306 1036 1417 1114; x_wconf 90' lang='lat' dir='ltr'><strong>rapinis</strong></span> <span class='ocrx_word' id='word_1_112' title='bbox 1430 1042 1461 1094; x_wconf 93' lang='lat' dir='ltr'><strong>et</strong></span> <span class='ocrx_word' id='word_1_113' title='bbox 1472 1033 1624 1097; x_wconf 85' lang='lat' dir='ltr'><strong>maleficio</strong></span> <span class='ocrx_word' id='word_1_114' title='bbox 1641 1055 1762 1117; x_wconf 78' lang='lat' dir='ltr'><strong>pascu·</strong></span> 
     </span>
     <span class='ocr_line' id='line_1_11' title="bbox 104 1121 1768 1210; baseline 0.002 -25"><span class='ocrx_word' id='word_1_115' title='bbox 104 1125 190 1185; x_wconf 88' lang='lat' dir='ltr'><strong>estis.</strong></span> <span class='ocrx_word' id='word_1_116' title='bbox 229 1123 290 1187; x_wconf 90' lang='lat' dir='ltr'><strong>Per</strong></span> <span class='ocrx_word' id='word_1_117' title='bbox 309 1144 364 1187; x_wconf 84' lang='lat' dir='ltr'><strong>vos</strong></span> <span class='ocrx_word' id='word_1_118' title='bbox 384 1124 537 1205; x_wconf 90' lang='lat' dir='ltr'><strong>religionis</strong></span> <span class='ocrx_word' id='word_1_119' title='bbox 548 1125 649 1187; x_wconf 91' lang='lat' dir='ltr'><strong>cnltne</strong></span> <span class='ocrx_word' id='word_1_120' title='bbox 658 1123 777 1204; x_wconf 91' lang='lat' dir='ltr'><strong>negligi,</strong></span> <span class='ocrx_word' id='word_1_121' title='bbox 796 1131 827 1185; x_wconf 91' lang='lat' dir='ltr'><strong>et</strong></span> <span class='ocrx_word' id='word_1_122' title='bbox 842 1142 911 1184; x_wconf 91' lang='lat' dir='ltr'><strong>con·</strong></span> <span class='ocrx_word' id='word_1_123' title='bbox 964 1132 1020 1197; x_wconf 89' lang='lat' dir='ltr'><strong>tur,</strong></span> <span class='ocrx_word' id='word_1_124' title='bbox 1032 1132 1064 1186; x_wconf 92' lang='lat' dir='ltr'><strong>et</strong></span> <span class='ocrx_word' id='word_1_125' title='bbox 1075 1132 1175 1186; x_wconf 88' lang='lat' dir='ltr'><strong>cetera</strong></span> <span class='ocrx_word' id='word_1_126' title='bbox 1187 1121 1335 1205; x_wconf 90' lang='lat' dir='ltr'><strong>ejusmodi</strong></span> <span class='ocrx_word' id='word_1_127' title='bbox 1347 1128 1463 1187; x_wconf 89' lang='lat' dir='ltr'><strong>scelera</strong></span> <span class='ocrx_word' id='word_1_128' title='bbox 1478 1131 1665 1210; x_wconf 86' lang='lat' dir='ltr'><strong>suscipiunt,</strong></span> <span class='ocrx_word' id='word_1_129' title='bbox 1685 1130 1717 1200; x_wconf 92' lang='lat' dir='ltr'><strong>ii,</strong></span> <span class='ocrx_word' id='word_1_130' title='bbox 1733 1130 1768 1190; x_wconf 89' lang='lat' dir='ltr'><strong>in·</strong></span> 
     </span>
     <span class='ocr_line' id='line_1_12' title="bbox 105 1214 1772 1300; baseline 0.002 -21"><span class='ocrx_word' id='word_1_131' title='bbox 105 1218 208 1279; x_wconf 87' lang='lat' dir='ltr'><strong>temtui</strong></span> <span class='ocrx_word' id='word_1_132' title='bbox 239 1216 342 1279; x_wconf 85' lang='lat' dir='ltr'><strong>heberi</strong></span> <span class='ocrx_word' id='word_1_133' title='bbox 369 1221 484 1300; x_wconf 87' lang='lat' dir='ltr'><strong>coepit:</strong></span> <span class='ocrx_word' id='word_1_134' title='bbox 518 1238 574 1279; x_wconf 80' lang='lat' dir='ltr'><strong>vos</strong></span> <span class='ocrx_word' id='word_1_135' title='bbox 593 1218 708 1281; x_wconf 86' lang='lat' dir='ltr'><strong>Persae</strong></span> <span class='ocrx_word' id='word_1_136' title='bbox 728 1219 817 1277; x_wconf 88' lang='lat' dir='ltr'><strong>etiam</strong></span> <span class='ocrx_word' id='word_1_137' title='bbox 839 1214 910 1276; x_wconf 89' lang='lat' dir='ltr'><strong>abo·</strong></span> <span class='ocrx_word' id='word_1_138' title='bbox 966 1215 1772 1300; x_wconf 66' lang='grc'><strong>333333333131331331313331331133331.11333·</strong></span> 
     </span>
     <span class='ocr_line' id='line_1_13' title="bbox 104 1310 1769 1393; baseline 0.003 -22"><span class='ocrx_word' id='word_1_139' title='bbox 104 1313 208 1371; x_wconf 85' lang='lat' dir='ltr'><strong>miuati</strong></span> <span class='ocrx_word' id='word_1_140' title='bbox 223 1319 302 1371; x_wconf 90' lang='lat' dir='ltr'><strong>sunt.</strong></span> <span class='ocrx_word' id='word_1_141' title='bbox 343 1310 428 1372; x_wconf 80' lang='lat' dir='ltr'><strong>Solis</strong></span> <span class='ocrx_word' id='word_1_142' title='bbox 438 1311 599 1393; x_wconf 83' lang='lat' dir='ltr'><strong>Aegyptiis</strong></span> <span class='ocrx_word' id='word_1_143' title='bbox 609 1313 699 1393; x_wconf 86' lang='lat' dir='ltr'><strong>impia</strong></span> <span class='ocrx_word' id='word_1_144' title='bbox 709 1317 810 1371; x_wconf 86' lang='lat' dir='ltr'><strong>vestra</strong></span> <span class='ocrx_word' id='word_1_145' title='bbox 821 1311 909 1370; x_wconf 90' lang='lat' dir='ltr'><strong>simu·</strong></span> <span class='ocrx_word' id='word_1_146' title='bbox 966 1313 1025 1372; x_wconf 89' lang='lat' dir='ltr'><strong>nim</strong></span> <span class='ocrx_word' id='word_1_147' title='bbox 1031 1311 1214 1393; x_wconf 85' lang='lat' dir='ltr'><strong>Episcopum</strong></span> <span class='ocrx_word' id='word_1_148' title='bbox 1228 1311 1528 1392; x_wconf 86' lang='lat' dir='ltr'><strong>irreprehensibilem,</strong></span> <span class='ocrx_word' id='word_1_149' title='bbox 1541 1321 1573 1375; x_wconf 91' lang='lat' dir='ltr'><strong>et</strong></span> <span class='ocrx_word' id='word_1_150' title='bbox 1580 1313 1769 1376; x_wconf 81' lang='lat' dir='ltr'><strong>itamoribes</strong></span> 
     </span>
     <span class='ocr_line' id='line_1_14' title="bbox 106 1402 1772 1487; baseline 0.005 -26"><span class='ocrx_word' id='word_1_151' title='bbox 106 1402 187 1463; x_wconf 88' lang='grc'><strong>13333</strong></span> <span class='ocrx_word' id='word_1_152' title='bbox 207 1403 361 1483; x_wconf 79' lang='lat' dir='ltr'><strong>placuere:</strong></span> <span class='ocrx_word' id='word_1_153' title='bbox 380 1424 435 1465; x_wconf 80' lang='lat' dir='ltr'><strong>ros</strong></span> <span class='ocrx_word' id='word_1_154' title='bbox 455 1406 561 1465; x_wconf 90' lang='lat' dir='ltr'><strong>summi</strong></span> <span class='ocrx_word' id='word_1_155' title='bbox 572 1424 631 1465; x_wconf 84' lang='lat' dir='ltr'><strong>vox</strong></span> <span class='ocrx_word' id='word_1_156' title='bbox 652 1404 720 1477; x_wconf 86' lang='lat' dir='ltr'><strong>Dei,</strong></span> <span class='ocrx_word' id='word_1_157' title='bbox 739 1423 793 1464; x_wconf 91' lang='lat' dir='ltr'><strong>vos</strong></span> <span class='ocrx_word' id='word_1_158' title='bbox 804 1421 909 1463; x_wconf 86' lang='lat' dir='ltr'><strong>sacrae</strong></span> <span class='ocrx_word' id='word_1_159' title='bbox 965 1404 1146 1487; x_wconf 90' lang='lat' dir='ltr'><strong>inculpatum</strong></span> <span class='ocrx_word' id='word_1_160' title='bbox 1177 1405 1363 1484; x_wconf 80' lang='lat' dir='ltr'><strong>quaerimus,</strong></span> <span class='ocrx_word' id='word_1_161' title='bbox 1388 1417 1422 1465; x_wconf 88' lang='lat' dir='ltr'><strong>nt</strong></span> <span class='ocrx_word' id='word_1_162' title='bbox 1440 1408 1470 1465; x_wconf 93' lang='lat' dir='ltr'><strong>in</strong></span> <span class='ocrx_word' id='word_1_163' title='bbox 1495 1425 1565 1467; x_wconf 89' lang='lat' dir='ltr'><strong>eum</strong></span> <span class='ocrx_word' id='word_1_164' title='bbox 1595 1426 1661 1468; x_wconf 88' lang='lat' dir='ltr'><strong>non</strong></span> <span class='ocrx_word' id='word_1_165' title='bbox 1686 1405 1772 1469; x_wconf 83' lang='grc'><strong>33131</strong></span> 
     </span>
     <span class='ocr_line' id='line_1_15' title="bbox 105 1494 1773 1579; baseline 0.002 -22"><span class='ocrx_word' id='word_1_166' title='bbox 105 1502 137 1557; x_wconf 88' lang='grc'><strong>31</strong></span> <span class='ocrx_word' id='word_1_167' title='bbox 166 1494 309 1577; x_wconf 83' lang='lat' dir='ltr'><strong>profanae</strong></span> <span class='ocrx_word' id='word_1_168' title='bbox 339 1497 455 1559; x_wconf 84' lang='lat' dir='ltr'><strong>litterae</strong></span> <span class='ocrx_word' id='word_1_169' title='bbox 485 1504 670 1559; x_wconf 84' lang='lat' dir='ltr'><strong>execrantur.</strong></span> <span class='ocrx_word' id='word_1_170' title='bbox 720 1498 830 1558; x_wconf 89' lang='lat' dir='ltr'><strong>Contra</strong></span> <span class='ocrx_word' id='word_1_171' title='bbox 853 1515 910 1556; x_wconf 88' lang='lat' dir='ltr'><strong>vos</strong></span> <span class='ocrx_word' id='word_1_172' title='bbox 966 1496 1025 1558; x_wconf 89' lang='grc'><strong>3113</strong></span> <span class='ocrx_word' id='word_1_173' title='bbox 1047 1496 1209 1578; x_wconf 89' lang='lat' dir='ltr'><strong>probabilis</strong></span> <span class='ocrx_word' id='word_1_174' title='bbox 1230 1497 1299 1558; x_wconf 92' lang='lat' dir='ltr'><strong>mali</strong></span> <span class='ocrx_word' id='word_1_175' title='bbox 1321 1496 1392 1557; x_wconf 87' lang='lat' dir='ltr'><strong>iacti</strong></span> <span class='ocrx_word' id='word_1_176' title='bbox 1412 1501 1552 1579; x_wconf 89' lang='lat' dir='ltr'><strong>suspitio,</strong></span> <span class='ocrx_word' id='word_1_177' title='bbox 1571 1518 1616 1559; x_wconf 86' lang='lat' dir='ltr'><strong>ne</strong></span> <span class='ocrx_word' id='word_1_178' title='bbox 1632 1498 1710 1561; x_wconf 79' lang='lat' dir='ltr'><strong>torte</strong></span> <span class='ocrx_word' id='word_1_179' title='bbox 1728 1499 1773 1561; x_wconf 80' lang='lat' dir='ltr'><strong>do</strong></span> 
     </span>
     <span class='ocr_line' id='line_1_16' title="bbox 105 1587 1775 1673; baseline 0.004 -24"><span class='ocrx_word' id='word_1_180' title='bbox 105 1590 217 1671; x_wconf 88' lang='lat' dir='ltr'><strong>antiqui</strong></span> <span class='ocrx_word' id='word_1_181' title='bbox 236 1598 339 1671; x_wconf 84' lang='lat' dir='ltr'><strong>partes</strong></span> <span class='ocrx_word' id='word_1_182' title='bbox 357 1594 423 1652; x_wconf 91' lang='lat' dir='ltr'><strong>suis</strong></span> <span class='ocrx_word' id='word_1_183' title='bbox 442 1593 564 1672; x_wconf 90' lang='lat' dir='ltr'><strong>scriptis</strong></span> <span class='ocrx_word' id='word_1_184' title='bbox 586 1588 801 1671; x_wconf 87' lang='lat' dir='ltr'><strong>depugnarunt.</strong></span> <span class='ocrx_word' id='word_1_185' title='bbox 842 1587 909 1650; x_wconf 89' lang='lat' dir='ltr'><strong>Vos</strong></span> <span class='ocrx_word' id='word_1_186' title='bbox 965 1597 1031 1651; x_wconf 92' lang='lat' dir='ltr'><strong>ctor</strong></span> <span class='ocrx_word' id='word_1_187' title='bbox 1050 1589 1250 1668; x_wconf 85' lang='lat' dir='ltr'><strong>Evangelicae</strong></span> <span class='ocrx_word' id='word_1_188' title='bbox 1270 1589 1500 1671; x_wconf 87' lang='lat' dir='ltr'><strong>Philosophiae,</strong></span> <span class='ocrx_word' id='word_1_189' title='bbox 1520 1612 1560 1652; x_wconf 90' lang='lat' dir='ltr'><strong>ne</strong></span> <span class='ocrx_word' id='word_1_190' title='bbox 1582 1589 1775 1673; x_wconf 61' lang='lat' dir='ltr'><strong>dispensator</strong></span> 
     </span>
     <span class='ocr_line' id='line_1_17' title="bbox 104 1679 1772 1769; baseline 0.004 -26"><span class='ocrx_word' id='word_1_191' title='bbox 104 1679 288 1745; x_wconf 85' lang='lat' dir='ltr'><strong>clarissimus</strong></span> <span class='ocrx_word' id='word_1_192' title='bbox 307 1682 350 1743; x_wconf 89' lang='lat' dir='ltr'><strong>illi</strong></span> <span class='ocrx_word' id='word_1_193' title='bbox 370 1683 556 1766; x_wconf 83' lang='lat' dir='ltr'><strong>Epiphanius</strong></span> <span class='ocrx_word' id='word_1_194' title='bbox 576 1685 606 1744; x_wconf 90' lang='lat' dir='ltr'><strong>in</strong></span> <span class='ocrx_word' id='word_1_195' title='bbox 617 1683 736 1764; x_wconf 91' lang='lat' dir='ltr'><strong>templis</strong></span> <span class='ocrx_word' id='word_1_196' title='bbox 750 1680 910 1762; x_wconf 88' lang='lat' dir='ltr'><strong>aliquando</strong></span> <span class='ocrx_word' id='word_1_197' title='bbox 967 1685 1170 1761; x_wconf 87' lang='lat' dir='ltr'><strong>mysteriorum</strong></span> <span class='ocrx_word' id='word_1_198' title='bbox 1190 1683 1257 1755; x_wconf 87' lang='lat' dir='ltr'><strong>Dei,</strong></span> <span class='ocrx_word' id='word_1_199' title='bbox 1277 1703 1315 1743; x_wconf 89' lang='lat' dir='ltr'><strong>ne</strong></span> <span class='ocrx_word' id='word_1_200' title='bbox 1335 1683 1456 1744; x_wconf 90' lang='lat' dir='ltr'><strong>lucerna</strong></span> <span class='ocrx_word' id='word_1_201' title='bbox 1474 1682 1668 1746; x_wconf 86' lang='lat' dir='ltr'><strong>candelabro</strong></span> <span class='ocrx_word' id='word_1_202' title='bbox 1689 1688 1772 1769; x_wconf 74' lang='lat' dir='ltr'><strong>impe</strong></span> 
     </span>
     <span class='ocr_line' id='line_1_18' title="bbox 104 1773 1773 1858; baseline 0.004 -23"><span class='ocrx_word' id='word_1_203' title='bbox 104 1777 241 1837; x_wconf 91' lang='lat' dir='ltr'><strong>inventas</strong></span> <span class='ocrx_word' id='word_1_204' title='bbox 261 1773 425 1858; x_wconf 89' lang='lat' dir='ltr'><strong>discerpsit</strong></span> <span class='ocrx_word' id='word_1_205' title='bbox 445 1785 475 1837; x_wconf 86' lang='lat' dir='ltr'><strong>et</strong></span> <span class='ocrx_word' id='word_1_206' title='bbox 502 1776 608 1856; x_wconf 90' lang='lat' dir='ltr'><strong>bjecit.</strong></span> <span class='ocrx_word' id='word_1_207' title='bbox 648 1775 818 1837; x_wconf 89' lang='lat' dir='ltr'><strong>Vosanimi</strong></span> <span class='ocrx_word' id='word_1_208' title='bbox 839 1796 910 1836; x_wconf 80' lang='lat' dir='ltr'><strong>sen·</strong></span> <span class='ocrx_word' id='word_1_209' title='bbox 966 1777 1041 1850; x_wconf 87' lang='grc'><strong>3113,</strong></span> <span class='ocrx_word' id='word_1_210' title='bbox 1071 1782 1105 1835; x_wconf 91' lang='grc'><strong>31</strong></span> <span class='ocrx_word' id='word_1_211' title='bbox 1130 1775 1228 1839; x_wconf 84' lang='lat' dir='ltr'><strong>luccat</strong></span> <span class='ocrx_word' id='word_1_212' title='bbox 1253 1775 1401 1853; x_wconf 90' lang='lat' dir='ltr'><strong>omnibns,</strong></span> <span class='ocrx_word' id='word_1_213' title='bbox 1431 1778 1481 1856; x_wconf 88' lang='lat' dir='ltr'><strong>qui</strong></span> <span class='ocrx_word' id='word_1_214' title='bbox 1511 1777 1542 1837; x_wconf 92' lang='lat' dir='ltr'><strong>in</strong></span> <span class='ocrx_word' id='word_1_215' title='bbox 1575 1775 1673 1840; x_wconf 90' lang='lat' dir='ltr'><strong>domo</strong></span> <span class='ocrx_word' id='word_1_216' title='bbox 1704 1792 1773 1841; x_wconf 83' lang='grc'><strong>3331</strong></span> 
     </span>
     <span class='ocr_line' id='line_1_19' title="bbox 102 1867 1772 1955; baseline 0.004 -26"><span class='ocrx_word' id='word_1_217' title='bbox 102 1887 170 1931; x_wconf 84' lang='lat' dir='ltr'><strong>sum</strong></span> <span class='ocrx_word' id='word_1_218' title='bbox 197 1867 293 1931; x_wconf 88' lang='lat' dir='ltr'><strong>falsus</strong></span> <span class='ocrx_word' id='word_1_219' title='bbox 314 1877 346 1931; x_wconf 91' lang='lat' dir='ltr'><strong>et</strong></span> <span class='ocrx_word' id='word_1_220' title='bbox 364 1868 516 1951; x_wconf 81' lang='lat' dir='ltr'><strong>pestiferis</strong></span> <span class='ocrx_word' id='word_1_221' title='bbox 536 1868 726 1951; x_wconf 90' lang='lat' dir='ltr'><strong>opinionibus</strong></span> <span class='ocrx_word' id='word_1_222' title='bbox 749 1870 909 1949; x_wconf 87' lang='lat' dir='ltr'><strong>corrumpi·</strong></span> <span class='ocrx_word' id='word_1_223' title='bbox 966 1888 1141 1949; x_wconf 89' lang='lat' dir='ltr'><strong>quacunque</strong></span> <span class='ocrx_word' id='word_1_224' title='bbox 1167 1870 1327 1930; x_wconf 87' lang='lat' dir='ltr'><strong>occasione</strong></span> <span class='ocrx_word' id='word_1_225' title='bbox 1354 1867 1406 1931; x_wconf 88' lang='lat' dir='ltr'><strong>det</strong></span> <span class='ocrx_word' id='word_1_226' title='bbox 1437 1867 1659 1931; x_wconf 78' lang='lat' dir='ltr'><strong>offendiculum</strong></span> <span class='ocrx_word' id='word_1_227' title='bbox 1685 1872 1772 1955; x_wconf 75' lang='lat' dir='ltr'><strong>inpiis</strong></span> 
     </span>
     <span class='ocr_line' id='line_1_20' title="bbox 104 1959 1770 2047; baseline 0.004 -26"><span class='ocrx_word' id='word_1_228' title='bbox 104 1964 161 2025; x_wconf 80' lang='lat' dir='ltr'><strong>tis:</strong></span> <span class='ocrx_word' id='word_1_229' title='bbox 180 1961 279 2024; x_wconf 91' lang='lat' dir='ltr'><strong>cultus</strong></span> <span class='ocrx_word' id='word_1_230' title='bbox 298 1970 399 2025; x_wconf 86' lang='lat' dir='ltr'><strong>vester</strong></span> <span class='ocrx_word' id='word_1_231' title='bbox 419 1983 526 2044; x_wconf 89' lang='lat' dir='ltr'><strong>perse</strong></span> <span class='ocrx_word' id='word_1_232' title='bbox 552 1962 667 2024; x_wconf 88' lang='lat' dir='ltr'><strong>inutilis</strong></span> <span class='ocrx_word' id='word_1_233' title='bbox 691 1971 723 2024; x_wconf 93' lang='lat' dir='ltr'><strong>et</strong></span> <span class='ocrx_word' id='word_1_234' title='bbox 747 1960 910 2025; x_wconf 84' lang='lat' dir='ltr'><strong>damnosus</strong></span> <span class='ocrx_word' id='word_1_235' title='bbox 964 1962 1012 2022; x_wconf 86' lang='lat' dir='ltr'><strong>vel</strong></span> <span class='ocrx_word' id='word_1_236' title='bbox 1031 1959 1165 2022; x_wconf 82' lang='lat' dir='ltr'><strong>infirmis.</strong></span> <span class='ocrx_word' id='word_1_237' title='bbox 1205 1961 1311 2043; x_wconf 91' lang='lat' dir='ltr'><strong>ltaqnc</strong></span> <span class='ocrx_word' id='word_1_238' title='bbox 1331 1982 1423 2042; x_wconf 84' lang='lat' dir='ltr'><strong>vagae</strong></span> <span class='ocrx_word' id='word_1_239' title='bbox 1444 1961 1592 2025; x_wconf 83' lang='lat' dir='ltr'><strong>libidines</strong></span> <span class='ocrx_word' id='word_1_240' title='bbox 1613 1963 1703 2027; x_wconf 91' lang='lat' dir='ltr'><strong>nullo</strong></span> <span class='ocrx_word' id='word_1_241' title='bbox 1722 1970 1770 2047; x_wconf 76' lang='lat' dir='ltr'><strong>qei-</strong></span> 
     </span>
     <span class='ocr_line' id='line_1_21' title="bbox 103 2052 1770 2139; baseline 0.002 -21"><span class='ocrx_word' id='word_1_242' title='bbox 103 2064 163 2119; x_wconf 89' lang='lat' dir='ltr'><strong>est.</strong></span> <span class='ocrx_word' id='word_1_243' title='bbox 203 2054 274 2117; x_wconf 87' lang='lat' dir='ltr'><strong>Non</strong></span> <span class='ocrx_word' id='word_1_244' title='bbox 293 2076 348 2139; x_wconf 91' lang='lat' dir='ltr'><strong>per</strong></span> <span class='ocrx_word' id='word_1_245' title='bbox 366 2077 431 2130; x_wconf 90' lang='lat' dir='ltr'><strong>vos,</strong></span> <span class='ocrx_word' id='word_1_246' title='bbox 449 2055 507 2118; x_wconf 91' lang='lat' dir='ltr'><strong>sed</strong></span> <span class='ocrx_word' id='word_1_247' title='bbox 515 2056 627 2118; x_wconf 90' lang='lat' dir='ltr'><strong>clausi</strong></span> <span class='ocrx_word' id='word_1_248' title='bbox 638 2055 744 2117; x_wconf 81' lang='lat' dir='ltr'><strong>oculis:</strong></span> <span class='ocrx_word' id='word_1_249' title='bbox 765 2062 796 2115; x_wconf 91' lang='lat' dir='ltr'><strong>et</strong></span> <span class='ocrx_word' id='word_1_250' title='bbox 809 2062 911 2116; x_wconf 89' lang='lat' dir='ltr'><strong>erecto</strong></span> <span class='ocrx_word' id='word_1_251' title='bbox 967 2052 1034 2116; x_wconf 91' lang='lat' dir='ltr'><strong>dem</strong></span> <span class='ocrx_word' id='word_1_252' title='bbox 1060 2053 1148 2116; x_wconf 94' lang='lat' dir='ltr'><strong>modo</strong></span> <span class='ocrx_word' id='word_1_253' title='bbox 1169 2054 1345 2137; x_wconf 88' lang='lat' dir='ltr'><strong>probamus,</strong></span> <span class='ocrx_word' id='word_1_254' title='bbox 1365 2053 1422 2116; x_wconf 90' lang='lat' dir='ltr'><strong>sed</strong></span> <span class='ocrx_word' id='word_1_255' title='bbox 1442 2077 1656 2134; x_wconf 79' lang='lat' dir='ltr'><strong>exsecramur,</strong></span> <span class='ocrx_word' id='word_1_256' title='bbox 1676 2066 1710 2121; x_wconf 91' lang='grc'><strong>31</strong></span> <span class='ocrx_word' id='word_1_257' title='bbox 1726 2058 1770 2121; x_wconf 82' lang='lat' dir='ltr'><strong>lac</strong></span> 
     </span>
     <span class='ocr_line' id='line_1_22' title="bbox 103 2146 1770 2235; baseline 0.001 -24"><span class='ocrx_word' id='word_1_258' title='bbox 103 2146 197 2211; x_wconf 89' lang='lat' dir='ltr'><strong>eorde</strong></span> <span class='ocrx_word' id='word_1_259' title='bbox 222 2150 332 2233; x_wconf 92' lang='lat' dir='ltr'><strong>optime</strong></span> <span class='ocrx_word' id='word_1_260' title='bbox 357 2147 475 2211; x_wconf 78' lang='lat' dir='ltr'><strong>ridetur</strong></span> <span class='ocrx_word' id='word_1_261' title='bbox 494 2150 591 2211; x_wconf 68' lang='lat' dir='ltr'><strong>Densi</strong></span> <span class='ocrx_word' id='word_1_262' title='bbox 635 2146 699 2210; x_wconf 90' lang='lat' dir='ltr'><strong>Sed</strong></span> <span class='ocrx_word' id='word_1_263' title='bbox 720 2151 761 2210; x_wconf 91' lang='lat' dir='ltr'><strong>sit</strong></span> <span class='ocrx_word' id='word_1_264' title='bbox 780 2168 910 2208; x_wconf 91' lang='lat' dir='ltr'><strong>nonnun·</strong></span> <span class='ocrx_word' id='word_1_265' title='bbox 967 2150 997 2208; x_wconf 93' lang='lat' dir='ltr'><strong>in</strong></span> <span class='ocrx_word' id='word_1_266' title='bbox 1017 2168 1051 2208; x_wconf 91' lang='lat' dir='ltr'><strong>re</strong></span> <span class='ocrx_word' id='word_1_267' title='bbox 1062 2146 1325 2209; x_wconf 79' lang='lat' dir='ltr'><strong>sanctissimorum</strong></span> <span class='ocrx_word' id='word_1_268' title='bbox 1337 2147 1449 2210; x_wconf 86' lang='lat' dir='ltr'><strong>Christi</strong></span> <span class='ocrx_word' id='word_1_269' title='bbox 1459 2149 1693 2230; x_wconf 78' lang='lat' dir='ltr'><strong>Apostolorum</strong></span> <span class='ocrx_word' id='word_1_270' title='bbox 1703 2172 1770 2235; x_wconf 80' lang='lat' dir='ltr'><strong>prrs-</strong></span> 
     </span>
     <span class='ocr_line' id='line_1_23' title="bbox 105 2240 1771 2326; baseline 0.004 -24"><span class='ocrx_word' id='word_1_271' title='bbox 105 2262 202 2323; x_wconf 90' lang='lat' dir='ltr'><strong>quam,</strong></span> <span class='ocrx_word' id='word_1_272' title='bbox 221 2252 255 2305; x_wconf 92' lang='lat' dir='ltr'><strong>ut</strong></span> <span class='ocrx_word' id='word_1_273' title='bbox 266 2240 512 2326; x_wconf 89' lang='lat' dir='ltr'><strong>quemadmodum</strong></span> <span class='ocrx_word' id='word_1_274' title='bbox 532 2240 672 2323; x_wconf 86' lang='lat' dir='ltr'><strong>gustandi</strong></span> <span class='ocrx_word' id='word_1_275' title='bbox 690 2260 801 2303; x_wconf 86' lang='lat' dir='ltr'><strong>sensus</strong></span> <span class='ocrx_word' id='word_1_276' title='bbox 810 2240 910 2321; x_wconf 86' lang='lat' dir='ltr'><strong>aliquo</strong></span> <span class='ocrx_word' id='word_1_277' title='bbox 965 2244 1121 2321; x_wconf 90' lang='lat' dir='ltr'><strong>ceptiones</strong></span> <span class='ocrx_word' id='word_1_278' title='bbox 1141 2242 1301 2321; x_wconf 87' lang='lat' dir='ltr'><strong>sequimur.</strong></span> <span class='ocrx_word' id='word_1_279' title='bbox 1340 2240 1487 2303; x_wconf 88' lang='lat' dir='ltr'><strong>Nimirum</strong></span> <span class='ocrx_word' id='word_1_280' title='bbox 1501 2245 1531 2303; x_wconf 90' lang='lat' dir='ltr'><strong>si</strong></span> <span class='ocrx_word' id='word_1_281' title='bbox 1546 2245 1622 2324; x_wconf 85' lang='lat' dir='ltr'><strong>quis</strong></span> <span class='ocrx_word' id='word_1_282' title='bbox 1635 2248 1771 2309; x_wconf 71' lang='lat' dir='ltr'><strong>cutum</strong></span> 
     </span>
     <span class='ocr_line' id='line_1_24' title="bbox 103 2330 1770 2423; baseline 0.002 -28"><span class='ocrx_word' id='word_1_283' title='bbox 103 2335 405 2418; x_wconf 83' lang='lat' dir='ltr'><strong>morbodcpravatns,</strong></span> <span class='ocrx_word' id='word_1_284' title='bbox 416 2336 629 2419; x_wconf 88' lang='lat' dir='ltr'><strong>persaepemel</strong></span> <span class='ocrx_word' id='word_1_285' title='bbox 635 2333 753 2416; x_wconf 85' lang='lat' dir='ltr'><strong>judicet</strong></span> <span class='ocrx_word' id='word_1_286' title='bbox 762 2353 908 2395; x_wconf 85' lang='lat' dir='ltr'><strong>amarum:</strong></span> <span class='ocrx_word' id='word_1_287' title='bbox 966 2330 1076 2394; x_wconf 90' lang='lat' dir='ltr'><strong>donum</strong></span> <span class='ocrx_word' id='word_1_288' title='bbox 1102 2333 1140 2395; x_wconf 91' lang='lat' dir='ltr'><strong>ab</strong></span> <span class='ocrx_word' id='word_1_289' title='bbox 1167 2336 1279 2413; x_wconf 91' lang='lat' dir='ltr'><strong>optimo</strong></span> <span class='ocrx_word' id='word_1_290' title='bbox 1306 2341 1337 2395; x_wconf 91' lang='lat' dir='ltr'><strong>et</strong></span> <span class='ocrx_word' id='word_1_291' title='bbox 1361 2338 1534 2397; x_wconf 85' lang='lat' dir='ltr'><strong>castissimo</strong></span> <span class='ocrx_word' id='word_1_292' title='bbox 1562 2336 1638 2399; x_wconf 85' lang='lat' dir='ltr'><strong>Deo</strong></span> <span class='ocrx_word' id='word_1_293' title='bbox 1658 2342 1770 2423; x_wconf 64' lang='lat' dir='ltr'><strong>aecsp&#39;,</strong></span> 
     </span>
     <span class='ocr_line' id='line_1_25' title="bbox 104 2425 1769 2510; baseline 0.002 -18"><span class='ocrx_word' id='word_1_294' title='bbox 104 2432 153 2492; x_wconf 90' lang='lat' dir='ltr'><strong>sic</strong></span> <span class='ocrx_word' id='word_1_295' title='bbox 177 2431 268 2491; x_wconf 89' lang='lat' dir='ltr'><strong>animi</strong></span> <span class='ocrx_word' id='word_1_296' title='bbox 288 2429 437 2491; x_wconf 90' lang='lat' dir='ltr'><strong>hominnm</strong></span> <span class='ocrx_word' id='word_1_297' title='bbox 454 2429 540 2490; x_wconf 85' lang='grc'><strong>131313</strong></span> <span class='ocrx_word' id='word_1_298' title='bbox 572 2428 762 2510; x_wconf 86' lang='lat' dir='ltr'><strong>opinionibus</strong></span> <span class='ocrx_word' id='word_1_299' title='bbox 792 2426 911 2503; x_wconf 89' lang='lat' dir='ltr'><strong>imbuti,</strong></span> <span class='ocrx_word' id='word_1_300' title='bbox 966 2445 1053 2501; x_wconf 91' lang='lat' dir='ltr'><strong>eum,</strong></span> <span class='ocrx_word' id='word_1_301' title='bbox 1083 2431 1115 2487; x_wconf 92' lang='grc'><strong>31</strong></span> <span class='ocrx_word' id='word_1_302' title='bbox 1146 2445 1203 2487; x_wconf 79' lang='lat' dir='ltr'><strong>sno</strong></span> <span class='ocrx_word' id='word_1_303' title='bbox 1233 2425 1305 2488; x_wconf 89' lang='lat' dir='ltr'><strong>dote</strong></span> <span class='ocrx_word' id='word_1_304' title='bbox 1332 2434 1448 2504; x_wconf 89' lang='lat' dir='ltr'><strong>utatur,</strong></span> <span class='ocrx_word' id='word_1_305' title='bbox 1471 2426 1589 2491; x_wconf 90' lang='lat' dir='ltr'><strong>sedulo</strong></span> <span class='ocrx_word' id='word_1_306' title='bbox 1616 2452 1769 2495; x_wconf 72' lang='grc'><strong>1333133</strong></span> 
     </span>
     <span class='ocr_line' id='line_1_26' title="bbox 104 2516 1768 2604; baseline 0.003 -21"><span class='ocrx_word' id='word_1_307' title='bbox 104 2523 333 2604; x_wconf 86' lang='lat' dir='ltr'><strong>praeceptiones</strong></span> <span class='ocrx_word' id='word_1_308' title='bbox 344 2520 404 2584; x_wconf 87' lang='lat' dir='ltr'><strong>Dei</strong></span> <span class='ocrx_word' id='word_1_309' title='bbox 424 2531 529 2585; x_wconf 81' lang='lat' dir='ltr'><strong>natura</strong></span> <span class='ocrx_word' id='word_1_310' title='bbox 546 2521 693 2584; x_wconf 87' lang='lat' dir='ltr'><strong>salutares</strong></span> <span class='ocrx_word' id='word_1_311' title='bbox 714 2529 745 2583; x_wconf 91' lang='lat' dir='ltr'><strong>et</strong></span> <span class='ocrx_word' id='word_1_312' title='bbox 759 2519 910 2602; x_wconf 90' lang='lat' dir='ltr'><strong>jucundas</strong></span> <span class='ocrx_word' id='word_1_313' title='bbox 962 2516 1140 2581; x_wconf 88' lang='lat' dir='ltr'><strong>Caeiibihus</strong></span> <span class='ocrx_word' id='word_1_314' title='bbox 1162 2527 1193 2581; x_wconf 91' lang='lat' dir='ltr'><strong>et</strong></span> <span class='ocrx_word' id='word_1_315' title='bbox 1211 2518 1310 2582; x_wconf 86' lang='lat' dir='ltr'><strong>viduis</strong></span> <span class='ocrx_word' id='word_1_316' title='bbox 1329 2518 1439 2582; x_wconf 85' lang='lat' dir='ltr'><strong>bonnm</strong></span> <span class='ocrx_word' id='word_1_317' title='bbox 1452 2529 1507 2594; x_wconf 88' lang='grc'><strong>331,</strong></span> <span class='ocrx_word' id='word_1_318' title='bbox 1530 2524 1625 2585; x_wconf 83' lang='grc'><strong>31313</strong></span> <span class='ocrx_word' id='word_1_319' title='bbox 1636 2532 1768 2589; x_wconf 64' lang='lat' dir='ltr'><strong>meu.</strong></span> 
     </span>
     <span class='ocr_line' id='line_1_27' title="bbox 105 2610 1812 2697; baseline 0.005 -22"><span class='ocrx_word' id='word_1_320' title='bbox 105 2613 266 2697; x_wconf 82' lang='lat' dir='ltr'><strong>repellant,</strong></span> <span class='ocrx_word' id='word_1_321' title='bbox 301 2617 388 2677; x_wconf 90' lang='lat' dir='ltr'><strong>etin</strong></span> <span class='ocrx_word' id='word_1_322' title='bbox 414 2614 476 2677; x_wconf 90' lang='lat' dir='ltr'><strong>luto</strong></span> <span class='ocrx_word' id='word_1_323' title='bbox 502 2614 694 2677; x_wconf 88' lang='lat' dir='ltr'><strong>humanarum</strong></span> <span class='ocrx_word' id='word_1_324' title='bbox 719 2612 910 2677; x_wconf 82' lang='grc'><strong>1311113333</strong></span> <span class='ocrx_word' id='word_1_325' title='bbox 966 2610 1096 2674; x_wconf 82' lang='lat' dir='ltr'><strong>caelebs</strong></span> <span class='ocrx_word' id='word_1_326' title='bbox 1128 2612 1207 2697; x_wconf 86' lang='lat' dir='ltr'><strong>enim</strong></span> <span class='ocrx_word' id='word_1_327' title='bbox 1235 2611 1356 2675; x_wconf 88' lang='lat' dir='ltr'><strong>Domini</strong></span> <span class='ocrx_word' id='word_1_328' title='bbox 1381 2633 1430 2675; x_wconf 91' lang='lat' dir='ltr'><strong>res</strong></span> <span class='ocrx_word' id='word_1_329' title='bbox 1456 2623 1563 2691; x_wconf 88' lang='lat' dir='ltr'><strong>curat,</strong></span> <span class='ocrx_word' id='word_1_330' title='bbox 1594 2626 1634 2681; x_wconf 88' lang='lat' dir='ltr'><strong>ut</strong></span> <span class='ocrx_word' id='word_1_331' title='bbox 1660 2619 1768 2682; x_wconf 73' lang='lat' dir='ltr'><strong>nens·</strong></span> <span class='ocrx_word' id='word_1_332' title='bbox 1810 2644 1812 2649; x_wconf 94' lang='lat'>·</span> 
     </span>
     <span class='ocr_line' id='line_1_28' title="bbox 104 2704 1764 2796; baseline 0.004 -27"><span class='ocrx_word' id='word_1_333' title='bbox 104 2707 281 2771; x_wconf 76' lang='lat' dir='ltr'><strong>volutentur.</strong></span> <span class='ocrx_word' id='word_1_334' title='bbox 333 2706 492 2771; x_wconf 85' lang='lat' dir='ltr'><strong>Praeclare</strong></span> <span class='ocrx_word' id='word_1_335' title='bbox 518 2713 616 2771; x_wconf 88' lang='lat' dir='ltr'><strong>autem</strong></span> <span class='ocrx_word' id='word_1_336' title='bbox 639 2707 681 2769; x_wconf 92' lang='grc'><strong>1111</strong></span> <span class='ocrx_word' id='word_1_337' title='bbox 713 2708 803 2769; x_wconf 89' lang='grc'><strong>331311</strong></span> <span class='ocrx_word' id='word_1_338' title='bbox 836 2727 911 2769; x_wconf 85' lang='lat' dir='ltr'><strong>suae</strong></span> <span class='ocrx_word' id='word_1_339' title='bbox 965 2704 1097 2786; x_wconf 79' lang='lat' dir='ltr'><strong>placeat:</strong></span> <span class='ocrx_word' id='word_1_340' title='bbox 1123 2708 1247 2769; x_wconf 86' lang='grc'><strong>3331133</strong></span> <span class='ocrx_word' id='word_1_341' title='bbox 1267 2704 1415 2768; x_wconf 89' lang='lat' dir='ltr'><strong>mundana</strong></span> <span class='ocrx_word' id='word_1_342' title='bbox 1434 2716 1533 2783; x_wconf 87' lang='lat' dir='ltr'><strong>curat,</strong></span> <span class='ocrx_word' id='word_1_343' title='bbox 1556 2715 1650 2775; x_wconf 82' lang='lat' dir='ltr'><strong>uxori</strong></span> <span class='ocrx_word' id='word_1_344' title='bbox 1670 2722 1705 2776; x_wconf 90' lang='grc'><strong>31</strong></span> <span class='ocrx_word' id='word_1_345' title='bbox 1719 2714 1764 2796; x_wconf 76' lang='lat' dir='ltr'><strong>pb</strong></span> 
     </span>
     <span class='ocr_line' id='line_1_29' title="bbox 104 2796 1766 2884; baseline 0.002 -21"><span class='ocrx_word' id='word_1_346' title='bbox 104 2802 278 2875; x_wconf 86' lang='lat' dir='ltr'><strong>consulant,</strong></span> <span class='ocrx_word' id='word_1_347' title='bbox 304 2803 355 2884; x_wconf 91' lang='lat' dir='ltr'><strong>qui</strong></span> <span class='ocrx_word' id='word_1_348' title='bbox 382 2809 527 2864; x_wconf 89' lang='lat' dir='ltr'><strong>attentum</strong></span> <span class='ocrx_word' id='word_1_349' title='bbox 551 2803 680 2863; x_wconf 87' lang='grc'><strong>331333</strong></span> <span class='ocrx_word' id='word_1_350' title='bbox 706 2798 910 2875; x_wconf 78' lang='grc'><strong>3133313111-</strong></span> <span class='ocrx_word' id='word_1_351' title='bbox 966 2796 1331 2878; x_wconf 83' lang='lat' dir='ltr'><strong>ceat3atqueitadivisus</strong></span> <span class='ocrx_word' id='word_1_352' title='bbox 1341 2808 1400 2861; x_wconf 85' lang='lat' dir='ltr'><strong>est.</strong></span> <span class='ocrx_word' id='word_1_353' title='bbox 1420 2798 1508 2873; x_wconf 86' lang='grc'><strong>1133,</strong></span> <span class='ocrx_word' id='word_1_354' title='bbox 1521 2802 1766 2875; x_wconf 63' lang='grc' dir='ltr'><strong>3311333331ὰ</strong></span> 
     </span>
     <span class='ocr_line' id='line_1_30' title="bbox 106 2891 1766 2983; baseline 0.004 -26"><span class='ocrx_word' id='word_1_355' title='bbox 106 2898 166 2957; x_wconf 86' lang='grc'><strong>3131</strong></span> <span class='ocrx_word' id='word_1_356' title='bbox 192 2893 397 2957; x_wconf 86' lang='lat' dir='ltr'><strong>certitudinem</strong></span> <span class='ocrx_word' id='word_1_357' title='bbox 423 2916 542 2977; x_wconf 85' lang='lat' dir='ltr'><strong>semper</strong></span> <span class='ocrx_word' id='word_1_358' title='bbox 566 2896 691 2971; x_wconf 90' lang='lat' dir='ltr'><strong>habent,</strong></span> <span class='ocrx_word' id='word_1_359' title='bbox 712 2900 800 2976; x_wconf 88' lang='lat' dir='ltr'><strong>atque</strong></span> <span class='ocrx_word' id='word_1_360' title='bbox 820 2897 851 2955; x_wconf 92' lang='lat' dir='ltr'><strong>in</strong></span> <span class='ocrx_word' id='word_1_361' title='bbox 873 2913 909 2954; x_wconf 91' lang='lat' dir='ltr'><strong>eo</strong></span> <span class='ocrx_word' id='word_1_362' title='bbox 965 2899 1017 2954; x_wconf 89' lang='grc'><strong>331</strong></span> <span class='ocrx_word' id='word_1_363' title='bbox 1035 2893 1128 2971; x_wconf 88' lang='lat' dir='ltr'><strong>virgo,</strong></span> <span class='ocrx_word' id='word_1_364' title='bbox 1147 2891 1266 2953; x_wconf 87' lang='lat' dir='ltr'><strong>Domini</strong></span> <span class='ocrx_word' id='word_1_365' title='bbox 1286 2912 1334 2954; x_wconf 90' lang='lat' dir='ltr'><strong>res</strong></span> <span class='ocrx_word' id='word_1_366' title='bbox 1354 2902 1449 2970; x_wconf 87' lang='lat' dir='ltr'><strong>curat,</strong></span> <span class='ocrx_word' id='word_1_367' title='bbox 1469 2902 1504 2956; x_wconf 90' lang='grc'><strong>31</strong></span> <span class='ocrx_word' id='word_1_368' title='bbox 1526 2904 1562 2958; x_wconf 96' lang='grc'><strong>31</strong></span> <span class='ocrx_word' id='word_1_369' title='bbox 1574 2918 1766 2983; x_wconf 65' lang='lat' dir='ltr'><strong>corpores}</strong></span> 
     </span>
     <span class='ocr_line' id='line_1_31' title="bbox 106 2985 1766 3070; baseline 0.003 -21"><span class='ocrx_word' id='word_1_370' title='bbox 106 2985 257 3049; x_wconf 84' lang='lat' dir='ltr'><strong>audiendo</strong></span> <span class='ocrx_word' id='word_1_371' title='bbox 290 2996 321 3049; x_wconf 91' lang='lat' dir='ltr'><strong>et</strong></span> <span class='ocrx_word' id='word_1_372' title='bbox 350 2986 561 3068; x_wconf 89' lang='lat' dir='ltr'><strong>cognoscendo</strong></span> <span class='ocrx_word' id='word_1_373' title='bbox 600 3008 715 3051; x_wconf 89' lang='grc'><strong>33333</strong></span> <span class='ocrx_word' id='word_1_374' title='bbox 747 3008 848 3049; x_wconf 88' lang='lat' dir='ltr'><strong>curam</strong></span> <span class='ocrx_word' id='word_1_375' title='bbox 879 2993 910 3048; x_wconf 92' lang='grc'><strong>31</strong></span> <span class='ocrx_word' id='word_1_376' title='bbox 965 2994 1013 3046; x_wconf 87' lang='grc'><strong>313</strong></span> <span class='ocrx_word' id='word_1_377' title='bbox 1044 2988 1103 3061; x_wconf 87' lang='grc'><strong>311,</strong></span> <span class='ocrx_word' id='word_1_378' title='bbox 1127 2992 1159 3046; x_wconf 89' lang='grc'><strong>31</strong></span> <span class='ocrx_word' id='word_1_379' title='bbox 1183 2987 1305 3069; x_wconf 82' lang='lat' dir='ltr'><strong>spiritu:</strong></span> <span class='ocrx_word' id='word_1_380' title='bbox 1330 2994 1361 3047; x_wconf 91' lang='lat' dir='ltr'><strong>et</strong></span> <span class='ocrx_word' id='word_1_381' title='bbox 1385 2998 1478 3070; x_wconf 89' lang='lat' dir='ltr'><strong>nupta</strong></span> <span class='ocrx_word' id='word_1_382' title='bbox 1505 3000 1602 3053; x_wconf 87' lang='lat' dir='ltr'><strong>curat</strong></span> <span class='ocrx_word' id='word_1_383' title='bbox 1629 2991 1766 3065; x_wconf 75' lang='lat' dir='ltr'><strong>rutundam¹</strong></span> 
     </span>
     <span class='ocr_line' id='line_1_32' title="bbox 106 3077 1765 3162; baseline 0.004 -21"><span class='ocrx_word' id='word_1_384' title='bbox 106 3078 292 3159; x_wconf 90' lang='lat' dir='ltr'><strong>diligentiam</strong></span> <span class='ocrx_word' id='word_1_385' title='bbox 317 3089 441 3161; x_wconf 87' lang='lat' dir='ltr'><strong>permut.</strong></span> <span class='ocrx_word' id='word_1_386' title='bbox 486 3081 609 3143; x_wconf 86' lang='lat' dir='ltr'><strong>Scimus</strong></span> <span class='ocrx_word' id='word_1_387' title='bbox 642 3084 720 3142; x_wconf 89' lang='lat' dir='ltr'><strong>enim</strong></span> <span class='ocrx_word' id='word_1_388' title='bbox 752 3084 781 3140; x_wconf 92' lang='lat' dir='ltr'><strong>in</strong></span> <span class='ocrx_word' id='word_1_389' title='bbox 814 3080 909 3160; x_wconf 90' lang='lat' dir='ltr'><strong>prima</strong></span> <span class='ocrx_word' id='word_1_390' title='bbox 965 3079 1029 3138; x_wconf 84' lang='lat' dir='ltr'><strong>viro</strong></span> <span class='ocrx_word' id='word_1_391' title='bbox 1050 3085 1085 3139; x_wconf 91' lang='grc'><strong>31</strong></span> <span class='ocrx_word' id='word_1_392' title='bbox 1102 3077 1231 3159; x_wconf 83' lang='lat' dir='ltr'><strong>placeat.</strong></span> <span class='ocrx_word' id='word_1_393' title='bbox 1271 3078 1335 3141; x_wconf 85' lang='lat' dir='ltr'><strong>Alii</strong></span> <span class='ocrx_word' id='word_1_394' title='bbox 1354 3088 1462 3157; x_wconf 90' lang='lat' dir='ltr'><strong>autem,</strong></span> <span class='ocrx_word' id='word_1_395' title='bbox 1482 3085 1538 3162; x_wconf 90' lang='lat' dir='ltr'><strong>qni</strong></span> <span class='ocrx_word' id='word_1_396' title='bbox 1559 3103 1602 3146; x_wconf 85' lang='lat' dir='ltr'><strong>se</strong></span> <span class='ocrx_word' id='word_1_397' title='bbox 1620 3106 1676 3146; x_wconf 86' lang='lat' dir='ltr'><strong>aon</strong></span> <span class='ocrx_word' id='word_1_398' title='bbox 1684 3089 1765 3147; x_wconf 81' lang='grc'><strong>33311·</strong></span> 
     </span>
     <span class='ocr_line' id='line_1_33' title="bbox 105 3170 1766 3255; baseline 0.004 -22"><span class='ocrx_word' id='word_1_399' title='bbox 105 3172 159 3235; x_wconf 88' lang='grc'><strong>1113</strong></span> <span class='ocrx_word' id='word_1_400' title='bbox 177 3177 279 3235; x_wconf 81' lang='grc'><strong>331133</strong></span> <span class='ocrx_word' id='word_1_401' title='bbox 298 3173 450 3253; x_wconf 84' lang='lat' dir='ltr'><strong>religione,</strong></span> <span class='ocrx_word' id='word_1_402' title='bbox 469 3173 508 3237; x_wconf 90' lang='lat' dir='ltr'><strong>ab</strong></span> <span class='ocrx_word' id='word_1_403' title='bbox 529 3177 606 3255; x_wconf 90' lang='lat' dir='ltr'><strong>ipsis</strong></span> <span class='ocrx_word' id='word_1_404' title='bbox 633 3173 821 3235; x_wconf 87' lang='lat' dir='ltr'><strong>Christianae</strong></span> <span class='ocrx_word' id='word_1_405' title='bbox 841 3170 909 3234; x_wconf 87' lang='grc'><strong>1131</strong></span> <span class='ocrx_word' id='word_1_406' title='bbox 965 3178 1056 3247; x_wconf 90' lang='lat' dir='ltr'><strong>nent,</strong></span> <span class='ocrx_word' id='word_1_407' title='bbox 1089 3170 1266 3233; x_wconf 85' lang='grc'><strong>3331331331</strong></span> <span class='ocrx_word' id='word_1_408' title='bbox 1299 3175 1532 3239; x_wconf 86' lang='lat' dir='ltr'><strong>matrimonium.</strong></span> <span class='ocrx_word' id='word_1_409' title='bbox 1597 3176 1693 3239; x_wconf 79' lang='lat' dir='ltr'><strong>Satius</strong></span> <span class='ocrx_word' id='word_1_410' title='bbox 1721 3188 1766 3239; x_wconf 86' lang='lat' dir='ltr'><strong>est</strong></span> 
     </span>
     <span class='ocr_line' id='line_1_34' title="bbox 106 3263 1767 3354; baseline -0.007 -26"><span class='ocrx_word' id='word_1_411' title='bbox 106 3264 309 3338; x_wconf 88' lang='lat' dir='ltr'><strong>incunabulis,</strong></span> <span class='ocrx_word' id='word_1_412' title='bbox 342 3276 372 3328; x_wconf 89' lang='lat' dir='ltr'><strong>et</strong></span> <span class='ocrx_word' id='word_1_413' title='bbox 399 3266 449 3327; x_wconf 93' lang='lat' dir='ltr'><strong>din</strong></span> <span class='ocrx_word' id='word_1_414' title='bbox 477 3276 547 3349; x_wconf 88' lang='lat' dir='ltr'><strong>post</strong></span> <span class='ocrx_word' id='word_1_415' title='bbox 566 3266 676 3327; x_wconf 86' lang='lat' dir='ltr'><strong>Christi</strong></span> <span class='ocrx_word' id='word_1_416' title='bbox 701 3268 909 3327; x_wconf 89' lang='lat' dir='ltr'><strong>ascensionem</strong></span> <span class='ocrx_word' id='word_1_417' title='bbox 965 3267 1043 3325; x_wconf 91' lang='lat' dir='ltr'><strong>enim</strong></span> <span class='ocrx_word' id='word_1_418' title='bbox 1062 3265 1174 3326; x_wconf 88' lang='lat' dir='ltr'><strong>licitum</strong></span> <span class='ocrx_word' id='word_1_419' title='bbox 1194 3263 1355 3328; x_wconf 89' lang='lat' dir='ltr'><strong>thalamum</strong></span> <span class='ocrx_word' id='word_1_420' title='bbox 1377 3265 1461 3341; x_wconf 90' lang='lat' dir='ltr'><strong>inire,</strong></span> <span class='ocrx_word' id='word_1_421' title='bbox 1481 3287 1582 3348; x_wconf 83' lang='lat' dir='ltr'><strong>quam</strong></span> <span class='ocrx_word' id='word_1_422' title='bbox 1605 3273 1698 3354; x_wconf 64' lang='lat' dir='ltr'><strong>inpii.</strong></span> <span class='ocrx_word' id='word_1_423' title='bbox 1709 3270 1767 3332; x_wconf 57' lang='lat' dir='ltr'><strong>uhi.</strong></span> 
     </span>
     <span class='ocr_line' id='line_1_35' title="bbox 108 3354 1767 3434; baseline 0.006 -16"><span class='ocrx_word' id='word_1_424' title='bbox 108 3378 166 3419; x_wconf 88' lang='lat' dir='ltr'><strong>non</strong></span> <span class='ocrx_word' id='word_1_425' title='bbox 195 3356 293 3419; x_wconf 87' lang='grc'><strong>131333</strong></span> <span class='ocrx_word' id='word_1_426' title='bbox 313 3361 343 3418; x_wconf 92' lang='grc'><strong>13</strong></span> <span class='ocrx_word' id='word_1_427' title='bbox 365 3358 599 3420; x_wconf 77' lang='lat' dir='ltr'><strong>Christianorum</strong></span> <span class='ocrx_word' id='word_1_428' title='bbox 626 3356 763 3419; x_wconf 88' lang='lat' dir='ltr'><strong>coetibus</strong></span> <span class='ocrx_word' id='word_1_429' title='bbox 782 3360 910 3433; x_wconf 86' lang='grc'><strong>3131333,</strong></span> <span class='ocrx_word' id='word_1_430' title='bbox 966 3354 1068 3418; x_wconf 90' lang='grc'><strong>11333</strong></span> <span class='ocrx_word' id='word_1_431' title='bbox 1087 3354 1213 3418; x_wconf 87' lang='grc'><strong>133313</strong></span> <span class='ocrx_word' id='word_1_432' title='bbox 1235 3356 1351 3434; x_wconf 90' lang='lat' dir='ltr'><strong>ardere,</strong></span> <span class='ocrx_word' id='word_1_433' title='bbox 1370 3367 1423 3420; x_wconf 90' lang='lat' dir='ltr'><strong>aut</strong></span> <span class='ocrx_word' id='word_1_434' title='bbox 1438 3364 1600 3425; x_wconf 76' lang='grc'><strong>33333131</strong></span> <span class='ocrx_word' id='word_1_435' title='bbox 1615 3363 1767 3428; x_wconf 78' lang='lat' dir='ltr'><strong>adhaerere</strong></span> 
     </span>
    </p>
   </div>
   <div class='ocr_carea' id='block_1_3' title="bbox 106 3447 1766 3999">
    <p class='ocr_par' dir='ltr' id='par_1_3' title="bbox 106 3447 1766 3999">
     <span class='ocr_line' id='line_1_36' title="bbox 108 3447 1766 3541; baseline 0.007 -30"><span class='ocrx_word' id='word_1_436' title='bbox 108 3454 196 3512; x_wconf 91' lang='lat' dir='ltr'><strong>immo</strong></span> <span class='ocrx_word' id='word_1_437' title='bbox 223 3470 280 3511; x_wconf 89' lang='grc'><strong>333</strong></span> <span class='ocrx_word' id='word_1_438' title='bbox 303 3449 363 3511; x_wconf 90' lang='grc'><strong>3113</strong></span> <span class='ocrx_word' id='word_1_439' title='bbox 389 3451 500 3533; x_wconf 82' lang='lat' dir='ltr'><strong>templa</strong></span> <span class='ocrx_word' id='word_1_440' title='bbox 524 3450 620 3512; x_wconf 85' lang='grc'><strong>131333</strong></span> <span class='ocrx_word' id='word_1_441' title='bbox 645 3447 781 3525; x_wconf 81' lang='grc' dir='ltr'><strong>3331113,Ι</strong></span> <span class='ocrx_word' id='word_1_442' title='bbox 801 3448 911 3511; x_wconf 81' lang='lat' dir='ltr'><strong>fatetur</strong></span> <span class='ocrx_word' id='word_1_443' title='bbox 968 3447 1048 3511; x_wconf 90' lang='lat' dir='ltr'><strong>unde</strong></span> <span class='ocrx_word' id='word_1_444' title='bbox 1069 3449 1180 3532; x_wconf 91' lang='lat' dir='ltr'><strong>populo</strong></span> <span class='ocrx_word' id='word_1_445' title='bbox 1199 3453 1307 3530; x_wconf 87' lang='lat' dir='ltr'><strong>ingens</strong></span> <span class='ocrx_word' id='word_1_446' title='bbox 1327 3449 1539 3515; x_wconf 77' lang='lat' dir='ltr'><strong>offendiculum</strong></span> <span class='ocrx_word' id='word_1_447' title='bbox 1563 3461 1766 3541; x_wconf 80' lang='lat' dir='ltr'><strong>nascitur,q¹i</strong></span> 
     </span>
     <span class='ocr_line' id='line_1_37' title="bbox 107 3540 1766 3632; baseline 0.004 -27"><span class='ocrx_word' id='word_1_448' title='bbox 107 3543 165 3605; x_wconf 91' lang='lat' dir='ltr'><strong>hoc</strong></span> <span class='ocrx_word' id='word_1_449' title='bbox 192 3544 258 3625; x_wconf 89' lang='lat' dir='ltr'><strong>ipse</strong></span> <span class='ocrx_word' id='word_1_450' title='bbox 280 3540 445 3623; x_wconf 81' lang='lat' dir='ltr'><strong>Origene&#39;s,</strong></span> <span class='ocrx_word' id='word_1_451' title='bbox 468 3546 520 3626; x_wconf 88' lang='lat' dir='ltr'><strong>qui</strong></span> <span class='ocrx_word' id='word_1_452' title='bbox 543 3547 573 3605; x_wconf 94' lang='lat' dir='ltr'><strong>in</strong></span> <span class='ocrx_word' id='word_1_453' title='bbox 598 3546 710 3626; x_wconf 85' lang='lat' dir='ltr'><strong>scripto</strong></span> <span class='ocrx_word' id='word_1_454' title='bbox 729 3563 786 3605; x_wconf 89' lang='lat' dir='ltr'><strong>suo</strong></span> <span class='ocrx_word' id='word_1_455' title='bbox 807 3547 910 3605; x_wconf 86' lang='lat' dir='ltr'><strong>contra</strong></span> <span class='ocrx_word' id='word_1_456' title='bbox 965 3563 1025 3605; x_wconf 86' lang='grc'><strong>333</strong></span> <span class='ocrx_word' id='word_1_457' title='bbox 1051 3551 1165 3606; x_wconf 86' lang='grc'><strong>133133</strong></span> <span class='ocrx_word' id='word_1_458' title='bbox 1190 3541 1230 3605; x_wconf 89' lang='grc'><strong>31</strong></span> <span class='ocrx_word' id='word_1_459' title='bbox 1254 3541 1495 3607; x_wconf 88' lang='lat' dir='ltr'><strong>calumniandum</strong></span> <span class='ocrx_word' id='word_1_460' title='bbox 1520 3567 1704 3632; x_wconf 72' lang='lat' dir='ltr'><strong>propensu</strong></span> <span class='ocrx_word' id='word_1_461' title='bbox 1725 3570 1766 3614; x_wconf 81' lang='lat' dir='ltr'><strong>est.</strong></span> 
     </span>
     <span class='ocr_line' id='line_1_38' title="bbox 107 3633 1765 3709; baseline 0.004 -9"><span class='ocrx_word' id='word_1_462' title='bbox 107 3635 228 3700; x_wconf 82' lang='lat' dir='ltr'><strong>Celsum</strong></span> <span class='ocrx_word' id='word_1_463' title='bbox 256 3633 336 3697; x_wconf 90' lang='lat' dir='ltr'><strong>edito</strong></span> <span class='ocrx_word' id='word_1_464' title='bbox 365 3637 466 3699; x_wconf 89' lang='lat' dir='ltr'><strong>multis</strong></span> <span class='ocrx_word' id='word_1_465' title='bbox 491 3637 656 3699; x_wconf 84' lang='lat' dir='ltr'><strong>rationibus</strong></span> <span class='ocrx_word' id='word_1_466' title='bbox 683 3633 842 3700; x_wconf 89' lang='lat' dir='ltr'><strong>ostendere</strong></span> <span class='ocrx_word' id='word_1_467' title='bbox 858 3657 909 3698; x_wconf 91' lang='lat' dir='ltr'><strong>co·</strong></span> <span class='ocrx_word' id='word_1_468' title='bbox 964 3633 1135 3699; x_wconf 88' lang='lat' dir='ltr'><strong>sedetiam</strong></span> <span class='ocrx_word' id='word_1_469' title='bbox 1163 3657 1200 3699; x_wconf 83' lang='lat' dir='ltr'><strong>ex</strong></span> <span class='ocrx_word' id='word_1_470' title='bbox 1225 3634 1422 3699; x_wconf 86' lang='grc'><strong>8333313133</strong></span> <span class='ocrx_word' id='word_1_471' title='bbox 1451 3639 1600 3706; x_wconf 86' lang='lat' dir='ltr'><strong>moribus</strong></span> <span class='ocrx_word' id='word_1_472' title='bbox 1626 3648 1765 3709; x_wconf 81' lang='grc'><strong>33311333</strong></span> 
     </span>
     <span class='ocr_line' id='line_1_39' title="bbox 106 3727 1763 3818; baseline 0.003 -25"><span class='ocrx_word' id='word_1_473' title='bbox 106 3739 208 3803; x_wconf 86' lang='lat' dir='ltr'><strong>natur,</strong></span> <span class='ocrx_word' id='word_1_474' title='bbox 234 3749 321 3812; x_wconf 90' lang='lat' dir='ltr'><strong>quam</strong></span> <span class='ocrx_word' id='word_1_475' title='bbox 345 3750 449 3811; x_wconf 90' lang='lat' dir='ltr'><strong>parum</strong></span> <span class='ocrx_word' id='word_1_476' title='bbox 474 3751 511 3794; x_wconf 91' lang='lat' dir='ltr'><strong>ea</strong></span> <span class='ocrx_word' id='word_1_477' title='bbox 535 3728 576 3793; x_wconf 87' lang='grc'><strong>31</strong></span> <span class='ocrx_word' id='word_1_478' title='bbox 600 3751 702 3793; x_wconf 87' lang='lat' dir='ltr'><strong>verum</strong></span> <span class='ocrx_word' id='word_1_479' title='bbox 720 3730 778 3792; x_wconf 86' lang='grc'><strong>1131</strong></span> <span class='ocrx_word' id='word_1_480' title='bbox 798 3729 910 3791; x_wconf 86' lang='grc'><strong>331133</strong></span> <span class='ocrx_word' id='word_1_481' title='bbox 966 3730 1045 3793; x_wconf 85' lang='grc'><strong>33131</strong></span> <span class='ocrx_word' id='word_1_482' title='bbox 1072 3729 1227 3809; x_wconf 83' lang='lat' dir='ltr'><strong>Evangelii</strong></span> <span class='ocrx_word' id='word_1_483' title='bbox 1253 3727 1428 3792; x_wconf 83' lang='lat' dir='ltr'><strong>doctrinam.</strong></span> <span class='ocrx_word' id='word_1_484' title='bbox 1479 3730 1529 3795; x_wconf 89' lang='lat' dir='ltr'><strong>Ne</strong></span> <span class='ocrx_word' id='word_1_485' title='bbox 1561 3736 1642 3818; x_wconf 90' lang='lat' dir='ltr'><strong>quid</strong></span> <span class='ocrx_word' id='word_1_486' title='bbox 1671 3743 1763 3803; x_wconf 69' lang='grc'><strong>13133</strong></span> 
     </span>
     <span class='ocr_line' id='line_1_40' title="bbox 106 3821 1764 3909; baseline 0.004 -22"><span class='ocrx_word' id='word_1_487' title='bbox 106 3822 227 3887; x_wconf 87' lang='grc'><strong>1331331.</strong></span> <span class='ocrx_word' id='word_1_488' title='bbox 267 3821 365 3885; x_wconf 86' lang='grc'><strong>11333</strong></span> <span class='ocrx_word' id='word_1_489' title='bbox 386 3826 453 3905; x_wconf 91' lang='lat' dir='ltr'><strong>pius</strong></span> <span class='ocrx_word' id='word_1_490' title='bbox 472 3832 504 3887; x_wconf 92' lang='lat' dir='ltr'><strong>et</strong></span> <span class='ocrx_word' id='word_1_491' title='bbox 529 3822 728 3905; x_wconf 89' lang='lat' dir='ltr'><strong>pulcritudine</strong></span> <span class='ocrx_word' id='word_1_492' title='bbox 746 3843 836 3886; x_wconf 84' lang='lat' dir='ltr'><strong>verae</strong></span> <span class='ocrx_word' id='word_1_493' title='bbox 855 3825 910 3886; x_wconf 84' lang='lat' dir='ltr'><strong>vir·</strong></span> <span class='ocrx_word' id='word_1_494' title='bbox 966 3842 1191 3886; x_wconf 85' lang='lat' dir='ltr'><strong>commemorem</strong></span> <span class='ocrx_word' id='word_1_495' title='bbox 1215 3821 1254 3885; x_wconf 93' lang='lat' dir='ltr'><strong>de</strong></span> <span class='ocrx_word' id='word_1_496' title='bbox 1279 3822 1454 3898; x_wconf 83' lang='lat' dir='ltr'><strong>haereticis,</strong></span> <span class='ocrx_word' id='word_1_497' title='bbox 1483 3826 1716 3909; x_wconf 67' lang='lat' dir='ltr'><strong>schismatie’m,</strong></span> <span class='ocrx_word' id='word_1_498' title='bbox 1730 3831 1764 3894; x_wconf 78' lang='lat' dir='ltr'><strong>tr</strong></span> 
     </span>
     <span class='ocr_line' id='line_1_41' title="bbox 107 3914 1765 3999; baseline 0.007 -20"><span class='ocrx_word' id='word_1_499' title='bbox 107 3921 349 3980; x_wconf 87' lang='grc'><strong>1311333333333</strong></span> <span class='ocrx_word' id='word_1_500' title='bbox 383 3918 482 3997; x_wconf 90' lang='lat' dir='ltr'><strong>imago</strong></span> <span class='ocrx_word' id='word_1_501' title='bbox 506 3926 555 3980; x_wconf 91' lang='lat' dir='ltr'><strong>est</strong></span> <span class='ocrx_word' id='word_1_502' title='bbox 579 3926 610 3980; x_wconf 91' lang='lat' dir='ltr'><strong>et</strong></span> <span class='ocrx_word' id='word_1_503' title='bbox 629 3937 749 3981; x_wconf 87' lang='lat' dir='ltr'><strong>aureum</strong></span> <span class='ocrx_word' id='word_1_504' title='bbox 768 3916 909 3998; x_wconf 84' lang='lat' dir='ltr'><strong>templum</strong></span> <span class='ocrx_word' id='word_1_505' title='bbox 966 3914 1061 3988; x_wconf 86' lang='grc'><strong>13313,</strong></span> <span class='ocrx_word' id='word_1_506' title='bbox 1081 3915 1765 3999; x_wconf 63' lang='grc' dir='ltr'><strong>3131113,331333133331333133313131311·Ι</strong></span> 
     </span>
    </p>
   </div>
   <div class='ocr_carea' id='block_1_4' title="bbox 102 4007 1765 5212">
    <p class='ocr_par' dir='ltr' id='par_1_4' title="bbox 102 4007 1765 5031">
     <span class='ocr_line' id='line_1_42' title="bbox 106 4007 1765 4092; baseline 0.006 -19"><span class='ocrx_word' id='word_1_507' title='bbox 106 4008 175 4073; x_wconf 85' lang='lat' dir='ltr'><strong>Dei.</strong></span> <span class='ocrx_word' id='word_1_508' title='bbox 215 4009 299 4073; x_wconf 86' lang='lat' dir='ltr'><strong>Nihil</strong></span> <span class='ocrx_word' id='word_1_509' title='bbox 324 4008 376 4071; x_wconf 92' lang='lat' dir='ltr'><strong>ille</strong></span> <span class='ocrx_word' id='word_1_510' title='bbox 393 4018 448 4072; x_wconf 87' lang='lat' dir='ltr'><strong>ant</strong></span> <span class='ocrx_word' id='word_1_511' title='bbox 465 4012 646 4091; x_wconf 88' lang='lat' dir='ltr'><strong>cogitatione</strong></span> <span class='ocrx_word' id='word_1_512' title='bbox 672 4009 839 4092; x_wconf 88' lang='lat' dir='ltr'><strong>complecti,</strong></span> <span class='ocrx_word' id='word_1_513' title='bbox 858 4014 911 4073; x_wconf 87' lang='grc'><strong>331</strong></span> <span class='ocrx_word' id='word_1_514' title='bbox 965 4011 1094 4072; x_wconf 86' lang='lat' dir='ltr'><strong>nominis</strong></span> <span class='ocrx_word' id='word_1_515' title='bbox 1112 4007 1214 4072; x_wconf 88' lang='lat' dir='ltr'><strong>alieni.</strong></span> <span class='ocrx_word' id='word_1_516' title='bbox 1254 4008 1311 4071; x_wconf 88' lang='grc'><strong>1113</strong></span> <span class='ocrx_word' id='word_1_517' title='bbox 1332 4011 1466 4085; x_wconf 85' lang='lat' dir='ltr'><strong>proiecto</strong></span> <span class='ocrx_word' id='word_1_518' title='bbox 1480 4013 1765 4083; x_wconf 71' lang='lat' dir='ltr'><strong>calumniandian</strong></span> 
     </span>
     <span class='ocr_line' id='line_1_43' title="bbox 106 4099 1765 4195; baseline 0.004 -29"><span class='ocrx_word' id='word_1_519' title='bbox 106 4105 206 4166; x_wconf 82' lang='lat' dir='ltr'><strong>tacitis</strong></span> <span class='ocrx_word' id='word_1_520' title='bbox 234 4107 313 4165; x_wconf 77' lang='lat' dir='ltr'><strong>votis</strong></span> <span class='ocrx_word' id='word_1_521' title='bbox 344 4112 448 4185; x_wconf 85' lang='lat' dir='ltr'><strong>optare</strong></span> <span class='ocrx_word' id='word_1_522' title='bbox 477 4112 592 4185; x_wconf 89' lang='lat' dir='ltr'><strong>potest,</strong></span> <span class='ocrx_word' id='word_1_523' title='bbox 628 4100 709 4185; x_wconf 87' lang='lat' dir='ltr'><strong>quod</strong></span> <span class='ocrx_word' id='word_1_524' title='bbox 733 4101 772 4166; x_wconf 87' lang='lat' dir='ltr'><strong>ab</strong></span> <span class='ocrx_word' id='word_1_525' title='bbox 799 4106 910 4185; x_wconf 89' lang='lat' dir='ltr'><strong>optimo</strong></span> <span class='ocrx_word' id='word_1_526' title='bbox 965 4099 1167 4185; x_wconf 90' lang='lat' dir='ltr'><strong>praecidenda</strong></span> <span class='ocrx_word' id='word_1_527' title='bbox 1186 4111 1244 4165; x_wconf 91' lang='lat' dir='ltr'><strong>est.</strong></span> <span class='ocrx_word' id='word_1_528' title='bbox 1286 4101 1358 4186; x_wconf 83' lang='lat' dir='ltr'><strong>lpse</strong></span> <span class='ocrx_word' id='word_1_529' title='bbox 1378 4106 1549 4185; x_wconf 83' lang='lat' dir='ltr'><strong>quinetiam</strong></span> <span class='ocrx_word' id='word_1_530' title='bbox 1571 4110 1765 4195; x_wconf 69' lang='lat' dir='ltr'><strong>Deusgrar&#39;}</strong></span> 
     </span>
     <span class='ocr_line' id='line_1_44' title="bbox 107 4193 1763 4277; baseline 0.004 -20"><span class='ocrx_word' id='word_1_531' title='bbox 107 4199 233 4257; x_wconf 85' lang='lat' dir='ltr'><strong>maximo</strong></span> <span class='ocrx_word' id='word_1_532' title='bbox 261 4199 379 4258; x_wconf 93' lang='lat' dir='ltr'><strong>numine</strong></span> <span class='ocrx_word' id='word_1_533' title='bbox 404 4218 463 4259; x_wconf 90' lang='lat' dir='ltr'><strong>non</strong></span> <span class='ocrx_word' id='word_1_534' title='bbox 489 4198 532 4258; x_wconf 90' lang='lat' dir='ltr'><strong>eit</strong></span> <span class='ocrx_word' id='word_1_535' title='bbox 555 4193 746 4277; x_wconf 89' lang='lat' dir='ltr'><strong>sperandum.</strong></span> <span class='ocrx_word' id='word_1_536' title='bbox 786 4194 910 4277; x_wconf 86' lang='lat' dir='ltr'><strong>Siquis</strong></span> <span class='ocrx_word' id='word_1_537' title='bbox 963 4197 1071 4259; x_wconf 86' lang='lat' dir='ltr'><strong>simam</strong></span> <span class='ocrx_word' id='word_1_538' title='bbox 1101 4215 1228 4277; x_wconf 89' lang='lat' dir='ltr'><strong>poenam</strong></span> <span class='ocrx_word' id='word_1_539' title='bbox 1252 4199 1380 4258; x_wconf 90' lang='lat' dir='ltr'><strong>minatus</strong></span> <span class='ocrx_word' id='word_1_540' title='bbox 1408 4206 1456 4258; x_wconf 90' lang='lat' dir='ltr'><strong>est</strong></span> <span class='ocrx_word' id='word_1_541' title='bbox 1488 4197 1679 4269; x_wconf 77' lang='lat' dir='ltr'><strong>hominibus</strong></span> <span class='ocrx_word' id='word_1_542' title='bbox 1706 4208 1763 4273; x_wconf 79' lang='grc'><strong>1313,</strong></span> 
     </span>
     <span class='ocr_line' id='line_1_45' title="bbox 106 4288 1758 4378; baseline 0.005 -27"><span class='ocrx_word' id='word_1_543' title='bbox 106 4288 248 4351; x_wconf 90' lang='lat' dir='ltr'><strong>honorem</strong></span> <span class='ocrx_word' id='word_1_544' title='bbox 274 4290 404 4367; x_wconf 86' lang='lat' dir='ltr'><strong>quaerit,</strong></span> <span class='ocrx_word' id='word_1_545' title='bbox 429 4289 513 4350; x_wconf 85' lang='grc'><strong>11333</strong></span> <span class='ocrx_word' id='word_1_546' title='bbox 533 4289 658 4370; x_wconf 86' lang='lat' dir='ltr'><strong>largitur</strong></span> <span class='ocrx_word' id='word_1_547' title='bbox 677 4297 827 4352; x_wconf 78' lang='lat' dir='ltr'><strong>aeternam</strong></span> <span class='ocrx_word' id='word_1_548' title='bbox 847 4288 910 4370; x_wconf 90' lang='lat' dir='ltr'><strong>glo·</strong></span> <span class='ocrx_word' id='word_1_549' title='bbox 964 4292 1016 4372; x_wconf 91' lang='lat' dir='ltr'><strong>qui</strong></span> <span class='ocrx_word' id='word_1_550' title='bbox 1037 4290 1213 4352; x_wconf 88' lang='lat' dir='ltr'><strong>conculcata</strong></span> <span class='ocrx_word' id='word_1_551' title='bbox 1232 4292 1339 4352; x_wconf 84' lang='lat' dir='ltr'><strong>virtute</strong></span> <span class='ocrx_word' id='word_1_552' title='bbox 1358 4293 1447 4366; x_wconf 89' lang='lat' dir='ltr'><strong>omni,</strong></span> <span class='ocrx_word' id='word_1_553' title='bbox 1467 4300 1657 4378; x_wconf 72' lang='lat' dir='ltr'><strong>potentian</strong></span> <span class='ocrx_word' id='word_1_554' title='bbox 1674 4296 1758 4363; x_wconf 63' lang='lat' dir='ltr'><strong>etffl&#39;·</strong></span> 
     </span>
     <span class='ocr_line' id='line_1_46' title="bbox 106 4381 1762 4477; baseline 0.002 -32"><span class='ocrx_word' id='word_1_555' title='bbox 106 4384 195 4445; x_wconf 74' lang='lat' dir='ltr'><strong>dam:</strong></span> <span class='ocrx_word' id='word_1_556' title='bbox 214 4384 243 4443; x_wconf 88' lang='lat' dir='ltr'><strong>si</strong></span> <span class='ocrx_word' id='word_1_557' title='bbox 258 4382 462 4463; x_wconf 86' lang='lat' dir='ltr'><strong>principatum,</strong></span> <span class='ocrx_word' id='word_1_558' title='bbox 482 4381 629 4444; x_wconf 86' lang='lat' dir='ltr'><strong>adsciscit</strong></span> <span class='ocrx_word' id='word_1_559' title='bbox 639 4385 669 4443; x_wconf 94' lang='lat' dir='ltr'><strong>in</strong></span> <span class='ocrx_word' id='word_1_560' title='bbox 679 4402 802 4462; x_wconf 90' lang='lat' dir='ltr'><strong>regnum</strong></span> <span class='ocrx_word' id='word_1_561' title='bbox 811 4403 909 4459; x_wconf 90' lang='lat' dir='ltr'><strong>suum,</strong></span> <span class='ocrx_word' id='word_1_562' title='bbox 966 4382 1052 4445; x_wconf 87' lang='lat' dir='ltr'><strong>dines</strong></span> <span class='ocrx_word' id='word_1_563' title='bbox 1072 4385 1102 4443; x_wconf 94' lang='grc'><strong>13</strong></span> <span class='ocrx_word' id='word_1_564' title='bbox 1123 4383 1191 4445; x_wconf 90' lang='lat' dir='ltr'><strong>loco</strong></span> <span class='ocrx_word' id='word_1_565' title='bbox 1210 4383 1466 4445; x_wconf 84' lang='lat' dir='ltr'><strong>numiniscolunt:</strong></span> <span class='ocrx_word' id='word_1_566' title='bbox 1485 4383 1687 4477; x_wconf 58' lang='lat' dir='ltr'><strong>frrtummqoe</strong></span> <span class='ocrx_word' id='word_1_567' title='bbox 1695 4409 1762 4474; x_wconf 79' lang='lat' dir='ltr'><strong>prae-</strong></span> 
     </span>
     <span class='ocr_line' id='line_1_47' title="bbox 106 4471 1763 4567; baseline 0.003 -28"><span class='ocrx_word' id='word_1_568' title='bbox 106 4478 193 4558; x_wconf 88' lang='lat' dir='ltr'><strong>cnjus</strong></span> <span class='ocrx_word' id='word_1_569' title='bbox 219 4494 279 4536; x_wconf 89' lang='lat' dir='ltr'><strong>non</strong></span> <span class='ocrx_word' id='word_1_570' title='bbox 305 4476 362 4535; x_wconf 90' lang='lat' dir='ltr'><strong>erit</strong></span> <span class='ocrx_word' id='word_1_571' title='bbox 382 4471 460 4534; x_wconf 87' lang='grc'><strong>1313.</strong></span> <span class='ocrx_word' id='word_1_572' title='bbox 501 4474 537 4536; x_wconf 90' lang='grc'><strong>81</strong></span> <span class='ocrx_word' id='word_1_573' title='bbox 557 4474 687 4550; x_wconf 85' lang='lat' dir='ltr'><strong>oracula,</strong></span> <span class='ocrx_word' id='word_1_574' title='bbox 707 4473 799 4537; x_wconf 89' lang='lat' dir='ltr'><strong>babet</strong></span> <span class='ocrx_word' id='word_1_575' title='bbox 817 4477 910 4557; x_wconf 88' lang='lat' dir='ltr'><strong>scrip·</strong></span> <span class='ocrx_word' id='word_1_576' title='bbox 963 4473 1049 4552; x_wconf 79' lang='lat' dir='ltr'><strong>dixit,</strong></span> <span class='ocrx_word' id='word_1_577' title='bbox 1067 4483 1102 4536; x_wconf 93' lang='grc'><strong>31</strong></span> <span class='ocrx_word' id='word_1_578' title='bbox 1121 4473 1233 4537; x_wconf 88' lang='lat' dir='ltr'><strong>debitis</strong></span> <span class='ocrx_word' id='word_1_579' title='bbox 1252 4476 1427 4558; x_wconf 89' lang='lat' dir='ltr'><strong>suppliciis,</strong></span> <span class='ocrx_word' id='word_1_580' title='bbox 1445 4478 1554 4567; x_wconf 84' lang='grc'><strong>3111113</strong></span> <span class='ocrx_word' id='word_1_581' title='bbox 1564 4484 1694 4566; x_wconf 71' lang='lat' dir='ltr'><strong>quiden</strong></span> <span class='ocrx_word' id='word_1_582' title='bbox 1703 4503 1763 4547; x_wconf 80' lang='lat' dir='ltr'><strong>aeor-</strong></span> 
     </span>
     <span class='ocr_line' id='line_1_48' title="bbox 105 4565 1761 4649; baseline 0.004 -18"><span class='ocrx_word' id='word_1_583' title='bbox 105 4580 201 4634; x_wconf 87' lang='lat' dir='ltr'><strong>turam</strong></span> <span class='ocrx_word' id='word_1_584' title='bbox 226 4569 413 4631; x_wconf 89' lang='lat' dir='ltr'><strong>certissimae</strong></span> <span class='ocrx_word' id='word_1_585' title='bbox 432 4565 518 4643; x_wconf 87' lang='grc'><strong>1131,</strong></span> <span class='ocrx_word' id='word_1_586' title='bbox 537 4588 596 4648; x_wconf 87' lang='lat' dir='ltr'><strong>qna</strong></span> <span class='ocrx_word' id='word_1_587' title='bbox 616 4569 745 4649; x_wconf 89' lang='lat' dir='ltr'><strong>loquitur</strong></span> <span class='ocrx_word' id='word_1_588' title='bbox 764 4567 851 4631; x_wconf 87' lang='lat' dir='ltr'><strong>Deus</strong></span> <span class='ocrx_word' id='word_1_589' title='bbox 870 4590 909 4631; x_wconf 83' lang='lat' dir='ltr'><strong>ex</strong></span> <span class='ocrx_word' id='word_1_590' title='bbox 964 4568 1099 4630; x_wconf 86' lang='lat' dir='ltr'><strong>bissimis</strong></span> <span class='ocrx_word' id='word_1_591' title='bbox 1118 4566 1300 4640; x_wconf 87' lang='grc'><strong>3113133133,</strong></span> <span class='ocrx_word' id='word_1_592' title='bbox 1322 4578 1355 4631; x_wconf 91' lang='grc'><strong>31</strong></span> <span class='ocrx_word' id='word_1_593' title='bbox 1377 4567 1560 4636; x_wconf 79' lang='lat' dir='ltr'><strong>Soilomitae</strong></span> <span class='ocrx_word' id='word_1_594' title='bbox 1580 4599 1653 4642; x_wconf 84' lang='lat' dir='ltr'><strong>non</strong></span> <span class='ocrx_word' id='word_1_595' title='bbox 1674 4576 1761 4643; x_wconf 75' lang='lat' dir='ltr'><strong>ised·</strong></span> 
     </span>
     <span class='ocr_line' id='line_1_49' title="bbox 104 4659 1759 4744; baseline 0.004 -15"><span class='ocrx_word' id='word_1_596' title='bbox 104 4661 187 4729; x_wconf 83' lang='lat' dir='ltr'><strong>adito</strong></span> <span class='ocrx_word' id='word_1_597' title='bbox 215 4684 288 4739; x_wconf 90' lang='lat' dir='ltr'><strong>suo,</strong></span> <span class='ocrx_word' id='word_1_598' title='bbox 321 4663 439 4743; x_wconf 74' lang='grc'><strong>3331133</strong></span> <span class='ocrx_word' id='word_1_599' title='bbox 464 4660 610 4723; x_wconf 85' lang='lat' dir='ltr'><strong>volumus.</strong></span> <span class='ocrx_word' id='word_1_600' title='bbox 653 4659 692 4721; x_wconf 88' lang='grc'><strong>81</strong></span> <span class='ocrx_word' id='word_1_601' title='bbox 718 4660 908 4744; x_wconf 82' lang='lat' dir='ltr'><strong>voluptatem,</strong></span> <span class='ocrx_word' id='word_1_602' title='bbox 962 4662 1147 4737; x_wconf 76' lang='lat' dir='ltr'><strong>interierint,</strong></span> <span class='ocrx_word' id='word_1_603' title='bbox 1164 4663 1215 4741; x_wconf 92' lang='lat' dir='ltr'><strong>qni</strong></span> <span class='ocrx_word' id='word_1_604' title='bbox 1236 4661 1377 4744; x_wconf 88' lang='lat' dir='ltr'><strong>sulphure</strong></span> <span class='ocrx_word' id='word_1_605' title='bbox 1398 4672 1429 4725; x_wconf 93' lang='lat' dir='ltr'><strong>et</strong></span> <span class='ocrx_word' id='word_1_606' title='bbox 1446 4668 1520 4744; x_wconf 88' lang='lat' dir='ltr'><strong>igne</strong></span> <span class='ocrx_word' id='word_1_607' title='bbox 1541 4672 1685 4737; x_wconf 85' lang='lat' dir='ltr'><strong>coelesti</strong></span> <span class='ocrx_word' id='word_1_608' title='bbox 1701 4668 1759 4735; x_wconf 73' lang='lat' dir='ltr'><strong>tet</strong></span> 
     </span>
     <span class='ocr_line' id='line_1_50' title="bbox 102 4750 1758 4839; baseline 0.004 -18"><span class='ocrx_word' id='word_1_609' title='bbox 102 4756 156 4821; x_wconf 87' lang='grc'><strong>1113</strong></span> <span class='ocrx_word' id='word_1_610' title='bbox 174 4759 261 4823; x_wconf 83' lang='lat' dir='ltr'><strong>solus</strong></span> <span class='ocrx_word' id='word_1_611' title='bbox 278 4754 330 4818; x_wconf 86' lang='grc'><strong>131</strong></span> <span class='ocrx_word' id='word_1_612' title='bbox 345 4753 484 4835; x_wconf 88' lang='lat' dir='ltr'><strong>gaudium</strong></span> <span class='ocrx_word' id='word_1_613' title='bbox 493 4754 623 4837; x_wconf 90' lang='lat' dir='ltr'><strong>plenum,</strong></span> <span class='ocrx_word' id='word_1_614' title='bbox 642 4750 723 4836; x_wconf 92' lang='lat' dir='ltr'><strong>qued</strong></span> <span class='ocrx_word' id='word_1_615' title='bbox 735 4753 850 4817; x_wconf 79' lang='lat' dir='ltr'><strong>auferre</strong></span> <span class='ocrx_word' id='word_1_616' title='bbox 860 4777 909 4819; x_wconf 90' lang='lat' dir='ltr'><strong>ne·</strong></span> <span class='ocrx_word' id='word_1_617' title='bbox 964 4763 1096 4836; x_wconf 88' lang='lat' dir='ltr'><strong>grarunt.</strong></span> <span class='ocrx_word' id='word_1_618' title='bbox 1136 4752 1269 4835; x_wconf 87' lang='lat' dir='ltr'><strong>ldeoqne</strong></span> <span class='ocrx_word' id='word_1_619' title='bbox 1287 4755 1383 4817; x_wconf 83' lang='lat' dir='ltr'><strong>Divus</strong></span> <span class='ocrx_word' id='word_1_620' title='bbox 1403 4757 1453 4819; x_wconf 91' lang='lat' dir='ltr'><strong>ille</strong></span> <span class='ocrx_word' id='word_1_621' title='bbox 1473 4757 1616 4839; x_wconf 87' lang='lat' dir='ltr'><strong>Paulus,</strong></span> <span class='ocrx_word' id='word_1_622' title='bbox 1639 4769 1689 4830; x_wconf 85' lang='lat' dir='ltr'><strong>eoi</strong></span> <span class='ocrx_word' id='word_1_623' title='bbox 1708 4762 1758 4827; x_wconf 63' lang='lat' dir='ltr'><strong>rib</strong></span> 
     </span>
     <span class='ocr_line' id='line_1_51' title="bbox 134 4846 1758 4933; baseline 0.004 -22"><span class='ocrx_word' id='word_1_624' title='bbox 134 4866 156 4911; x_wconf 83' lang='grc'><strong>3</strong></span> <span class='ocrx_word' id='word_1_625' title='bbox 173 4859 284 4933; x_wconf 79' lang='lat' dir='ltr'><strong>potest.</strong></span> <span class='ocrx_word' id='word_1_626' title='bbox 324 4847 410 4912; x_wconf 89' lang='grc'><strong>11333</strong></span> <span class='ocrx_word' id='word_1_627' title='bbox 430 4869 497 4912; x_wconf 88' lang='lat' dir='ltr'><strong>cum</strong></span> <span class='ocrx_word' id='word_1_628' title='bbox 518 4848 560 4912; x_wconf 86' lang='lat' dir='ltr'><strong>ita</strong></span> <span class='ocrx_word' id='word_1_629' title='bbox 577 4868 650 4911; x_wconf 88' lang='lat' dir='ltr'><strong>sese</strong></span> <span class='ocrx_word' id='word_1_630' title='bbox 668 4847 809 4924; x_wconf 81' lang='lat' dir='ltr'><strong>habeam,</strong></span> <span class='ocrx_word' id='word_1_631' title='bbox 830 4868 907 4910; x_wconf 91' lang='lat' dir='ltr'><strong>cnm·</strong></span> <span class='ocrx_word' id='word_1_632' title='bbox 965 4850 1051 4912; x_wconf 78' lang='lat' dir='ltr'><strong>batur</strong></span> <span class='ocrx_word' id='word_1_633' title='bbox 1081 4846 1184 4930; x_wconf 87' lang='lat' dir='ltr'><strong>pulcre</strong></span> <span class='ocrx_word' id='word_1_634' title='bbox 1216 4868 1396 4928; x_wconf 88' lang='lat' dir='ltr'><strong>congruere,</strong></span> <span class='ocrx_word' id='word_1_635' title='bbox 1432 4859 1465 4912; x_wconf 90' lang='grc'><strong>31</strong></span> <span class='ocrx_word' id='word_1_636' title='bbox 1490 4859 1662 4923; x_wconf 76' lang='lat' dir='ltr'><strong>castitatis</strong></span> <span class='ocrx_word' id='word_1_637' title='bbox 1692 4860 1758 4922; x_wconf 79' lang='lat' dir='ltr'><strong>boas</strong></span> 
     </span>
     <span class='ocr_line' id='line_1_52' title="bbox 187 4938 1757 5031; baseline 0.01 -28"><span class='ocrx_word' id='word_1_638' title='bbox 187 4940 262 5004; x_wconf 83' lang='grc'><strong>311311</strong></span> <span class='ocrx_word' id='word_1_639' title='bbox 287 4939 364 5005; x_wconf 85' lang='grc'><strong>3133</strong></span> <span class='ocrx_word' id='word_1_640' title='bbox 384 4951 502 5019; x_wconf 87' lang='grc'><strong>131333,</strong></span> <span class='ocrx_word' id='word_1_641' title='bbox 527 4944 662 5016; x_wconf 86' lang='grc'><strong>133333,</strong></span> <span class='ocrx_word' id='word_1_642' title='bbox 681 4950 713 5005; x_wconf 88' lang='grc'><strong>31</strong></span> <span class='ocrx_word' id='word_1_643' title='bbox 730 4949 836 5006; x_wconf 86' lang='lat' dir='ltr'><strong>contra</strong></span> <span class='ocrx_word' id='word_1_644' title='bbox 859 4963 909 5007; x_wconf 88' lang='lat' dir='ltr'><strong>na·</strong></span> <span class='ocrx_word' id='word_1_645' title='bbox 963 4962 1031 5004; x_wconf 90' lang='lat' dir='ltr'><strong>cum</strong></span> <span class='ocrx_word' id='word_1_646' title='bbox 1050 4938 1164 5004; x_wconf 88' lang='lat' dir='ltr'><strong>ordinis</strong></span> <span class='ocrx_word' id='word_1_647' title='bbox 1183 4938 1328 5021; x_wconf 87' lang='lat' dir='ltr'><strong>dignitate</strong></span> <span class='ocrx_word' id='word_1_648' title='bbox 1343 4945 1535 5023; x_wconf 85' lang='lat' dir='ltr'><strong>jungeretur,</strong></span> <span class='ocrx_word' id='word_1_649' title='bbox 1555 4951 1661 5016; x_wconf 82' lang='lat' dir='ltr'><strong>talem</strong></span> <span class='ocrx_word' id='word_1_650' title='bbox 1680 4951 1757 5031; x_wconf 65' lang='grc'><strong>3111</strong></span> 
     </span>
    </p>

    <p class='ocr_par' dir='ltr' id='par_1_5' title="bbox 150 5033 1758 5212">
     <span class='ocr_line' id='line_1_53' title="bbox 154 5033 1758 5118; baseline 0.009 -23"><span class='ocrx_word' id='word_1_651' title='bbox 154 5048 203 5095; x_wconf 74' lang='grc'><strong>311</strong></span> <span class='ocrx_word' id='word_1_652' title='bbox 227 5036 352 5113; x_wconf 76' lang='lat' dir='ltr'><strong>cogitari</strong></span> <span class='ocrx_word' id='word_1_653' title='bbox 378 5039 493 5117; x_wconf 85' lang='lat' dir='ltr'><strong>pessit,</strong></span> <span class='ocrx_word' id='word_1_654' title='bbox 515 5056 605 5118; x_wconf 81' lang='lat' dir='ltr'><strong>quam</strong></span> <span class='ocrx_word' id='word_1_655' title='bbox 626 5035 906 5118; x_wconf 89' lang='lat' dir='ltr'><strong>incomprehensibi·</strong></span> <span class='ocrx_word' id='word_1_656' title='bbox 962 5033 1086 5098; x_wconf 88' lang='lat' dir='ltr'><strong>rendum</strong></span> <span class='ocrx_word' id='word_1_657' title='bbox 1109 5033 1308 5096; x_wconf 83' lang='lat' dir='ltr'><strong>sacerdotium</strong></span> <span class='ocrx_word' id='word_1_658' title='bbox 1329 5034 1468 5097; x_wconf 90' lang='lat' dir='ltr'><strong>idoneum</strong></span> <span class='ocrx_word' id='word_1_659' title='bbox 1494 5059 1571 5103; x_wconf 76' lang='grc'><strong>3313</strong></span> <span class='ocrx_word' id='word_1_660' title='bbox 1602 5044 1758 5110; x_wconf 72' lang='lat' dir='ltr'><strong>ammte</strong></span> 
     </span>
     <span class='ocr_line' id='line_1_54' title="bbox 150 5120 1755 5212; baseline 0.004 -21"><span class='ocrx_word' id='word_1_661' title='bbox 150 5120 274 5191; x_wconf 73' lang='lat' dir='ltr'><strong>aneon</strong></span> <span class='ocrx_word' id='word_1_662' title='bbox 294 5129 426 5192; x_wconf 85' lang='grc'><strong>13313133</strong></span> <span class='ocrx_word' id='word_1_663' title='bbox 442 5150 594 5211; x_wconf 84' lang='lat' dir='ltr'><strong>quaerere,</strong></span> <span class='ocrx_word' id='word_1_664' title='bbox 615 5126 808 5211; x_wconf 84' lang='lat' dir='ltr'><strong>explodamns</strong></span> <span class='ocrx_word' id='word_1_665' title='bbox 828 5149 906 5192; x_wconf 89' lang='lat' dir='ltr'><strong>nunc</strong></span> <span class='ocrx_word' id='word_1_666' title='bbox 935 5133 1013 5212; x_wconf 64' lang='lat' dir='ltr'><strong>{qui</strong></span> <span class='ocrx_word' id='word_1_667' title='bbox 1041 5126 1311 5209; x_wconf 88' lang='lat' dir='ltr'><strong>irreprehensibilis</strong></span> <span class='ocrx_word' id='word_1_668' title='bbox 1335 5136 1432 5203; x_wconf 87' lang='lat' dir='ltr'><strong>esset,</strong></span> <span class='ocrx_word' id='word_1_669' title='bbox 1467 5135 1560 5197; x_wconf 87' lang='grc'><strong>33133</strong></span> <span class='ocrx_word' id='word_1_670' title='bbox 1597 5142 1704 5203; x_wconf 77' lang='lat' dir='ltr'><strong>ueris</strong></span> <span class='ocrx_word' id='word_1_671' title='bbox 1725 5140 1755 5197; x_wconf 71' lang='lat' dir='ltr'><strong>rt</strong></span> 
     </span>
    </p>
   </div>
   <div class='ocr_carea' id='block_1_5' title="bbox 0 0 1876 5626">
    <p class='ocr_par' dir='ltr' id='par_1_6' title="bbox 0 0 1876 5626">
     <span class='ocr_line' id='line_1_55' title="bbox 0 0 1876 5626; baseline 0 0"><span class='ocrx_word' id='word_1_672' title='bbox 0 0 1876 5626; x_wconf 95' lang='lat' dir='ltr'><strong> </strong></span> 
     </span>
    </p>
   </div>
  </div>
 </body>
</html>
