3742 5626
526 184 583 249 nl:
603 184 742 251 suum
761 182 1073 263 muscovlutco,
1093 184 1218 251 stultu
1242 186 1279 247 V.
1681 188 1738 249 loa

71 346 158 409 sibus
177 346 217 412 ab
227 348 315 410 boeto
326 346 580 421 srrbmittereutur,
598 345 799 429 prohibenda:
814 356 876 409 tum
900 344 906 416 Ι
934 350 1020 422 irent,
1040 346 1103 409 lieri
1129 368 1188 410 non
1208 354 1340 429 poterat,
1366 344 1406 409 ad
1430 356 1568 411 seruatae
1594 348 1677 411 urbis
1697 350 1738 413 ia·

71 438 111 502 ad
121 440 331 523 pabulationes
350 439 478 501 laxiores
498 444 613 503 uostris
631 438 797 511 faciendas,
817 460 876 502 ma·
933 460 1026 517 maur,
1051 438 1200 521 promodo
1220 448 1385 503 castrorum
1405 448 1572 522 captorum,
1597 451 1630 505 at
1647 440 1738 506 deleti

71 534 149 595 xime
167 540 266 597 autem
287 540 396 593 metum
418 530 549 615 undique
567 532 706 596 hostibus
726 541 875 596 ostentari·
932 536 1086 594 exereitus
1098 532 1222 611 gloriam
1234 531 1391 613 adjiceret,
1400 534 1573 615 quaerebat.
1595 536 1738 600 Eratter·

70 624 150 687 dum.
190 626 290 707 Supra
316 644 382 687 eum
400 646 472 687 uero
492 626 613 703 Cosam,
638 646 714 707 quos
733 624 773 687 ad
794 626 875 709 0po·
931 628 973 687 tia
993 624 1055 689 fere
1075 645 1148 707 pars
1166 633 1331 688 castrorum
1352 625 1464 688 morbis
1485 628 1642 709 implicita,
1669 650 1735 691 curn

70 738 135 779 cam
161 718 327 781 collocatos
352 716 447 779 fuisse
471 728 541 780 aute
567 728 720 781 nemausum
746 728 809 791 est,
835 716 875 780 ad
931 724 965 779 ut
983 720 1110 799 quisque
1132 716 1251 797 frigoris
1271 737 1308 779 ea
1319 720 1454 779 immensi
1468 738 1561 801 prope
1574 724 1737 802 asperitate

68 809 298 894 Zajouseorium
317 810 396 873 rritra
415 810 573 875 Russaua
586 812 746 873 Zarnoseio
766 810 874 874 deinde
930 820 1086 893 correptus
1104 820 1198 881 esset,
1217 808 1298 891 quod
1318 812 1368 891 quui
1389 810 1539 890 effugeret,
1560 832 1646 874 nemo
1661 822 1737 889 erat,

69 903 204 965 translati
236 906 334 965 onnia
363 904 473 967 irrfeeta
498 901 701 967 reddiderant.
745 904 872 986 Jamque
928 902 1004 965 febri
1029 906 1117 965 etiam
1144 906 1246 965 statim
1271 906 1484 983 corriperetur,
1509 904 1553 965 lta
1578 912 1676 967 tauron
1702 914 1736 967 ut

69 994 871 1079 soteesudemobcausam,excubilogradensietiaor
928 998 1016 1077 pauci
1037 1000 1157 1058 omnino
1183 1018 1220 1057 ex
1245 1016 1281 1057 ea
1307 1005 1500 1059 morerentur.
1539 995 1610 1057 Nou
1635 1000 1733 1061 miuus

69 1088 205 1165 castello,
227 1088 308 1171 quod
328 1088 473 1152 adstricto
492 1090 589 1169 glaeie
609 1090 678 1153 lacu
695 1090 802 1167 Pelba,
822 1092 872 1171 qui
928 1098 1026 1151 auteur
1046 1089 1235 1163 Zamoscius,
1253 1110 1321 1149 cum
1340 1092 1371 1150 io
1391 1088 1733 1151 tautaairisiuelemeu·

67 1179 107 1243 ad
131 1180 335 1257 Pleseouiam,
366 1182 546 1265 Derpatom‚
578 1190 610 1247 et
638 1180 871 1262 Cobilogredum
927 1184 979 1255 tia,
999 1201 1066 1243 eum
1086 1182 1174 1245 boote
1194 1182 1305 1263 potius,
1324 1201 1412 1265 quam
1433 1202 1499 1243 cum
1520 1178 1639 1261 frigoris
1659 1186 1733 1263 inju.

65 1278 204 1355 pertinet,
223 1294 261 1337 ex
280 1274 520 1357 Derpatensibus
548 1275 754 1357 praesidiariis
778 1275 870 1357 aliqui
926 1277 980 1335 riis
1000 1274 1164 1338 conflictari
1186 1277 1306 1337 militem
1326 1296 1436 1357 cupere
1455 1284 1601 1351 cerneret,
1619 1276 1733 1357 praelio

65 1366 638 1443 insederant,SimonemClrarleuseium
646 1367 777 1449 dejicere
788 1388 871 1448 prae·
927 1364 1087 1429 dimicandi
1109 1366 1280 1431 facultatem
1299 1366 1358 1429 sibi
1379 1366 1443 1429 dari
1453 1367 1622 1449 expetebat.
1644 1368 1731 1449 Ejus·

65 1458 174 1521 sidium
191 1462 342 1541 jusserat:
363 1460 492 1541 indeque
516 1460 557 1524 ad
575 1460 751 1523 l‘rebusium
778 1480 871 1541 supro
926 1478 984 1541 quc
1004 1464 1057 1533 rei,
1076 1468 1110 1523 ut
1128 1468 1211 1523 extra
1236 1480 1336 1523 muros
1361 1468 1451 1542 atque
1476 1462 1656 1523 munitiones
1683 1460 1733 1523 bo·

64 1552 203 1615 Plussam
223 1552 341 1629 drurneu,
362 1574 419 1634 qua
439 1554 507 1615 lacu
526 1556 780 1616 curreretoiterox
795 1552 870 1614 Der·
925 1560 1004 1613 stem
1022 1552 1217 1635 pertraheret,
1237 1573 1304 1615 cum
1329 1558 1429 1615 uarias
1454 1557 1587 1616 rationes
1611 1574 1721 1635 quaere

64 1654 147 1726 pato,
166 1654 197 1707 et
216 1644 324 1709 Udoua
344 1644 686 1725 versusNouogardiam
706 1654 780 1721 erat,
801 1665 869 1707 cum
925 1652 988 1721 ret,
1018 1648 1116 1708 onmia
1141 1646 1267 1709 eorrsilia
1293 1648 1361 1726 ejus
1386 1646 1579 1709 uehementer
1603 1646 1732 1727 frigoris,

64 1737 242 1812 collocarat3
268 1738 350 1801 uude
372 1736 483 1801 deinde
507 1739 632 1801 ulterius
656 1739 868 1819 populationes
925 1758 1012 1820 quam
1032 1736 1170 1815 diximum,
1190 1742 1317 1801 saeuitia
1337 1736 1528 1819 impediebat.
1568 1737 1665 1801 Tanta
1681 1760 1731 1801 au·

63 1830 305 1911 proferebanturr
324 1832 432 1913 quibus
450 1830 542 1893 reboo
560 1828 660 1903 tiebat,
680 1840 715 1893 ut
728 1829 807 1911 quod
828 1830 867 1893 ab
924 1840 986 1893 tom
1004 1834 1073 1913 ejus
1084 1835 1131 1893 uis
1150 1841 1223 1905 erat,
1242 1839 1277 1893 ut
1295 1830 1346 1892 ubi
1365 1834 1433 1913 quis
1453 1838 1536 1893 extra
1557 1830 1730 1895 tabernacu-

61 1926 146 1986 iuitio
165 1924 225 1986 sibi
244 1933 452 2007 proposuerat,
470 1944 528 1985 uec
545 1926 613 2005 ipse
629 1922 789 1985 Plescdu'a
800 1944 867 2007 pro·
923 1924 984 1986 lum
1004 1928 1053 1987 vix
1071 1922 1179 2007 pedem
1198 1924 1383 2007 protulisset,
1402 1921 1540 1985 omnibus
1560 1919 1623 1985 fere
1642 1944 1730 1985 mem-

61 2023 129 2097 pter
147 2024 332 2081 commeatus
351 2014 542 2079 difficultates
569 2024 761 2091 avocaretur,
786 2014 867 2097 qood
924 2017 1003 2091 bris,
1028 2021 1067 2081 iis
1087 2020 1290 2099 potissimum,
1310 2036 1387 2099 quae
1406 2016 1533 2077 maxime
1558 2018 1621 2078 aeri
1647 2024 1729 2099 pate-

62 2112 93 2170 iu
114 2130 218 2172 onnes
237 2109 301 2173 fere
319 2118 422 2191 partes
441 2108 535 2171 libere
546 2108 681 2191 pabulari
693 2110 788 2169 nostri
799 2129 866 2189 pos·
923 2109 1006 2187 bant,
1025 2110 1159 2187 naribus,
1177 2108 1311 2187 auribus,
1332 2118 1421 2191 atque
1442 2108 1536 2181 faeie,
1555 2110 1624 2188 gelu
1643 2112 1729 2173 astri·

60 2210 146 2263 ecurt:
185 2212 217 2265 et
234 2201 489 2285 populationibus,
520 2221 579 2282 qua
612 2220 705 2282 supra
731 2200 866 2263 l'risean
923 2206 981 2265 ctis
1001 2210 1197 2265 emoreretura
1218 2200 1358 2284 qrrodque
1377 2200 1416 2263 de
1437 2201 1628 2265 llloseouitiei
1650 2202 1728 2263 coeli

60 2294 194 2357 floream
211 2316 249 2357 oc
268 2292 490 2373 Norogardiam
510 2314 617 2355 uersus
637 2294 785 2367 Tueriam,
806 2312 866 2374 qua
922 2304 1027 2357 natura
1046 2316 1111 2357 orm
1125 2296 1266 2359 miraculo
1278 2294 1409 2357 rronaulli
1419 2292 1630 2376 prodiderunt,
1649 2296 1728 2377 eJus·

58 2385 99 2449 ad
111 2386 280 2449 Volobdem
310 2386 428 2463 dumeta,
446 2386 649 2450 acLadobsru
665 2386 760 2447 laeum
776 2386 866 2466 louge
921 2387 1051 2452 modiin
1070 2392 1109 2451 iis
1129 2388 1206 2450 locis
1226 2386 1336 2467 frigora
1356 2408 1441 2463 esse,
1473 2394 1508 2449 ut
1526 2407 1623 2469 aqueae
1654 2408 1728 2449 casu

59 2480 178 2561 lateque
197 2478 297 2557 factis,
322 2500 389 2542 eum
409 2481 669 2561 opportunissimis
693 2482 752 2540 riis
777 2498 864 2541 occu·
921 2482 989 2563 ipso
1003 2480 1074 2542 dnm
1087 2479 1257 2557 furrduntur,
1277 2480 1481 2560 congelentur,
1501 2477 1534 2540 id
1546 2478 1727 2563 experiendo

59 2576 140 2654 petis
165 2570 297 2654 undique
320 2572 498 2653 grauissime
522 2572 629 2635 bootes
653 2580 865 2654 premerentur,
920 2572 1002 2635 multi
1028 2577 1231 2651 cognoverint
1276 2574 1406 2637 blaxirue
1431 2580 1547 2649 autem,
1572 2571 1654 2655 qrrod
1678 2596 1727 2635 ue·

57 2662 156 2727 indies
176 2674 274 2727 metris
293 2666 340 2727 eis
360 2674 527 2745 augeretur.
566 2664 693 2727 bliserst
709 2663 864 2727 edzino·
920 2686 1009 2729 cesse
1028 2676 1093 2729 eret
1111 2670 1241 2743 euenire,
1260 2665 1404 2729 excubiae
1424 2668 1551 2727 saeuitia
1571 2664 1726 2747 bacfrigo·

56 2761 152 2820 edum
172 2756 324 2822 Jordauus
344 2756 423 2820 duos
441 2756 864 2839 nobilesMoeeosrepeutiae
919 2762 962 2821 ris
979 2757 1172 2835 uexabantur,
1192 2780 1337 2839 raraeque
1356 2760 1476 2819 omnino
1497 2755 1668 2835 ebibuntur,
1687 2780 1723 2821 ex

56 2853 235 2911 acumioue
253 2868 429 2932 oppressos.
469 2850 516 2913 Ex
534 2852 573 2911 iis
599 2847 639 2911 do
657 2849 785 2911 doarmis
804 2868 863 2911 me·
920 2849 1030 2933 quibus
1055 2872 1114 2912 uon
1141 2852 1243 2933 piures
1270 2850 1444 2933 plerumque
1469 2848 1569 2929 aliqua
1589 2854 1724 2933 eorporis

53 2944 132 3022 juris
151 2948 223 3003 natu
240 2942 391 3023 Principis
411 2938 463 3001 lilii
492 2948 587 3003 morte
617 2946 766 3021 cognitum
798 2940 864 3007 fuit.
918 2950 1006 3025 parte
1031 2942 1167 3006 mutilata
1192 2940 1380 3005 referrentur.
1425 2940 1633 3005 Memorabilis
1658 2964 1725 3005 curn

56 3034 154 3105 lluoc,
173 3053 240 3095 eum
259 3042 346 3117 pater
370 3052 459 3114 opum
482 3054 604 3097 suumn
630 3032 863 3115 magnitudinem
919 3036 1023 3118 primis
1040 3056 1077 3099 ex
1096 3032 1507 3115 tmmaSigiomuadiRosnii
1523 3032 1725 3119 nobilisequi·

55 3148 94 3189 ec
112 3126 272 3189 tbmauros
289 3130 457 3209 jactasseta
476 3126 527 3187 ille
545 3146 617 3189 vero
636 3128 675 3188 iia
687 3127 782 3207 Regis
799 3128 863 3191 tbe·
918 3128 960 3190 tis
980 3147 1071 3191 casus
1091 3128 1161 3192 fuita
1200 3130 1248 3191 cui
1273 3148 1340 3191 eum
1365 3134 1522 3209 utromque
1548 3147 1618 3190 erus
1637 3128 1725 3211 plane

53 3240 163 3283 sauros
181 3222 376 3283 virtutemne
400 3220 490 3281 animi
517 3217 719 3281 fortiurdinem
745 3228 862 3301 praetu-
915 3222 979 3301 jam
998 3220 1108 3300 frigore
1137 3230 1300 3283 emortuum
1326 3228 1425 3293 esset,
1451 3221 1538 3303 isque
1563 3222 1593 3282 iu
1619 3219 1724 3284 febrim

53 3314 153 3385 iisset,
172 3311 281 3395 quibus
301 3316 360 3375 etsi
380 3313 456 3383 illis,
482 3311 593 3395 quibus
619 3321 705 3395 pater
731 3309 861 3377 abuuda-
917 3310 988 3377 iude
1006 3336 1045 3379 ac
1063 3316 1172 3377 meretis
1191 3314 1401 3377 alienationem
1419 3309 1586 3387 incidisset,
1606 3316 1723 3377 interim

54 3413 111 3478 ret,
144 3406 266 3467 inferior
291 3413 386 3482 esset,
416 3404 609 3468 uitulo-imo
635 3404 764 3469 ditiones
791 3408 860 3487 ejus
916 3426 987 3469 vero
1004 3404 1139 3470 medicus
1160 3406 1239 3469 ferro
1259 3426 1344 3468 crura
1364 3414 1546 3479 resecasset,
1565 3406 1616 3467 ubi
1637 3404 1722 3469 adse

53 3500 115 3579 igni
133 3498 272 3580 ferroque
298 3504 446 3574 restaret,
472 3517 639 3579 magnaque
656 3506 742 3580 parts
760 3498 860 3580 Regni
915 3498 1013 3575 rediit,
1032 3520 1092 3563 uon
1110 3520 1203 3563 secus
1222 3520 1259 3563 ac
1279 3500 1308 3561 si
1326 3508 1442 3581 partem
1454 3498 1582 3581 aliquare
1597 3506 1721 3563 ornatus

53 3612 121 3653 eum
141 3594 285 3665 exuisset,
304 3590 353 3653 vei
372 3587 544 3673 etquidem
565 3588 710 3666 dicerent,
729 3612 796 3653 cum
809 3592 860 3655 ob·
913 3596 1087 3675 reqrrireret,
1105 3591 1144 3655 de
1163 3591 1293 3675 pedibus
1312 3594 1434 3655 anissis
1453 3594 1636 3672 interrogare
1656 3612 1721 3655 coe·

52 3688 195 3748 stiantius
215 3706 233 3747 e
253 3692 338 3765 patre
356 3687 529 3759 exereitum,
549 3703 615 3769 quo·
628 3703 696 3744 eun
704 3684 801 3763 Regio
813 3706 861 3748 ex·
914 3690 968 3768 pit.
1006 3684 1227 3767 Aliuequidam
1246 3682 1361 3747 ludicro
1380 3704 1458 3766 pene
1484 3692 1608 3759 euentu,
1632 3688 1721 3749 mexi-

52 3780 147 3839 ereitu
165 3776 330 3855 dimicaret,
349 3778 532 3857 flegiusset:
553 3780 647 3839 iratus
662 3796 735 3837 uero
754 3777 797 3838 illi
809 3798 860 3859 pa·
915 3798 993 3839 saum
1012 3786 1111 3841 tamen
1131 3780 1247 3860 etipse
1266 3776 1429 3859 perieulum
1449 3772 1539 3849 adiit3
1557 3774 1681 3839 relictus
1702 3796 1721 3839 a

52 3880 108 3947 ter,
126 3872 291 3952 scipionem
310 3874 341 3933 in
360 3878 452 3951 caput
470 3872 660 3950 impegisset,
688 3890 747 3931 non
767 3870 859 3933 multo
915 3869 1030 3933 Basilio
1052 3872 1231 3932 Suranuieio
1250 3869 1280 3929 iu
1299 3870 1404 3949 primis
1424 3866 1559 3930 exordriis
1577 3886 1636 3928 nou
1653 3886 1720 3949 pro·

52 3973 135 4045 post,
153 3966 219 4025 siue
239 3963 328 4037 ictus,
347 3964 413 4023 sire
431 3962 520 4022 animi
540 3960 654 4023 doloris
664 3964 704 4037 ri,
724 3964 754 4024 in
775 3982 859 4043 paro·
915 3962 964 4025 eui
985 3982 1003 4023 a
1024 3962 1117 4025 fossis
1137 3960 1221 4024 urbis
1240 3960 1386 4021 eorreubia
1406 3968 1495 4021 nocte
1508 3958 1621 4031 fuerat;
1641 3980 1719 4021 cum·

50 4060 164 4119 xismos
184 4054 371 4136 epilepticos,
396 4062 487 4135 alque
512 4051 582 4115 inde
607 4056 637 4115 in
658 4052 762 4116 febrim
788 4058 858 4117 iuci-
915 4074 973 4135 qne
992 4054 1102 4131 frigore
1121 4054 1210 4135 pluuc
1230 4051 1422 4131 abripuisset,
1441 4060 1532 4134 atque
1550 4070 1656 4132 equus,
1675 4054 1719 4115 uti

50 4147 153 4223 disse,
184 4168 221 4209 ex
241 4167 337 4228 eaque
358 4144 468 4209 deiude
498 4150 658 4209 extiucuun
682 4146 858 4221 narrabout3
914 4146 976 4211 lieri
996 4148 1086 4223 solet,
1104 4168 1141 4207 er
1160 4146 1269 4225 frigore
1288 4144 1391 4207 subito
1411 4146 1580 4225 gravirrsso
1593 4165 1719 4207 correns·

49 4259 289 4322 quaeressupra
307 4240 437 4321 reliquas
458 4240 596 4303 fortunae
610 4237 810 4301 adversitates
820 4259 857 4303 eo
913 4214 1017 4317 sisset,
1037 4244 1064 4302 is
1084 4240 1135 4320 qrri
1155 4260 1210 4301 nee
1231 4258 1348 4319 equium,
1368 4258 1424 4299 uec
1435 4258 1472 4299 se
1492 4238 1522 4298 in
1542 4238 1718 4321 equoplaue

49 4334 193 4414 majorem
212 4330 345 4393 dolorem
365 4334 471 4395 blosco
491 4334 601 4409 attulit,
620 4330 701 4415 qrrod
727 4332 776 4393 iric
800 4338 857 4395 etsi
909 4338 972 4415 iam
992 4342 1117 4395 erreetua
1138 4334 1291 4394 continere
1310 4340 1426 4412 posset,
1445 4328 1484 4393 do
1503 4352 1580 4411 equo
1595 4329 1717 4411 decidit,

49 4427 173 4508 inperio
191 4424 286 4505 patris
306 4426 396 4506 priori
414 4430 508 4500 uxori,
529 4448 594 4489 curm
614 4447 672 4508 quun
684 4428 795 4507 optime
814 4427 856 4489 iili
912 4426 1049 4510 pedeque
1068 4426 1264 4495 ferramentis,
1284 4444 1360 4505 quae
1381 4422 1420 4485 ab
1440 4424 1581 4507 epirippio
1606 4424 1716 4507 depeu·

51 4518 257 4591 corrueniebnt,
277 4520 380 4579 nuntio
394 4522 531 4595 remisso,
541 4520 630 4582 aliam
640 4515 774 4589 duxerat,
788 4522 856 4581 sine
911 4520 992 4593 derat,
1011 4528 1137 4592 reterrto,
1157 4518 1214 4579 sub
1240 4520 1326 4599 ipsas
1352 4526 1456 4598 portae
1484 4538 1562 4598 equo
1591 4518 1715 4579 incitato

49 4612 154 4674 liberis
173 4620 272 4671 tumen
292 4609 482 4673 decesserat:
502 4613 658 4674 alteruero
671 4610 855 4673 lilius'l'beo·
910 4634 1017 4692 magna
1035 4632 1110 4673 uoce
1132 4612 1256 4673 alienam
1278 4630 1375 4691 opem,
1395 4631 1461 4671 eum
1482 4614 1549 4690 ipse
1566 4608 1714 4689 explicare

51 4702 143 4765 dorus
160 4706 263 4783 junior
281 4713 361 4777 ιιιιῑιι,
382 4708 491 4767 urentis
509 4708 582 4766 uitio
601 4701 640 4765 nd
654 4705 791 4785 Regnum
811 4714 856 4769 at:
909 4727 945 4769 se
961 4727 1020 4768 non
1041 4712 1162 4787 posset,
1188 4702 1366 4785 implorans,
1392 4700 1579 4782 pertrahitur.
1620 4698 1715 4763 lilittit

50 4818 107 4877 que
127 4817 231 4858 omues
250 4796 328 4859 udeo
351 4818 402 4859 res
433 4798 546 4859 inutilis
579 4807 761 4860 ecrrseretur.
801 4799 853 4861 Ab
909 4820 977 4861 mox
995 4797 1182 4865 Zanoseius,
1201 4796 1251 4874 qui
1272 4812 1340 4855 cum
1361 4794 1497 4873 eripiant.
1517 4788 1712 4873 quodsisiuc

50 4888 145 4951 altera
165 4898 249 4971 parte
263 4887 522 4971 §murenarum
542 4892 713 4951 immonsam
736 4890 854 4969 frigoris
907 4892 1041 4973 periculo
1063 4890 1161 4951 faeere
1180 4907 1240 4947 ιιιιιι
1261 4886 1390 4967 possint,
1409 4904 1448 4943 uc
1466 4886 1524 4961 ipsi
1542 4892 1712 4969 temerepe-

48 4986 262 5055 vimcerueret,
282 4984 441 5065 febresque
462 4986 574 5065 praesim
595 5004 631 5044 ex
651 4986 728 5044 eain
743 4988 853 5047 caruis
908 4984 1032 5045 ticulum
1052 4980 1172 5047 adeunt,
1192 4976 1323 5039 uuandal.
1364 4974 1478 5037 llustes
1498 4980 1547 5059 qui
1572 4979 1602 5037 iu
1629 4998 1713 5043 muro

48 5076 162 5156 uulgari
182 5098 200 5137 e
219 5078 384 5155 transfugis
403 5076 594 5155 intelligeret:
620 5086 743 5157 propter
766 5076 852 5139 rebe·
909 5079 1113 5144 constiterant,
1132 5068 1265 5133 fraudem
1286 5067 1415 5129 subesse
1436 5072 1493 5131 rati
1512 5070 1592 5135 ultre
1608 5070 1712 5135 irride·

50 5172 191 5233 mentiare
212 5172 290 5231 enim
309 5172 431 5243 biemis,
452 5190 511 5251 quio
532 5172 629 5231 minare
649 5170 739 5249 aliqui
758 5176 851 5233 traus-
878 5202 882 5224 ι
910 5170 992 5243 bant,
1012 5168 1147 5249 satisque
1164 5166 1227 5245 jam
1248 5158 1381 5225 fraudum
1408 5182 1445 5221 ae
1471 5158 1605 5226 dolorum
1630 5184 1712 5239 esse,
