3742 5626
155 205 196 264 tt
663 202 778 267 AG'I‘A
797 203 843 267 IN
863 202 1097 269 conventu
1117 205 1386 273 massonum

157 374 279 442 testate,
298 364 400 427 uulua
421 369 451 426 ia
477 366 585 427 litteris
603 368 709 429 blosco
730 364 961 429 adscriberetur.

158 456 249 536 Quod
262 457 351 537 liegii
363 467 536 520 constanter
549 468 703 538 negarunt,
725 458 872 532 diceutes,
891 481 963 522 sese

157 570 268 612 morem
288 549 440 613 scribendi
459 554 612 632 antiquum
637 560 820 615 servaturos.
860 556 963 637 Atque

158 645 199 705 ita
219 647 355 726 utrinque
375 642 589 707 discesserunt.

280 981 395 1057 orn
419 978 491 1056 ru
515 980 842 1079 nonnanis,

432 1123 564 1173 ssssw
584 1124 688 1171 xum

236 1341 311 1403 Cum
332 1360 399 1402 eum
419 1337 497 1401 diem
518 1340 624 1402 litteris
646 1338 683 1402 dc
695 1360 770 1422 pace
783 1339 963 1421 relegendis,

159 1441 249 1514 etque
268 1430 463 1495 emendandis
484 1433 590 1513 Legati
611 1433 752 1509 (absente
765 1433 893 1497 Alberto
903 1433 962 1496 Ra·

158 1524 275 1603 diullio)
296 1522 521 1608 Impendissent,
541 1532 640 1588 actum
661 1535 718 1603 est,
739 1534 772 1588 ut
787 1529 898 1588 areium
912 1547 962 1588 no·

157 1623 237 1681 mina
268 1617 402 1700 finesque
438 1616 477 1679 da
502 1638 584 1681 ruore
615 1623 800 1702 anthuarum
831 1618 962 1683 foederis

156 1714 319 1775 litterarum
344 1711 516 1792 siugulatim
541 1710 753 1775 scriberentur.
794 1713 849 1776 Cui
874 1716 916 1775 rei
944 1736 962 1776 a

157 1806 263 1886 Regiis
282 1809 395 1888 petitae
414 1806 461 1880 (ul
480 1806 543 1868 lere
563 1810 593 1867 in
613 1808 680 1869 aliis
704 1806 842 1869 omnibus
862 1807 961 1883 rebus,

158 1899 258 1962 lacere
279 1898 361 1962 soliti
382 1907 487 1971 erant)
513 1920 580 1961 cum
599 1898 699 1961 Mosei
725 1898 962 1975 adversarentur,

157 2014 195 2057 ac
216 1996 378 2074 generatim
399 1991 518 2074 quidem
538 1997 704 2075 scripturos
729 2014 764 2054 se
790 1994 962 2075 polliceren-

156 2096 214 2164 tur,
227 2108 264 2148 ne
274 2086 443 2158 Litbuania,
454 2087 501 2147 vel
513 2088 637 2150 Liuouia
650 2095 753 2149 contra
765 2085 963 2163 Illoscotianr,

157 2200 232 2242 neve
251 2180 327 2241 bace
348 2188 450 2241 contra
473 2179 539 2240 illas
560 2181 668 2241 bellurn
686 2188 816 2260 gereret:
834 2184 963 2260 urgenti·

159 2274 216 2335 bus
237 2282 336 2336 tameu
357 2281 418 2334 tum
438 2272 617 2352 Regiorum,
645 2282 706 2334 trun
727 2277 849 2334 Antonii
876 2274 963 2335 ratio·

158 2366 257 2441 nibus,
276 2364 396 2428 tandem
417 2375 624 2439 assenserunt,
645 2387 764 2447 ucmpc,
785 2386 819 2427 se
839 2370 963 2449 scriptu·

156 2480 222 2536 ros,
253 2479 292 2520 ue
317 2456 388 2541 quid
407 2458 533 2520 Muscas
556 2466 658 2519 corutra
679 2459 767 2520 ullam
787 2458 964 2523 Litbunniae

156 2572 256 2615 arcem
277 2552 430 2625 Kiouianr,
451 2552 632 2627 Kauesium,
655 2549 856 2630 Czerlrusianr,
876 2554 962 2614 alias-

156 2666 215 2728 que
235 2642 391 2719 finitimas,
412 2665 487 2705 ruere
501 2651 604 2707 coutur
616 2646 777 2708 Lironicas
791 2668 887 2720 arces,
902 2651 962 2729 qui·

156 2738 213 2803 bus
234 2746 385 2803 cesserat:
405 2736 472 2800 lter
492 2741 572 2813 item,
592 2758 631 2800 ne
651 2747 755 2802 contra
774 2740 849 2802 alias
863 2741 961 2803 blosci

155 2854 242 2897 arces
267 2831 377 2895 hostile
404 2828 554 2915 quidpiam
585 2841 704 2913 ageret:
736 2842 767 2895 ct
792 2832 878 2910 lines,
911 2836 960 2915 qui

157 2934 242 2989 crant
261 2927 442 3005 antiquitus,
464 2922 554 2985 iidem
573 2929 728 3006 utriusque
748 2926 898 3009 Principis
919 2924 961 2987 di·

155 3020 239 3093 tioni,
259 3017 439 3098 arcibusque
461 3027 576 3079 asserat.
598 3018 652 3079 Sic
672 3019 740 3080 buic
753 3018 891 3080 Sessioui
903 3017 961 3081 fine

157 3112 312 3192 imposito,
342 3130 473 3190 sequens
494 3108 560 3171 dies
581 3110 807 3175 describendis
828 3112 866 3175 de
886 3134 961 3196 pace

156 3202 263 3265 litteris
283 3200 339 3264 Iuit
359 3200 508 3265 decretus.

190 3543 304 3621 nrn
329 3543 374 3621 x
394 3546 481 3623 ne
509 3544 936 3645 susannense,

450 3690 662 3740 ssssloults,

232 3910 332 3991 Regii,
353 3913 492 3990 quonlam
512 3910 715 3972 examinandis
726 3909 900 3973 Moscorum
916 3911 960 3973 lit·

155 4007 227 4066 teris
249 4002 287 4065 de
307 4024 382 4085 paco
401 4002 523 4065 biduum
545 4002 619 4065 illud
639 4004 861 4086 impenderant,
880 4002 960 4066 vide·

155 4105 222 4157 rent
241 4106 339 4158 autern
359 4100 388 4157 in
410 4096 515 4176 Regis,
535 4107 565 4159 et
585 4099 684 4178 blagni
706 4098 801 4159 Ducis
822 4098 959 4179 Pleuipo·

155 4193 258 4251 tentiis
280 4187 392 4250 diserte
412 4194 567 4264 contineri,
586 4200 620 4252 ut
640 4195 748 4266 omnia,
769 4189 896 4272 quaead
909 4212 960 4272 pa·

155 4301 220 4342 cern
240 4291 430 4362 spectarent,
448 4304 546 4345 coram
567 4286 700 4346 Antonio
719 4294 892 4364 agerentur,
919 4294 960 4347 at·

156 4394 214 4456 quc
244 4373 322 4436 adeo
351 4373 567 4438 conficerentur
595 4378 689 4458 (qnae
717 4377 807 4440 verba
838 4383 896 4441 ntsi
928 4383 959 4440 in

155 4468 263 4530 litteris
285 4470 500 4543 insererentur,
532 4468 691 4532 invalidam
716 4492 782 4533 eam
808 4475 959 4533 tractatio·

154 4582 222 4623 nem
253 4560 381 4623 loturam
410 4560 567 4643 putabant)
596 4583 703 4644 magna
734 4568 812 4627 iuter
845 4586 900 4628 eos
928 4573 960 4626 et

154 4656 278 4717 Hoecos
298 4654 355 4716 luit
373 4659 541 4732 contentio,
568 4659 616 4718 cui
641 4667 740 4721 tamen
759 4659 857 4719 bInsci
878 4656 959 4718 deni·

154 4768 212 4828 qne
231 4757 398 4811 cessenmt
439 4749 513 4810 Cum
533 4771 604 4812 vcro
621 4753 685 4832 jam
706 4755 806 4812 omnis
824 4760 959 4833 putareu·

155 4847 203 4899 tnr
223 4862 293 4902 esse
313 4841 460 4917 conlecta,
481 4844 578 4904 ilosci
599 4842 639 4905 ad
658 4845 774 4906 litteras
793 4842 863 4906 addi
887 4847 960 4926 peti-

154 4941 276 5000 verunt.
295 4934 335 4994 ab
356 4956 457 4996 eorum
476 4937 587 5017 blagno
608 4936 694 4998 Duce
719 4957 778 4997 aron
798 4938 895 4999 solnm
915 4959 959 5000 ar·

155 5040 224 5095 ces,
243 5024 353 5103 quibus
373 5025 516 5101 cedebat,
547 5051 646 5092 rerum
667 5033 757 5092 etiam
778 5031 903 5112 Rigam‚
930 5039 961 5092 et

154 5112 354 5189 Cnrlaudianr,
375 5138 450 5197 quae
472 5140 619 5201 nunquam
632 5124 681 5185 ille
692 5123 880 5205 possederat,
900 5124 959 5185 lle·

145 5212 212 5285 riis
231 5205 327 5279 asom
346 5207 386 5271 ab
407 5209 454 5269 liis
474 5213 516 5272 iu
535 5214 646 5293 repulsi
655 5226 738 5293 snat,
755 5226 866 5280 ateana
877 5220 958 5283 nulla

1020 372 1135 431 ratione
1154 370 1251 432 Ilosci
1272 374 1378 434 retinui
1404 371 1513 435 cedere
1538 373 1662 449 uellent,
1694 377 1827 435 crastiua

1021 460 1071 524 dic
1091 471 1125 524 ut
1143 462 1343 540 discederent,
1359 468 1441 546 jussi
1461 470 1533 527 siut.
1555 466 1631 528 Tum
1651 466 1754 547 Regu,
1775 488 1829 549 per

1021 575 1057 616 se
1076 575 1136 616 raon
1155 564 1248 631 stare,
1269 561 1338 637 quiu
1350 559 1473 620 Summo
1485 558 1623 622 Pontifici
1631 562 1725 641 jusus
1736 564 1828 623 omni·

1020 649 1079 709 bus
1098 650 1128 709 in
1148 650 1238 710 rebus
1252 650 1416 723 obedirent,
1436 656 1571 717 Arrtouio
1582 656 1739 735 protestati
1750 664 1829 715 sunt

1021 743 1069 804 Ac
1088 740 1206 822 quidem
1227 763 1264 805 co
1282 755 1441 825 spectasse
1454 748 1577 808 blosous
1598 747 1828 825 intelligebatur,

1020 842 1055 895 nt
1073 853 1193 915 semper
1212 836 1327 917 aliquid
1346 838 1405 901 sibi
1425 848 1540 901 restare
1557 842 1636 920 jans
1656 860 1693 901 ea
1713 843 1825 901 cessio·

1021 947 1059 988 ne
1078 931 1108 989 in
1123 928 1250 991 Livonia
1270 928 1436 993 videreturz
1454 937 1541 1013 quasi
1563 954 1628 994 eam
1648 930 1690 994 ad
1708 941 1825 1015 tempus

1022 1017 1158 1082 decennii
1184 1022 1387 1086 tautummodo
1413 1024 1568 1099 traditam,
1600 1047 1660 1107 qno
1692 1034 1824 1108 tempore

1021 1123 1110 1194 pacta
1130 1113 1226 1177 linerat
1244 1137 1312 1197 pax,
1331 1114 1441 1180 deinde
1460 1128 1596 1200 repetere
1618 1128 1737 1201 posset.
1767 1122 1825 1182 Au·

1021 1205 1113 1282 gebat
1130 1211 1333 1290 suspicionem
1347 1213 1461 1291 justam
1472 1212 1589 1291 Regiis,
1602 1210 1682 1293 qrrod
1695 1211 1826 1285 biduum,

1021 1301 1070 1379 qni
1090 1297 1130 1361 ed
1150 1298 1322 1364 evocandos
1341 1302 1533 1383 Novogardia
1556 1305 1712 1369 Palatiuos
1735 1305 1827 1367 tabel-

1020 1391 1111 1453 larius
1142 1415 1161 1455 a
1189 1395 1305 1457 blancis
1334 1395 1432 1459 luerat
1458 1396 1648 1477 designatus,
1675 1403 1702 1459 is
1730 1396 1827 1462 adbuc

1020 1486 1213 1563 retinebatur,
1233 1508 1333 1551 moras
1353 1491 1558 1565 nectentibus,
1577 1514 1633 1553 uec
1653 1491 1768 1573 aliquid
1786 1492 1826 1554 al·

1021 1577 1196 1653 lereutibus,
1215 1583 1274 1642 uisi
1294 1581 1375 1663 qood
1394 1581 1491 1645 adbuc
1511 1585 1629 1647 litterae
1649 1606 1709 1646 nou
1723 1597 1827 1646 essent

1021 1670 1191 1746 conlectae,
1222 1672 1393 1755 dequibus
1419 1678 1500 1738 nulla
1525 1698 1603 1759 pene
1622 1681 1826 1740 controversie

1020 1766 1163 1828 restabat.
1204 1768 1248 1831 ut
1266 1776 1424 1851 postquam
1443 1770 1527 1833 abire
1543 1774 1623 1851 jussi
1642 1780 1730 1847 suut,
1751 1792 1826 1832 unus

1021 1862 1130 1942 priano,
1156 1858 1265 1921 deiude
1285 1861 1375 1938 alter,
1400 1861 1528 1944 denique
1553 1885 1657 1925 omines
1677 1866 1769 1925 simul
1787 1863 1825 1927 ad

1022 1954 1185 2015 Antonium
1205 1951 1338 2015 rediere:
1357 1954 1446 2017 modo
1467 1978 1502 2018 se
1514 1960 1632 2038 ajentes
1645 1979 1705 2019 raon
1715 1958 1825 2020 babere

1023 2048 1053 2106 iu
1072 2045 1237 2111 mandatis.
1266 2056 1300 2109 ut
1324 2052 1391 2109 siue
1415 2050 1465 2110 illa
1492 2055 1655 2132 scriptione
1680 2051 1824 2130 Rigensis

1022 2138 1190 2201 traditionis
1210 2161 1268 2221 pax
1288 2145 1395 2215 coiret,
1416 2141 1504 2204 modo
1524 2166 1560 2205 sc
1580 2166 1638 2205 uou
1659 2165 1732 2207 csse
1748 2148 1824 2225 ejus·

1022 2231 1101 2294 modi
1122 2254 1178 2294 suo
1198 2233 1255 2294 sub
1268 2234 1416 2316 Principe,
1436 2237 1540 2315 quoles
1559 2242 1650 2298 ceteri
1667 2250 1740 2300 suunt
1757 2238 1822 2300 sub·

1022 2324 1087 2401 diti,
1107 2347 1172 2386 curn
1194 2347 1231 2387 uc
1250 2328 1395 2407 syllabam
1416 2327 1534 2408 quidem
1555 2334 1733 2413 praescripti
1748 2353 1823 2393 araru-

1022 2416 1083 2479 dati
1103 2428 1230 2500 possent
1250 2424 1308 2501 ipsi
1328 2425 1496 2483 immutare:
1516 2432 1618 2505 petere
1636 2422 1823 2507 deniquede·

1021 2533 1086 2573 com
1107 2511 1219 2573 dierum
1240 2522 1373 2595 tempus,
1400 2535 1458 2595 quo
1485 2518 1629 2578 ublosco
1648 2538 1822 2597 responsum

1021 2608 1202 2686 acciperent.
1243 2605 1295 2669 Ad
1317 2617 1486 2681 extromum,
1506 2631 1649 2692 quaerere
1671 2610 1711 2673 de
1732 2616 1822 2674 Antu-

1020 2702 1070 2760 uio
1098 2699 1270 2770 consilium,
1297 2699 1368 2780 qnid
1390 2701 1533 2763 lacerent.
1573 2703 1652 2765 Tum
1673 2706 1823 2767 Antonius

1019 2793 1082 2869 (cui
1095 2795 1239 2869 circuitio,
1258 2792 1308 2854 illa
1328 2797 1358 2855 in
1370 2795 1493 2876 reliquls
1504 2797 1731 2859 mactationibus
1741 2818 1822 2859 usur·

1019 2895 1106 2968 pata,
1126 2889 1191 2967 jam
1209 2906 1246 2947 se
1265 2884 1413 2968 prodebat
1436 2889 1585 2970 apertius)
1604 2892 1733 2966 ueritus,
1754 2895 1823 2974 quin

1020 3000 1057 3040 ea
1077 2983 1175 3041 omnia
1195 2978 1300 3042 fierent
1318 2979 1358 3041 ad
1378 2985 1537 3043 exercitum
1558 2983 1685 3062 Ιὶοςὶυιιι
1708 3006 1746 3046 ea
1768 3007 1825 3067 spe

1021 3071 1206 3146 lactandum,
1232 3083 1264 3134 ct
1288 3072 1487 3153 latigandum,
1515 3073 1603 3148 dixit,
1628 3085 1681 3137 aut
1705 3083 1822 3159 scripto

1020 3165 1244 3246 pollicerentur,
1274 3170 1305 3227 in
1331 3167 1482 3239 omnIbus,
1514 3188 1589 3251 quae
1610 3178 1676 3230 sete
1702 3179 1820 3239 emeat,

1019 3278 1090 3319 sese
1110 3279 1300 3331 assensuros,
1319 3261 1361 3321 nil
1380 3258 1420 3321 de
1438 3261 1518 3340 Riga
1536 3264 1738 3343 quaesiturnee
1768 3274 1825 3324 ant

1020 3351 1077 3412 bac
1098 3356 1164 3434 ipsa
1184 3362 1273 3414 nocte
1298 3351 1338 3415 ad
1362 3354 1496 3433 laegatus
1523 3355 1637 3435 Regina
1655 3374 1727 3417 esse
1752 3377 1825 3417 eno·

1020 3442 1104 3521 dum,
1137 3454 1169 3507 et
1193 3446 1299 3507 littcrIs
1323 3447 1362 3508 dc
1381 3468 1457 3528 pace
1483 3447 1571 3509 lectis
1590 3445 1737 3530 postridie
1757 3451 1825 3529 ejus

1020 3536 1080 3599 diei
1097 3537 1291 3621 jurejurando
1311 3560 1416 3621 pacem
1429 3541 1639 3603 sanciendam
1656 3545 1707 3601 siu
1719 3544 1825 3611 murus,

1019 3630 1133 3711 Regios
1159 3636 1276 3694 omuino
1302 3635 1446 3695 abIturos.
1494 3632 1571 3695 'I’um
1598 3635 1639 3695 illi
1666 3635 1723 3710 (ut
1747 3635 1825 3696 sole·

1019 3724 1114 3801 baut)
1133 3726 1210 3788 velle
1237 3723 1364 3807 denique
1391 3727 1505 3803 lacere,
1529 3725 1674 3808 quidquid
1698 3725 1825 3790 disiseet

1019 3822 1186 3883 Antonius:
1223 3819 1264 3881 nil
1294 3818 1333 3882 dc
1363 3821 1440 3900 Riga
1471 3822 1677 3901 quaesiturosr
1710 3830 1825 3883 nedem

1018 3910 1187 3974 scribendis
1213 3913 1319 3974 litteris
1346 3915 1564 3996 insumpturos:
1593 3933 1686 3975 uuum
1710 3934 1749 3975 sc
1775 3914 1827 3975 iti·

1020 4007 1152 4069 cbaclem
1172 4004 1378 4069 Ilaraburdam
1402 4028 1526 4088 cupere,
1556 4009 1606 4089 qni
1632 4027 1688 4069 ees
1712 4004 1824 4069 uideat.

1018 4097 1069 4162 Ad
1089 4118 1176 4179 quem
1203 4120 1269 4160 cum
1295 4104 1429 4161 misisset
1447 4103 1615 4174 alrrtouins,
1643 4121 1706 4161 non
1727 4100 1824 4161 solun

1017 4196 1055 4269 is,
1075 4191 1131 4255 scd
1143 4192 1298 4255 Palatinus
1309 4193 1531 4255 Braslavicusis
1550 4193 1589 4254 ab
1610 4214 1659 4269 eo,
1678 4191 1719 4254 ed
1740 4212 1825 4275 quen

1018 4293 1214 4358 recesserant,
1233 4306 1321 4365 pago,
1342 4285 1431 4366 paulo
1450 4296 1521 4366 post
1540 4290 1653 4348 initium
1674 4284 1827 4349 noctissd

1019 4382 1181 4443 Antonium
1200 4377 1333 4440 rediere:
1359 4399 1416 4459 qna
1437 4378 1500 4440 lcre
1525 4389 1604 4452 tota,
1630 4385 1711 4442 sieut
1734 4382 1825 4441 etism

1019 4476 1187 4553 insequenti
1213 4470 1277 4544 dic,
1307 4471 1511 4535 examinandis
1542 4472 1652 4535 iisdem
1678 4472 1717 4535 dc
1747 4491 1826 4553 pace

1019 4565 1128 4627 lItteris
1148 4569 1312 4642 iusumpta,
1338 4569 1464 4646 petitum
1487 4565 1526 4628 ab
1547 4566 1654 4645 Regiis
1679 4574 1729 4628 est
1748 4567 1826 4643 (Aa

1019 4661 1101 4720 Ionio
1121 4659 1180 4719 illis
1200 4662 1229 4718 ln
1250 4662 1420 4720 memoriam
1440 4662 1616 4736 revocante)
1635 4680 1706 4721 num
1726 4658 1826 4723 Mese

1017 4752 1129 4814 vellent
1148 4755 1178 4813 iu
1199 4753 1305 4815 litteris
1325 4757 1466 4825 inserere,
1487 4774 1525 4813 ue
1545 4751 1766 4834 palumbria,
1778 4755 1826 4834 qui

1019 4845 1058 4907 ad
1077 4846 1192 4927 Regem
1213 4845 1411 4919 deiecissent,
1439 4845 1538 4907 daurui
1567 4847 1730 4918 abluero,
1759 4852 1827 4927 post

1019 4943 1213 5022 compositast
1224 4962 1338 5023 pacem,
1359 4940 1529 5001 inferretur:
1551 4936 1642 5017 Quod
1655 4939 1760 5000 Iloeci
1780 4936 1828 5000 ab·

1019 5043 1153 5111 iuuerunt,
1174 5031 1230 5096 sod
1249 5032 1370 5095 dextera
1391 5036 1523 5095 Arctouio
1543 5031 1629 5103 data,
1652 5030 1773 5105 cidem,
1793 5050 1828 5093 es

1017 5127 1143 5206 LegatIs
1162 5128 1285 5210 polliriti
1305 5135 1385 5201 sunt,
1404 5127 1476 5186 nibil
1496 5129 1534 5187 iis
1553 5125 1594 5186 ab
1613 5144 1672 5186 uo
1681 5123 1828 5207 Principe

1017 5218 1117 5282 damni
1137 5222 1250 5285 illatum
1270 5222 1321 5282 iri:
1341 5241 1419 5300 qnos
1440 5240 1511 5281 esse
1531 5228 1673 5299 tanqua·
1687 5238 1786 5281 orn:
1799 5232 1827 5278 et
