3742 5626
133 216 190 277 ltltt
670 208 908 276 Rlilb'lltlblll
929 209 1255 277 RRJDENSTEJNR

131 400 248 463 «carraque
267 396 363 441 rerum
383 386 463 439 arcto
482 378 593 457 injecto
610 376 773 453 baesitare;
794 384 931 435 cunctam·
990 377 1061 437 nino
1079 396 1143 438 eam
1164 375 1337 459 relinquere.
1359 374 1493 440 Eandem
1514 375 1553 438 de
1572 376 1670 439 altero
1693 379 1807 459 capite,

129 478 250 556 tinsque
269 490 374 551 agere:
394 471 492 529 ornrriu
512 464 640 549 denique
659 476 801 549 suspecta
812 464 933 529 babere.
992 466 1150 530 concordia
1182 470 1259 533 inter
1288 468 1421 532 (lrdines
1452 466 1607 546 iacienda,
1640 468 1727 551 quod
1759 490 1806 533 se·

130 566 187 629 llis
208 568 297 645 igitur
314 564 422 625 arrianis
439 581 504 621 cum
524 563 554 622 iu
566 560 694 623 Comitia
704 569 822 623 ventum
842 566 934 631 esset,
991 558 1090 623 eundo
1110 560 1176 623 loeo
1196 560 1418 644 proponendum
1440 561 1508 623 Rex
1524 560 1715 644 judicasset,
1736 584 1805 627 sen·

130 658 307 723 Zanroseins
337 674 390 736 pro
415 672 535 714 munere
560 652 737 716 Cancellarii
761 652 851 717 rerba
883 672 932 713 no·
990 654 1112 715 tentiam
1138 657 1206 735 ejus
1233 674 1313 716 esse.
1353 654 1476 738 Optime
1501 658 1586 736 ipsos
1613 658 1804 725 meminisse.

132 756 210 813 ruinae
230 750 326 827 Regis
344 746 460 807 iaciens
480 752 687 821 orsusaroto,
708 744 788 828 quod
809 766 875 807 curn
898 766 934 807 rx
991 766 1050 828 qno
1069 744 1170 809 studio
1182 757 1213 809 et
1225 750 1255 808 in
1267 746 1478 829 Adrcjom'ensi
1491 758 1652 826 conventu,
1673 758 1708 811 ut
1721 748 1802 811 dein-

129 840 335 924 superioribns
356 838 494 899 Comitiis
514 835 732 911 discederetur,
761 840 820 921 ipsi
846 838 933 900 lecis-
990 858 1065 920 copo
1085 836 1125 901 dc
1143 860 1180 901 eo
1200 840 1367 917 referretur,
1387 843 1532 920 egissent,
1553 850 1584 904 et
1610 850 1802 925 quantopere

130 944 209 1009 sent,
229 952 346 1015 qnoque
367 942 399 992 ut
418 932 521 993 salvus
540 939 630 1013 etque
649 932 806 993 incolumis
825 929 864 993 ab
886 952 932 993 ex·
990 940 1097 1013 postea
1121 930 1199 994 idem
1226 956 1244 995 a
1271 934 1357 1011 Rege
1383 932 1621 996 contendissent.
1663 934 1700 996 ln
1722 955 1800 997 conr-

129 1026 281 1110 peditione
301 1043 337 1087 ea
356 1024 424 1087 ltcx
443 1022 482 1085 ad
506 1044 543 1087 se
560 1022 684 1101 rediret,
711 1046 748 1088 ac
766 1027 824 1107 ipsi
844 1024 932 1086 laetis
990 1028 1069 1086 muni
1089 1029 1218 1087 omniurn
1235 1025 1298 1088 lere
1317 1026 1504 1106 Regnorum,
1529 1048 1566 1089 ac
1593 1026 1701 1089 bonnm
1730 1038 1800 1091 tesa-

128 1122 236 1183 animis
258 1122 287 1179 in
308 1126 425 1179 mutuos
445 1117 600 1199 ampiexus
618 1126 753 1191 merent,
779 1125 932 1199 optarant:
989 1138 1092 1199 porum
1112 1117 1173 1180 lato
1194 1139 1251 1180 uos
1270 1123 1432 1202 praecipua
1450 1128 1549 1181 tamen
1569 1120 1692 1183 launna
1714 1142 1800 1197 uses,

129 1210 209 1295 quod
228 1207 561 1283 aDeocoutenderant,
579 1214 622 1273 ita
642 1210 837 1272 cramulateiis
848 1230 931 1292 prae·
989 1218 1023 1271 ut
1042 1209 1231 1273 concordiam
1253 1212 1369 1273 ciuilem
1390 1215 1510 1292 egregie
1530 1213 1690 1295 bucusque
1710 1220 1799 1279 tutati

128 1308 230 1369 stitum
249 1303 392 1379 ostendit,
410 1312 444 1365 ut
463 1324 521 1365 :ron
543 1302 631 1365 nrodo
656 1302 822 1365 incolumen
847 1301 932 1364 salvo
988 1305 1098 1373 simus:
1130 1302 1208 1365 lianc
1234 1304 1319 1366 hisee
1344 1304 1435 1366 rebus
1456 1307 1517 1367 lere
1536 1308 1673 1383 retineri,
1703 1318 1742 1370 nt
1761 1310 1799 1371 ab

129 1401 278 1475 exercitu,
296 1394 353 1458 sed
372 1418 405 1459 re
425 1400 514 1458 etiam
535 1395 613 1459 bene
637 1405 740 1477 gesta,
765 1394 931 1457 immortali·
989 1397 1104 1477 injuriis
1126 1404 1157 1457 et
1175 1397 1354 1459 contumelia
1368 1397 1799 1483 utrinqueabstineaturzjwe

128 1512 187 1574 que
206 1491 300 1571 gloria
320 1498 423 1572 parta,
447 1510 598 1551 reversum
623 1511 660 1552 ex
678 1489 796 1551 hostico
816 1488 931 1567 Regem
989 1509 1026 1551 ac
1045 1508 1138 1551 cansa
1156 1493 1275 1569 cognita
1296 1494 1455 1552 :roravisnt
1473 1501 1558 1553 extra
1572 1490 1710 1555 ordinem
1726 1495 1799 1577 quid

128 1583 278 1646 riderent:
298 1580 377 1664 quod
399 1586 429 1643 in
448 1584 580 1664 ipsorum
589 1588 742 1663 potestate
758 1588 852 1643 tetum
861 1578 931 1641 iuis·
987 1589 1151 1644 statuatur:
1190 1585 1315 1645 maxime
1344 1586 1372 1642 vi
1404 1592 1437 1643 ut
1466 1587 1516 1665 qui
1547 1586 1699 1667 cnjusque
1731 1597 1798 1663 est,

128 1686 185 1747 set,
204 1684 238 1738 ut
258 1677 367 1737 mutuis
387 1675 636 1755 gratulationibus
661 1694 699 1736 ac
725 1672 854 1737 fraterna
880 1671 930 1734 be·
988 1673 1298 1737 omnibustribuatur:
1319 1672 1354 1736 ld
1365 1681 1462 1737 autem
1472 1686 1533 1739 mm
1548 1674 1590 1739 ad
1601 1676 1694 1755 bona,
1704 1700 1798 1762 quam

127 1768 294 1831 nevolentia
322 1788 358 1831 se
382 1770 570 1851 exciperent,
605 1774 751 1829 certorum
780 1766 931 1829 bominum
988 1764 1028 1829 ad
1048 1766 1177 1829 bonores
1197 1771 1288 1829 etiam
1312 1788 1350 1829 ae
1376 1773 1600 1851 praerogativas
1625 1776 1796 1852 pertinere:

126 1861 334 1925 malevolentia
354 1859 525 1943 impeditum
545 1862 602 1927 ait:
641 1879 764 1940 quonam
788 1879 880 1943 opera
898 1858 930 1921 id
988 1858 1046 1922 bae
1059 1880 1118 1923 una
1137 1881 1170 1922 re
1191 1862 1340 1941 justitiam
1357 1860 1477 1942 perfici3
1511 1864 1663 1943 justitiam
1688 1865 1794 1930 tunda-

127 1956 237 2017 lactum
258 1958 308 2027 sit,
325 1974 385 2015 non
396 1952 533 2015 arbitrari
543 1974 623 2014 rrrrnc
633 1952 693 2014 sibi
707 1952 930 2035 inquirendum:
987 1960 1117 2015 mentum
1127 1972 1198 2015 esse
1210 1952 1414 2034 Reipublicae,
1434 1964 1543 2036 etqua
1563 1954 1616 2019 ills
1636 1962 1792 2023 continea-

126 2046 229 2111 ridere
249 2053 348 2109 antem
366 2049 428 2125 iam
447 2044 575 2109 Petilius
599 2045 630 2106 in
654 2043 821 2129 Republica
841 2066 929 2129 qnos·
987 2054 1036 2108 tur
1066 2044 1254 2107 concordiae.
1305 2044 1425 2107 Nemini
1454 2044 1575 2109 dubium
1606 2070 1690 2125 esse,
1722 2057 1793 2137 quio

124 2140 193 2203 dana
206 2142 368 2202 exsistere:
384 2135 544 2219 optandum
557 2136 829 2201 aremoxCatilinae
841 2142 929 2201 etiam
987 2135 1106 2200 duobus
1125 2139 1209 2201 hisce
1230 2135 1395 2199 Ordinibus
1416 2140 1625 2205 ecclesiastico
1652 2152 1684 2207 et
1711 2148 1793 2209 cirili

126 2234 217 2315 aliqui
229 2236 423 2299 exsisterent:
435 2250 512 2313 qrrae
522 2230 684 2313 praelatus,
698 2228 928 2294 domesticarum
986 2230 1172 2314 Respublica
1192 2232 1267 2293 baec
1283 2233 1469 2313 potissimum
1481 2232 1638 2298 subsistat
1658 2238 1793 2303 Proinde

125 2346 222 2388 rerrrm
242 2326 313 2387 nibil
334 2321 414 2387 alind
434 2324 518 2385 bisce
544 2326 679 2385 Comitiis
705 2325 928 2407 proponendum
986 2327 1056 2407 ipsi,
1076 2345 1200 2407 quornm
1220 2344 1270 2385 res
1289 2329 1435 2405 ageretur,
1456 2324 1603 2401 viderent,
1621 2333 1792 2415 suscipien-

125 2419 185 2481 sibi
206 2416 319 2497 Regem
340 2418 484 2479 statulsse
509 2414 613 2491 docet,
644 2436 733 2499 qnam
762 2438 839 2499 qnae
868 2422 927 2500 ipsi
986 2414 1093 2481 damrre
1113 2438 1152 2479 an
1171 2416 1393 2497 relinquendam
1412 2416 1504 2499 larrJus
1528 2422 1572 2481 rei
1598 2418 1791 2488 deliberatio·

124 2532 184 2573 non
208 2508 297 2573 ruodo
315 2512 433 2571 vivente
452 2506 549 2571 adbuc
569 2507 764 2588 sigismundo
778 2513 928 2590 Arrgusto,
985 2530 1052 2571 nem
1071 2513 1282 2573 existimarent.
1321 2508 1451 2572 Jndieiis
1471 2532 1538 2573 num
1558 2512 1628 2593 quid
1649 2515 1790 2595 deesset,

125 2626 162 2667 ae
181 2602 387 2687 superioribus
409 2603 548 2665 Comitiis
569 2600 872 2684 ArrdreJoviensibns,
894 2612 927 2665 ut
984 2606 1113 2665 omnium
1133 2606 1244 2685 optimo
1268 2606 1368 2685 ipsos,
1395 2606 1444 2685 qni
1469 2606 1498 2665 in
1523 2606 1561 2665 iis
1580 2624 1790 2685 versarentur,

124 2698 279 2772 feneratur,
304 2698 490 2758 sairxissent:
529 2693 586 2757 sed
611 2704 717 2778 postea
743 2698 832 2758 etiam
860 2717 926 2759 eum
981 2692 1118 2774 judicare
1137 2715 1251 2778 posse:
1292 2717 1350 2758 :ron
1375 2716 1465 2779 posse
1487 2716 1560 2757 sane
1584 2695 1787 2779 dissimulari,

122 2810 216 2873 saepe
235 2788 327 2863 alins,
350 2798 411 2851 tum
438 2789 579 2871 proximis
605 2788 742 2851 Comitiis
768 2788 925 2869 efflagitas·
983 2791 1025 2851 ita
1045 2786 1127 2851 brevi
1146 2796 1279 2871 tempore
1300 2789 1461 2851 calumnias
1478 2792 1508 2851 in
1526 2788 1564 2851 iis
1578 2792 1726 2869 merisne,
1749 2806 1787 2858 ut

120 2891 204 2946 sent:
225 2880 330 2963 ltaque
349 2882 465 2943 illorum
483 2880 623 2965 precibus
641 2880 756 2961 Regem
767 2878 927 2945 adductum
983 2900 1043 2943 non
1062 2884 1150 2964 pauci
1172 2880 1357 2961 gravioribus
1376 2880 1484 2944 studiis
1501 2882 1624 2959 relictis,
1642 2892 1730 2947 totos
1751 2908 1789 2951 se

121 2976 160 3039 de
180 2974 269 3037 modo
289 2975 401 3037 liberae
421 2996 457 3037 ae
476 2973 629 3038 ordinatae
640 2975 794 3037 electionis
805 2975 924 3039 referre.
983 2973 1145 3037 causidicis
1165 2975 1410 3059 acceptionibus
1430 2974 1648 3057 excogitandis,
1674 2980 1786 3060 quibus

122 3068 197 3131 Cum
217 3068 255 3131 de
275 3070 390 3131 ratione
410 3078 492 3131 certa
512 3066 713 3148 eligendorum
733 3066 849 3147 Regum
864 3077 924 3130 sta·
982 3067 1058 3129 alios
1079 3068 1235 3139 irretirent,
1254 3066 1327 3131 dare
1346 3066 1491 3130 dicantur.
1530 3068 1646 3151 Regem
1662 3092 1783 3155 operam

119 3173 203 3226 tuere
223 3182 276 3225 eos
298 3160 409 3225 debere
429 3162 552 3237 diceret,
572 3182 631 3223 rron
651 3158 681 3220 id
702 3158 813 3234 dicere,
832 3168 866 3219 ut
886 3157 924 3221 de
981 3178 1077 3231 suam,
1097 3162 1123 3221 si
1143 3181 1201 3242 qua
1221 3164 1250 3221 in
1269 3182 1301 3222 re
1322 3158 1527 3223 emendatione
1547 3183 1624 3245 opus
1642 3164 1780 3239 babeant,

119 3254 313 3338 rellnquendo
334 3255 584 3338 praeelectionis,
610 3274 645 3315 ac
665 3253 841 3333 patrimonio
866 3250 923 3312 boe
979 3253 1019 3311 iis
1040 3248 1199 3314 detulisse:
1219 3274 1288 3335 qrra,
1307 3256 1334 3315 si
1354 3254 1495 3335 placeret,
1514 3262 1678 3319 uterentur:
1703 3261 1776 3318 inri-

120 3350 284 3423 libertatis,
309 3368 367 3427 quo
394 3347 466 3407 nibil
491 3368 509 3407 a
530 3344 694 3424 majoribus
715 3362 814 3402 eorum
835 3342 922 3403 relin·
978 3346 1019 3404 tis
1050 3343 1164 3423 Regem
1192 3366 1258 3407 eam
1288 3367 1346 3408 non
1378 3346 1576 3409 obtrusnrum.
1617 3348 1778 3429 Ingressus

120 3444 170 3525 qui
191 3444 228 3502 iis
255 3441 382 3519 protarerit
403 3438 620 3517 praestantius,
646 3435 825 3510 cogitarent:
864 3434 921 3496 sed
980 3433 1088 3496 deinde
1108 3439 1137 3497 in
1158 3440 1319 3501 orationem
1339 3437 1524 3517 debironia,
1542 3449 1683 3523 statuque
1697 3448 1778 3505 omrai

119 3530 268 3617 quomodo
288 3549 364 3601 earu,
384 3546 471 3607 qurum
491 3528 617 3585 maxime
637 3526 781 3601 integram
802 3544 919 3587 eonser·
978 3529 1047 3609 ejus
1066 3527 1281 3609 demonstrato,
1302 3530 1430 3615 quidque
1450 3554 1517 3595 cum
1542 3533 1653 3597 Mosco
1679 3534 1781 3600 taes

119 3634 231 3696 carent,
252 3632 280 3683 et
302 3625 330 3681 in
351 3626 523 3700 perpetuum
551 3616 712 3679 :nutrirents
742 3636 818 3695 quae
842 3624 920 3699 eogi-
977 3640 1034 3682 utra
1055 3619 1094 3683 de
1115 3622 1200 3700 loeis,
1220 3646 1295 3707 quae
1315 3646 1334 3688 o
1354 3626 1454 3689 Sueco
1474 3634 1655 3700 tenerentur,
1680 3638 1780 3691 aeman

119 3720 194 3779 tatio
215 3736 282 3775 arram
304 3710 475 3771 :iecessario
501 3706 540 3766 ab
566 3706 624 3767 illis
655 3709 769 3789 suscipi
801 3708 918 3785 debeat,
976 3724 1068 3786 esset,
1088 3723 1382 3801 commemoratisque
1408 3718 1499 3781 Sueei
1525 3721 1644 3799 injuriis
1670 3742 1708 3783 eo
1729 3742 1780 3805 po·

118 3832 177 3869 ιιοιι
198 3808 322 3869 aliorum
344 3798 486 3877 exemplis
507 3796 735 3859 confirmandum
748 3800 917 3867 sibiexisti-
974 3809 1122 3869 tissimum
1146 3811 1305 3887 incumbit,
1330 3821 1363 3873 ut
1389 3832 1446 3894 quo
1471 3812 1581 3874 nullum
1601 3814 1633 3874 in
1653 3834 1690 3877 ea
1709 3818 1780 3878 rici·

118 3920 213 3961 artare:
239 3916 292 3955 eos
313 3896 405 3971 ipsos,
425 3888 452 3947 si
473 3889 657 3965 superiorum
684 3892 916 3974 interrogatorum
974 3920 1043 3961 ιιιιιιι
1066 3904 1284 3966 inveterascere
1312 3909 1477 3987 patiantur,
1507 3908 1545 3967 iis
1576 3906 1780 3988 persuadeat:

117 3994 261 4051 actiones,
286 4004 321 4041 ac
342 3981 549 4058 gravissimum
577 3980 752 4062 discrimen,
779 3990 808 4049 in
835 3991 915 4069 quod
974 4013 1090 4055 omnem
1110 3997 1286 4058 societatem
1306 3999 1421 4080 imperii
1441 3996 1576 4061 infidam:
1606 4002 1637 4061 in
1657 4006 1778 4083 provin·

118 4074 302 4155 :respublica
320 4068 451 4129 millum
472 4079 534 4132 lum
554 4073 648 4148 sutrii,
668 4096 771 4139 Secum
791 4101 914 4165 perpen-
974 4087 1020 4147 cia
1041 4107 1135 4169 arraper
1154 4098 1254 4168 parta,
1287 4088 1355 4151 dum
1387 4094 1475 4152 arrlmi
1500 4091 1650 4153 bominum
1674 4091 1779 4157 adbuc

116 4168 198 4232 dant,
218 4164 442 4267 aestimaturos:
466 4165 573 4226 rrrrllam
594 4166 642 4229 hie
657 4168 753 4251 Regis
772 4194 834 4236 rem
854 4182 914 4258 agi,
972 4175 1064 4251 dubii,
1086 4178 1214 4241 inondum
1235 4181 1353 4262 legibus
1372 4203 1410 4245 ac
1435 4185 1579 4246 institutis
1596 4185 1777 4257 coaluerint,

113 4254 168 4317 sed
190 4272 336 4333 propriam
366 4257 511 4335 ipsorum:
550 4268 653 4340 optare
678 4270 775 4325 tarneu
801 4286 852 4344 se,
875 4291 913 4331 ne
970 4271 1094 4351 periculi
1114 4272 1246 4353 plenam:
1268 4278 1412 4336 neminem
1433 4273 1606 4356 prudentem
1624 4282 1774 4341 innoram

112 4348 182 4407 luric
200 4364 256 4403 srro
276 4348 401 4425 tempori
422 4345 531 4423 desint,
556 4357 798 4436 strperiorumqne
823 4380 912 4423 unno·
968 4366 1160 4445 prouinciam,
1180 4364 1317 4449 ejusdcm
1335 4373 1511 4450 praesertim
1531 4390 1596 4431 cum
1623 4370 1774 4452 indigenis

111 4456 175 4497 rum
195 4434 380 4513 benignitate
407 4437 521 4511 diuina,
546 4463 604 4522 qna
630 4446 803 4510 mirabiliter
822 4451 910 4514 Rem·
967 4453 1085 4535 linguae
1105 4478 1142 4519 ac
1161 4462 1290 4521 :radonis
1307 4462 1435 4522 vicinum
1455 4459 1634 4525 admisisse:
1654 4474 1707 4529 aut
1721 4468 1773 4548 qui

107 4528 255 4611 publicam
276 4540 482 4592 conservatam
502 4534 678 4613 intelligant,
698 4516 909 4607 adluiturorum
966 4545 1128 4621 admiserit,
1157 4572 1216 4611 non
1247 4573 1314 4613 eum
1338 4558 1438 4616 statim
1459 4556 1656 4637 poenituisse.
1696 4556 1774 4619 lude

105 4624 208 4703 potius
228 4623 419 4685 consiliorum
439 4644 524 4707 spem
544 4628 668 4706 erigant,
693 4650 781 4709 quam
802 4634 841 4695 ad
860 4657 907 4698 se·
965 4636 1004 4698 de
1024 4639 1141 4700 Tartari
1168 4646 1256 4704 minis
1283 4644 1540 4729 Cosacorumque,
1566 4652 1616 4729 qni
1637 4649 1773 4713 subinde

104 4718 260 4779 urrann
280 4734 317 4777 ac
337 4716 546 4796 :negligentiam
567 4719 734 4783 abutantur.
776 4723 904 4796 Quodsi
962 4729 1073 4792 bellurn
1091 4732 1289 4817 Reipublicae
1315 4740 1492 4815 conflarent,
1518 4742 1636 4822 injuriis
1663 4743 1769 4806 relert.

101 4804 219 4871 fflss
237 4807 423 4889 qnonmdanr
444 4814 474 4870 in
493 4816 696 4893 suspicionem
717 4828 833 4880 mentes
854 4842 903 4881 eo·
960 4823 1070 4887 Fuisse
1089 4829 1293 4908 sarperioribus
1305 4831 1440 4894 Comitiis
1460 4836 1645 4913 rogationem
1666 4835 1770 4909 latam,

98 4894 165 4959 fl
184 4896 349 4977 adductae,
373 4901 619 4981 querandmodum
645 4910 725 4986 aegri
752 4910 901 4976 salutares
959 4936 1018 4996 qua
1044 4919 1275 4986 extraordinaria
1296 4924 1469 5004 jurisdictio
1495 4924 1533 4988 ad
1561 4936 1675 4989 certum
1703 4938 1767 4991 tan·

110 4982 196 5059 Μ
213 4990 256 5051 tm
275 4992 361 5073 ipsae
381 5014 455 5055 sana
476 4998 603 5058 consilia
628 5020 813 5083 concoquere
839 5027 897 5070 ιιοιι
957 5020 1019 5071 tuna
1039 5020 1156 5093 tempus
1175 5018 1324 5095 permissa
1343 5016 1420 5095 Regi
1442 5018 1547 5079 luerit:
1568 5027 1622 5080 aut
1641 5020 1714 5083 illos
1735 5027 1765 5083 in

122 5078 342 5143 subtriplum
367 5086 397 5145 lu
423 5090 552 5167 ipsorum
581 5099 731 5174 potestate
756 5095 897 5177 lutnrunr,
954 5104 1053 5163 ellicio
1074 5105 1280 5177 continendos,
1299 5116 1351 5168 aut
1371 5106 1409 5170 de
1429 5110 1510 5173 bello
1535 5132 1601 5172 curn
1624 5111 1765 5176 Tartaris

122 5190 150 5237 Ι
167 5176 303 5235 muse
321 5174 393 5256 quid
419 5178 475 5239 bae
498 5179 537 5241 de
562 5204 594 5243 rc
621 5186 725 5256 velim,
751 5208 806 5247 seu
832 5210 891 5252 om·
951 5195 1145 5273 snscipiendo
1165 5196 1365 5278 cogitandum.
1393 5200 1563 5267 Extremum
1583 5202 1623 5266 de
1641 5210 1761 5289 stipen-
