3742 5626
531 188 586 251 lili
606 188 744 251 BRLLO
764 184 1068 265 moscovtttoe,
1092 186 1219 252 ultien
1239 188 1291 250 l'l.
1701 190 1752 251 itt

88 352 146 413 diis
166 350 288 413 militnm
309 351 373 411 tuit.
413 350 529 411 Scitum
550 348 670 433 quidem
688 349 893 431 superioribus
919 412 923 431 ι
952 348 1111 410 tenuiorum
1132 351 1256 429 ipjuries
1275 349 1469 431 perierendns
1496 372 1582 425 esse,
1609 372 1695 433 quam
1723 356 1752 413 in

87 443 283 507 concentibus
303 442 460 505 tributum:
501 441 532 503 id
562 464 631 505 num
652 446 681 503 in
701 440 892 523 stipendium,
918 462 923 535 ἱ
949 440 1008 501 illis
1028 440 1067 503 ad
1087 462 1153 505 eam
1172 440 1366 521 leatigcudsm
1385 444 1506 506 sirium:
1526 444 1595 506 Non
1616 464 1686 507 csse
1699 444 1751 505 du-

86 558 123 599 ae
142 540 261 599 nondun
274 535 354 617 nqitrd
374 546 493 598 exteros
506 536 661 619 Principes
683 534 763 597 luctu
784 533 890 597 dissol-
918 546 923 565 ⁸
951 532 1101 596 bitaudum
1122 534 1179 596 bns
1199 539 1283 617 ipsus
1302 536 1486 617 quomodam
1508 538 1655 598 bominum
1675 538 1750 619 inju-

86 632 198 695 nenda:
218 634 249 691 in
270 627 473 691 defensionem
495 630 652 693 Livoniue:
688 628 796 689 bellum
817 626 889 689 'l'nr-
948 626 1009 687 rias
1036 626 1237 689 illustraturus
1263 628 1359 706 iringis
1387 627 1504 690 laudem
1531 640 1620 713 atque
1646 650 1751 693 unomen

86 727 209 787 taricnm
229 720 399 783 sulticeretr
426 740 480 803 per
500 742 576 803 quos
597 724 667 783 item
687 724 836 795 stetisset,
856 728 889 781 ut
948 722 1059 799 ipsius:
1079 720 1176 798 Quem
1198 722 1285 796 etnim,
1305 724 1354 801 qui
1376 722 1473 802 ipsius
1492 742 1541 785 res
1562 732 1665 802 gestus
1678 724 1747 784 olim

85 816 201 879 tardius
219 824 251 879 et
269 818 365 877 minus
385 834 472 895 quam
492 814 626 889 deberet,
646 814 758 875 illatum
770 812 889 884 luisset,
947 822 1155 891 cognosceret,
1174 834 1233 874 nou
1254 815 1357 893 magis,
1378 820 1452 895 quot
1471 815 1501 873 iu
1523 823 1569 877 tot
1588 836 1606 877 a
1627 816 1746 896 quibus-

84 914 142 993 ipsi
164 912 359 991 inquirerent:
377 911 410 968 in
429 906 581 987 erogando
600 904 718 989 quidem
738 910 770 969 et
789 904 887 981 idem,
945 902 1014 965 dam
1034 906 1164 986 objectis
1184 904 1419 979 difficultatibus,
1444 914 1546 969 tnntm
1569 926 1620 967 res
1643 926 1746 985 gerere

85 1012 116 1066 et
134 1002 318 1083 diligentiam
336 1020 483 1063 summam
502 1008 690 1081 reperturos:
711 1004 752 1061 ita
776 999 886 1061 milites
945 998 1108 1078 potuisset,
1134 1020 1223 1081 qusm
1255 996 1335 1079 quod
1364 1001 1484 1061 omniuo
1509 1020 1563 1063 eas
1587 1002 1748 1079 gessisset,

84 1099 208 1157 meritos
225 1098 278 1167 sit,
297 1104 419 1157 utente
438 1096 537 1155 onustis
557 1094 635 1175 ipsis
658 1091 817 1153 consulere
835 1088 887 1153 de·
945 1088 1155 1153 admireturum
1180 1112 1251 1154 esse
1270 1093 1360 1153 animi
1379 1090 1593 1171 magnitudinis
1612 1094 1690 1173 ejus,
1709 1112 1746 1153 nc

84 1190 183 1263 bemtt,
201 1190 251 1270 qui
269 1206 325 1270 pro
345 1187 439 1268 morin
460 1206 497 1247 ae
516 1184 661 1265 digrdtate
681 1186 810 1245 numinis
828 1182 885 1245 Po·
944 1182 1061 1262 injuriis
1081 1180 1199 1265 quidem
1218 1186 1378 1248 absterreri
1404 1204 1440 1249 se
1460 1188 1538 1268 pati,
1564 1204 1624 1266 que
1650 1186 1747 1245 minus

83 1282 174 1343 ionici
192 1300 252 1342 uon
272 1277 361 1341 modo
381 1298 449 1340 cum
468 1278 656 1341 ferocissimo
677 1277 774 1351 boste,
799 1274 885 1337 urbe·
943 1274 1191 1355 quemadmodum
1216 1286 1360 1360 perpetuo
1385 1278 1520 1353 lecisset,
1552 1298 1641 1361 porro
1671 1276 1748 1339 berse

83 1396 141 1457 que
160 1372 297 1437 omuibus
317 1370 408 1433 rebus
428 1369 633 1439 munitissime,
653 1366 709 1431 sed
723 1368 886 1449 inregione
944 1366 983 1431 de
1002 1366 1169 1450 Republica
1187 1373 1293 1433 mereri
1312 1380 1460 1452 pergeret.
1500 1371 1612 1433 llilites
1636 1370 1745 1431 allocu·

81 1466 228 1531 trionibns
248 1466 394 1548 exposita,
414 1464 668 1527 cumsaevissimn
686 1461 798 1538 bieme,
818 1480 886 1523 cum
944 1468 1009 1537 tus,
1030 1481 1088 1521 nou
1110 1460 1221 1523 debore
1242 1484 1297 1525 cos
1317 1466 1489 1528 existi-ere
1508 1461 1657 1536 ostendit,
1683 1470 1744 1523 1ιιιι

82 1562 163 1625 atris
182 1558 320 1641 coelique
339 1560 465 1639 injuriis,
485 1577 523 1617 ee
543 1564 648 1616 ustura
670 1554 733 1616 lere
758 1556 825 1637 ipss
844 1554 884 1616 ab
943 1554 1050 1633 ingrati
1070 1556 1159 1618 enimi
1180 1562 1290 1631 notum,
1309 1559 1670 1639 tentumqueinjuriamiu
1684 1564 1744 1617 1ιιιι

81 1654 218 1717 omnibus
236 1651 328 1713 rebus
351 1650 497 1733 imparati,
517 1668 555 1711 ec
575 1646 723 1709 seminudi
743 1647 883 1730 lerepro
942 1644 1070 1707 fortibus
1089 1667 1126 1709 nc
1144 1645 1234 1710 bonis
1251 1648 1369 1710 civibus
1389 1649 1512 1711 haerere
1531 1670 1640 1732 posset
1672 1648 1745 1711 Ulti-

82 1748 257 1831 pugnsriutr
296 1744 378 1807 Nibil
398 1744 447 1803 liic
465 1762 501 1804 se
521 1739 560 1803 de
585 1740 711 1803 livonia
737 1738 883 1802 dicturum
942 1758 990 1801 mo
1011 1738 1079 1801 loco
1098 1742 1220 1802 nutritios
1238 1741 1374 1803 hortatus
1392 1740 1464 1815 fuit,
1489 1752 1523 1804 ut
1549 1762 1616 1803 cum
1641 1743 1745 1823 primis

82 1842 232 1924 provincia
251 1836 321 1899 olim
342 1836 562 1907 florentissime,
581 1854 619 1895 ιο
632 1854 709 1893 uisite
722 1836 813 1895 etism
824 1854 884 1895 oxi·
942 1830 1081 1915 publicae
1113 1829 1265 1913 dignitati,
1302 1842 1392 1915 atque
1426 1834 1545 1896 utilitati
1576 1832 1743 1896 studerent,

81 1934 169 1995 uibns
187 1927 461 2013 opportunitatibus
480 1923 653 1989 abundente
679 1946 734 2008 per
752 1928 883 2009 ipsorum
942 1924 1058 2008 Optare
1076 1946 1122 2002 se,
1142 1928 1248 2009 iuquit,
1267 1926 1378 1989 adesse
1397 1927 1482 2001 alios,
1502 1931 1635 2009 integros
1645 1946 1682 1988 ae
1694 1924 1745 1987 bo·

80 2024 278 2089 constantiam
298 2029 400 2104 perta3
430 2028 571 2101 qunntum
591 2016 672 2099 apud
693 2026 812 2081 exteros
831 2040 883 2082 no·
942 2038 999 2079 nos
1018 2022 1108 2081 ctiam
1129 2020 1223 2095 cives,
1248 2040 1371 2101 quorum
1392 2042 1501 2101 inagna
1520 2028 1640 2103 praeter
1659 2022 1744 2101 ipsos

79 2140 146 2181 men
167 2114 405 2200 ipsommvirtus
420 2110 558 2173 omuibus
577 2114 702 2193 peperit,
723 2132 778 2173 eos
796 2114 883 2193 ipsos
942 2110 1099 2173 multitudo
1119 2120 1212 2181 esset,
1237 2112 1288 2194 qui
1307 2111 1387 2175 domi
1408 2114 1511 2176 liberis
1533 2116 1599 2175 suis
1617 2110 1745 2176 educan-

79 2220 175 2275 teetes
195 2228 268 2271 esse
288 2226 393 2288 posse,
422 2207 473 2285 qui
506 2224 583 2285 qnae
615 2212 688 2285 post
711 2202 882 2267 discessum
942 2200 990 2265 dis
1009 2224 1047 2265 nc
1066 2202 1250 2267 domesticae
1268 2208 1311 2266 rei
1332 2224 1452 2287 operam
1468 2204 1590 2269 daretur
1610 2206 1745 2267 incilesc

77 2304 210 2377 lleurici,
230 2320 298 2362 cum
318 2295 436 2360 'lartnri
457 2304 536 2357 metu
554 2316 592 2358 ae
609 2294 808 2377 trepidatione
823 2318 883 2359 om·
941 2297 980 2358 iis
1001 2316 1221 2378 persuasurum,
1241 2296 1313 2358 nibil
1337 2306 1372 2360 ut
1395 2298 1592 2381 Reipublicae
1618 2316 1744 2360 commo·

78 2398 128 2459 nia
148 2392 342 2474 complerent,
360 2390 525 2451 suctoritss
545 2408 646 2450 eorum
666 2388 747 2471 spud
764 2399 884 2453 exteros
941 2386 990 2451 dis
1010 2392 1111 2472 potius
1131 2389 1291 2451 baberent:
1316 2411 1419 2453 cortem
1438 2395 1568 2453 omnium
1587 2400 1691 2475 partes
1710 2390 1742 2451 il-

77 2490 176 2564 iuent,
197 2484 418 2547 meminissentr
458 2490 489 2543 et
507 2502 585 2563 qnae
611 2502 690 2542 nuuc
714 2479 754 2544 de
772 2484 883 2545 uirtute
941 2482 990 2543 los
1008 2486 1194 2566 suscepisse,
1213 2491 1356 2565 tuntoqne
1383 2486 1481 2566 megis
1508 2486 1537 2546 in
1563 2504 1670 2546 omncs
1693 2504 1744 2545 res

76 2600 178 2645 comm
208 2578 389 2641 existimatio
419 2576 548 2635 omnum
577 2574 633 2650 sit,
663 2575 882 2656 intelligerentr
939 2575 1072 2637 intentos
1092 2596 1165 2639 esse
1177 2584 1325 2659 oportere,
1344 2576 1454 2659 quibus
1466 2577 1582 2661 reliqui,
1602 2580 1652 2659 qni
1664 2574 1743 2637 domi

76 2684 235 2757 postquem
254 2667 465 2752 potentissimo
477 2666 565 2729 hoste
578 2676 730 2749 snperato,
750 2670 881 2731 amissas
939 2671 1166 2741 remansissent,
1185 2690 1244 2731 non
1263 2690 1349 2732 sunm
1371 2666 1459 2731 modo
1479 2692 1517 2733 ac
1536 2690 1673 2743 suorum,
1693 2690 1742 2731 vc·

75 2768 191 2849 aliquot
208 2764 380 2844 provincias
400 2764 611 2841 recuperarint,
631 2779 727 2820 novus
739 2759 881 2841 adjunxe·
939 2780 1014 2836 rum,
1032 2759 1230 2843 Reipublicae
1249 2764 1337 2823 etism
1357 2762 1486 2823 salutem
1512 2764 1741 2825 commisissent.

75 2864 144 2921 riut.
183 2858 251 2918 Nee
269 2862 369 2916 umen
390 2850 485 2931 pluris
504 2850 580 2912 bace
598 2872 618 2912 a
636 2871 672 2911 se
692 2848 766 2924 lieri,
790 2870 880 2933 quem
938 2852 1066 2913 l’erncta
1075 2857 1240 2931 rogatione,
1260 2855 1428 2915 sententiae
1441 2874 1458 2914 a
1471 2853 1671 2917 Setiutoribus
1683 2851 1743 2915 dici

75 2970 163 3033 quem
181 2946 221 3009 iis
240 2947 317 3027 ipsis
335 2940 479 3025 parandis
503 2942 592 3004 simul
617 2942 806 3024 Respublica
832 2964 880 3005 sc·
938 2950 1065 3026 coeptne
1084 2943 1218 3019 lueruut3
1238 2954 1272 3007 ut
1291 2944 1331 3007 de
1341 2948 1457 3007 ratione
1477 2946 1644 3020 electionis,
1663 2954 1742 3008 cete-

73 3042 260 3126 quisivisset,
279 3038 471 3119 plurimorum
490 3034 608 3097 tortium
619 3038 747 3097 virorum
759 3038 879 3099 incesti·
938 3038 1049 3119 rinque,
1068 3056 1146 3119 quae
1164 3038 1319 3120 proposita
1335 3036 1462 3109 inerant,
1481 3036 1671 3123 perterretur,
1682 3058 1741 3099 οι·

75 3134 213 3199 mnbilem
231 3131 421 3195 tbesmmnm:
440 3128 492 3210 qui
509 3128 552 3191 ita
567 3130 632 3209 jam
653 3136 684 3189 et
704 3129 812 3191 ritimis
828 3150 879 3211 ps·
937 3148 994 3191 nes
1023 3128 1086 3192 lere
1116 3138 1266 3193 statueret
1305 3128 1424 3193 duobus
1453 3139 1568 3193 tanturm
1597 3134 1742 3213 exceptis,

73 3228 239 3303 satietis
261 3222 353 3285 armis
373 3222 525 3284 exercitati
546 3224 618 3296 siut,
640 3230 673 3283 ut
693 3220 805 3282 nullum
815 3230 879 3283 ten·
937 3242 1061 3303 qniorum
1080 3222 1163 3297 niter,
1183 3224 1273 3285 uultis
1293 3222 1443 3285 bominum
1469 3224 1604 3287 consiliis
1627 3244 1647 3286 ι
1672 3224 1741 3287 lleo

72 3332 135 3385 tum
146 3316 307 3403 perieulum
325 3318 472 3378 exsistere
491 3316 600 3394 possit,
618 3311 698 3396 quod
712 3333 770 3375 nou
782 3332 878 3397 prom·
936 3314 1043 3395 Regna
1062 3314 1211 3389 mandarit
1231 3316 1308 3379 nlter
1327 3336 1386 3376 uon
1405 3336 1498 3400 posse
1517 3316 1577 3380 ulla
1603 3315 1741 3399 eRepu·

73 3415 211 3498 ptissimo
240 3412 339 3473 nuimo
370 3428 424 3490 pro
454 3406 624 3488 Republica
654 3410 825 3489 suscepturi
856 3410 878 3469 ii
936 3406 1017 3469 blica
1035 3426 1073 3470 nc
1092 3428 1130 3470 ne
1150 3417 1288 3491 oportere
1309 3406 1429 3491 quidem
1455 3410 1598 3473 nmbitnm
1623 3410 1740 3473 excludi

72 3510 149 3569 siutt
188 3502 302 3567 llornm
321 3522 406 3584 spem
427 3519 467 3561 ne
486 3497 696 3573 destituerunt,
716 3501 766 3582 qui
785 3498 876 3563 sedi·
937 3498 1111 3563 certabant.
1152 3500 1187 3563 ln
1206 3500 1384 3563 Nuntiorum
1409 3500 1586 3565 Nobilitatis
1613 3504 1740 3567 concilio

71 3602 215 3679 quitatem
244 3598 374 3657 nominis
400 3592 536 3657 Polouici
565 3594 670 3673 jacere
695 3599 878 3673 peterentur,
937 3596 1083 3676 principio
1104 3594 1280 3655 Cancellnrii
1301 3598 1396 3656 oratio
1416 3599 1566 3677 exagitate
1586 3596 1656 3659 luite
1681 3616 1740 3661 mu·

72 3693 206 3755 tonnnas
245 3706 350 3751 omnes
387 3706 476 3757 sues,
516 3686 692 3763 sauguinem
727 3687 877 3767 vitemque
935 3689 1013 3749 xime
1032 3706 1119 3759 vero,
1139 3684 1301 3767 quodiam
1327 3687 1455 3749 l‘etilios
1484 3688 1643 3751 nonnullos
1670 3708 1741 3751 esse

71 3788 168 3867 ipsam
188 3776 368 3864 profundere
387 3800 447 3839 nou
468 3776 647 3839 dubitarint:
667 3774 796 3857 denique
815 3798 875 3840 uon
935 3776 1071 3852 dixisset,
1089 3776 1248 3840 videndum
1268 3800 1383 3841 tieniox
1395 3782 1485 3841 etiam
1502 3780 1648 3843 Cutiliuee
1662 3786 1737 3843 essi·

70 3878 177 3940 alienis
196 3872 366 3935 hominibus
385 3870 562 3933 beuelicium
582 3876 798 3951 praestaturos,
818 3868 876 3933 scd
933 3879 1059 3933 sterent
1080 3870 1154 3933 Cum
1175 3878 1279 3931 eornm
1297 3870 1337 3931 ab
1356 3872 1425 3933 eliis
1440 3870 1659 3949 ostenderetur,
1679 3894 1738 3935 tion

70 3970 264 4039 necessariis,
290 3963 490 4045 fratribusque
509 3982 587 4043 quse
605 3962 705 4023 virtuti
732 3984 770 4025 sc
793 3962 876 4025 labo·
933 3966 1102 4025 universum
1123 3961 1284 4038 Ordinem,
1312 3960 1369 4024 sed
1394 3972 1496 4025 certos
1524 3964 1670 4041 homiues,
1701 3986 1738 4027 ae

70 4063 155 4123 ribus
174 4078 276 4121 eorum
287 4055 476 4133 deberentur,
496 4052 648 4136 stipendia
658 4054 874 4137 persoluturos.
934 4078 972 4118 ne
989 4054 1126 4118 homines
1145 4052 1265 4137 quidem
1283 4053 1339 4117 sed
1357 4056 1430 4116 sitin
1450 4064 1570 4119 notatar
1589 4078 1608 4119 a
1629 4058 1738 4140 quibus

70 4152 246 4217 {luccesse
270 4150 309 4213 dc
334 4150 444 4233 quibus
472 4147 658 4211 referendum
683 4146 751 4209 Rex
776 4150 875 4211 existi·
934 4150 984 4233 qni
1004 4148 1115 4212 ιΙιοιιο
1140 4168 1176 4209 se
1201 4147 1390 4227 intelligeret,
1421 4152 1585 4211 orationem
1617 4170 1737 4235 quoquc

71 4252 199 4309 mosset:
217 4242 354 4307 viderent
373 4264 452 4305 nuuc
471 4242 539 4323 ipsi,
560 4260 628 4303 rium
642 4260 709 4301 cum
729 4242 776 4313 iis,
796 4262 875 4324 quse
934 4262 1000 4303 ems
1021 4238 1060 4303 sd
1081 4260 1195 4303 senon
1215 4244 1363 4324 pertinere
1388 4244 1496 4319 sciret,
1519 4262 1571 4305 res
1596 4241 1737 4308 discussa

69 4340 167 4401 alieno
187 4336 305 4397 nomine
325 4336 356 4396 in
374 4334 482 4415 vulgus
501 4355 520 4396 a
540 4334 691 4395 nonsiullis
711 4354 873 4415 sparsacs·
934 4334 1004 4407 tutu
1035 4334 1183 4411 negotium
1212 4332 1282 4397 inde
1302 4334 1484 4397 Sventoslao
1504 4334 1665 4399 Orselscio
1685 4336 1735 4399 dn·

70 4439 148 4506 seint,
175 4430 377 4490 convenirent
417 4430 589 4489 &eversus
613 4424 723 4488 deinde
749 4424 789 4487 ad
815 4426 874 4487 Ro·
932 4436 1004 4503 uim,
1024 4428 1074 4511 qui
1093 4430 1185 4488 totins
1204 4426 1379 4489 Nobilitutis
1398 4432 1516 4490 nomine
1529 4428 1672 4511 probeue
1685 4450 1734 4509 ge·

70 4542 148 4604 gem,
170 4528 274 4601 optare
293 4540 347 4597 se,
366 4520 479 4599 inquit,
503 4526 537 4581 ut
556 4538 611 4601 pro
632 4522 723 4581 tantis
742 4522 811 4601 ejus
830 4542 874 4582 re·
932 4530 982 4586 ste
1001 4520 1169 4603 Republica
1189 4522 1302 4599 gratius
1322 4520 1400 4601 Regi
1420 4530 1538 4601 agerett
1558 4520 1655 4603 deque
1674 4542 1735 4583 ser·

71 4616 128 4677 bus
148 4616 256 4693 gestis,
275 4611 323 4674 vel
343 4632 380 4673 ea
401 4612 496 4691 gretie
516 4614 544 4673 ei
563 4610 731 4687 referretur,
751 4634 828 4697 quse
843 4614 874 4675 in
933 4616 1069 4678 uiouibus
1088 4617 1138 4696 qui
1158 4622 1261 4675 contra
1280 4612 1454 4693 dignitatem
1475 4616 1571 4693 ejusa
1586 4614 1735 4675 normullis

70 4710 146 4771 bene
166 4716 291 4779 morata,
311 4726 348 4767 nc
368 4712 455 4785 grata
481 4702 600 4765 ciritute
625 4726 679 4787 pro
705 4706 798 4769 multo
823 4710 873 4769 mi·
932 4710 1037 4783 babiti,
1056 4716 1108 4770 etit
1126 4710 1157 4768 in
1171 4706 1275 4784 uulgus
1295 4706 1393 4787 sparsi
1414 4702 1591 4779 dicerentur,
1611 4707 1735 4767 cientis·

71 4800 193 4863 neribus
213 4819 273 4862 uon
292 4798 380 4877 Regi,
400 4818 438 4858 ac
461 4804 523 4857 um
542 4800 653 4859 smuuti
676 4798 875 4879 Reipublicae
933 4802 1063 4871 luceret3
1088 4802 1138 4879 qui
1158 4818 1225 4858 cum
1246 4800 1276 4857 in
1295 4793 1464 4877 hujusmodi
1497 4798 1660 4859 orationem
1692 4802 1733 4861 in·

72 4892 158 4971 Regi,
176 4890 233 4955 sed
252 4894 419 4971 cuicunque
436 4892 585 4951 exercitus
604 4888 682 4949 Duri
702 4887 806 4949 relcrri
825 4910 876 4952 so·
935 4912 1058 4973 gressum
1078 4890 1197 4963 luisset,
1221 4890 1302 4949 utin
1329 4896 1468 4949 sumeres
1497 4908 1596 4951 eornm
1616 4890 1734 4973 Regum

71 4986 162 5046 leret:
201 5006 261 5047 non
282 5004 372 5064 egere
398 4992 497 5044 tamen
524 4984 613 5043 animi
645 4978 875 5060 magnitudinem
935 4986 1148 5065 inquirerem
1168 4983 1287 5059 cognite
1307 5000 1399 5041 causa
1424 4978 1660 5047 aniuiadnertere
1683 4982 1734 5048 te-

71 5080 140 5159 ejus
160 5077 368 5139 consoletioue
386 5096 459 5139 sua:
486 5074 554 5157 plns
575 5077 652 5137 cuin
672 5078 703 5135 in
723 5072 773 5135 illa
792 5094 876 5157 prae·
936 5078 1007 5139 bcrc
1032 5074 1158 5147 diceret,
1183 5070 1312 5135 aduerso
1344 5071 1528 5155 quormdem
1548 5072 1735 5158 colleganum

71 5168 145 5235 sidii
166 5168 207 5234 sd
226 5190 420 5253 quoscunque
438 5168 575 5233 lomense
594 5168 739 5250 impetus,
763 5188 800 5231 sc
817 5188 876 5233 ma·
937 5190 1092 5239 murmure,
1113 5188 1149 5230 ec
1170 5188 1237 5229 mon
1257 5168 1385 5229 counitio
1406 5186 1482 5247 pene
1502 5176 1645 5249 exceptus
1671 5170 1732 5233 brit.
