<?xml version="1.0" encoding="UTF-8"?>
<!DOCTYPE html PUBLIC "-//W3C//DTD XHTML 1.0 Transitional//EN"
    "http://www.w3.org/TR/xhtml1/DTD/xhtml1-transitional.dtd">
<html xmlns="http://www.w3.org/1999/xhtml" xml:lang="en" lang="en">
 <head>
  <title>
</title>
<meta http-equiv="Content-Type" content="text/html;charset=utf-8" />
  <meta name='ocr-system' content='tesseract 3.04.00' />
  <meta name='ocr-capabilities' content='ocr_page ocr_carea ocr_par ocr_line ocrx_word'/>
</head>
<body>
  <div class='ocr_page' id='page_1' title='image "./historiaeruthen00stargoog_0417.png"; bbox 0 0 3742 5626; ppageno 0'>
   <div class='ocr_carea' id='block_1_1' title="bbox 114 177 1247 253">
    <p class='ocr_par' dir='ltr' id='par_1_1' title="bbox 114 177 1247 253">
     <span class='ocr_line' id='line_1_1' title="bbox 114 177 1247 253; baseline 0.004 -14"><span class='ocrx_word' id='word_1_1' title='bbox 114 192 154 253; x_wconf 65' lang='lat' dir='ltr'>us</span> <span class='ocrx_word' id='word_1_2' title='bbox 664 177 902 245; x_wconf 72' lang='lat' dir='ltr'>nasutium!</span> <span class='ocrx_word' id='word_1_3' title='bbox 922 178 1247 243; x_wconf 70' lang='lat' dir='ltr'>ustusnsusstuu</span> 
     </span>
    </p>
   </div>
   <div class='ocr_carea' id='block_1_2' title="bbox 101 340 1785 3973">
    <p class='ocr_par' dir='ltr' id='par_1_2' title="bbox 101 340 1785 3973">
     <span class='ocr_line' id='line_1_2' title="bbox 116 340 1785 427; baseline -0.007 -9"><span class='ocrx_word' id='word_1_4' title='bbox 116 357 183 419; x_wconf 85' lang='lat' dir='ltr'>bet:</span> <span class='ocrx_word' id='word_1_5' title='bbox 203 354 279 415; x_wconf 87' lang='lat' dir='ltr'>olias</span> <span class='ocrx_word' id='word_1_6' title='bbox 299 346 419 425; x_wconf 91' lang='lat' dir='ltr'>deinde,</span> <span class='ocrx_word' id='word_1_7' title='bbox 444 366 519 427; x_wconf 91' lang='lat' dir='ltr'>quas</span> <span class='ocrx_word' id='word_1_8' title='bbox 539 348 605 427; x_wconf 89' lang='lat' dir='ltr'>ipse</span> <span class='ocrx_word' id='word_1_9' title='bbox 632 342 756 423; x_wconf 65' lang='lat' dir='ltr'>legatis</span> <span class='ocrx_word' id='word_1_10' title='bbox 782 340 923 413; x_wconf 86' lang='lat' dir='ltr'>truderet,</span> <span class='ocrx_word' id='word_1_11' title='bbox 950 348 954 391; x_wconf 84' lang='lat' dir='ltr'>t</span> <span class='ocrx_word' id='word_1_12' title='bbox 981 348 1103 407; x_wconf 80' lang='lat' dir='ltr'>scessit.</span> <span class='ocrx_word' id='word_1_13' title='bbox 1143 344 1335 411; x_wconf 82' lang='lat' dir='ltr'>Adolescens</span> <span class='ocrx_word' id='word_1_14' title='bbox 1356 348 1404 407; x_wconf 86' lang='lat' dir='ltr'>bic</span> <span class='ocrx_word' id='word_1_15' title='bbox 1422 366 1536 408; x_wconf 75' lang='lat' dir='ltr'>stimmo</span> <span class='ocrx_word' id='word_1_16' title='bbox 1556 366 1665 427; x_wconf 84' lang='lat' dir='ltr'>genere</span> <span class='ocrx_word' id='word_1_17' title='bbox 1697 357 1785 407; x_wconf 89' lang='lat' dir='ltr'>natus</span> 
     </span>
     <span class='ocr_line' id='line_1_3' title="bbox 116 434 1785 525; baseline -0.007 -14"><span class='ocrx_word' id='word_1_18' title='bbox 116 448 175 511; x_wconf 92' lang='lat' dir='ltr'>sub</span> <span class='ocrx_word' id='word_1_19' title='bbox 195 448 283 525; x_wconf 90' lang='lat' dir='ltr'>signo</span> <span class='ocrx_word' id='word_1_20' title='bbox 303 464 360 505; x_wconf 89' lang='lat' dir='ltr'>suo</span> <span class='ocrx_word' id='word_1_21' title='bbox 379 442 519 523; x_wconf 85' lang='lat' dir='ltr'>subjicit:</span> <span class='ocrx_word' id='word_1_22' title='bbox 539 441 568 499; x_wconf 95' lang='lat' dir='ltr'>iu</span> <span class='ocrx_word' id='word_1_23' title='bbox 581 440 620 499; x_wconf 91' lang='lat' dir='ltr'>iis</span> <span class='ocrx_word' id='word_1_24' title='bbox 630 438 722 499; x_wconf 89' lang='lat' dir='ltr'>basce</span> <span class='ocrx_word' id='word_1_25' title='bbox 734 434 922 499; x_wconf 80' lang='lat' dir='ltr'>corrditioues</span> <span class='ocrx_word' id='word_1_26' title='bbox 980 460 1046 501; x_wconf 91' lang='lat' dir='ltr'>cum</span> <span class='ocrx_word' id='word_1_27' title='bbox 1067 442 1215 501; x_wconf 84' lang='lat' dir='ltr'>Curoniae</span> <span class='ocrx_word' id='word_1_28' title='bbox 1234 448 1266 502; x_wconf 90' lang='lat' dir='ltr'>et</span> <span class='ocrx_word' id='word_1_29' title='bbox 1284 439 1402 503; x_wconf 86' lang='lat' dir='ltr'>0siliae</span> <span class='ocrx_word' id='word_1_30' title='bbox 1421 440 1637 521; x_wconf 85' lang='lat' dir='ltr'>Episcopaturu</span> <span class='ocrx_word' id='word_1_31' title='bbox 1656 440 1687 499; x_wconf 92' lang='lat' dir='ltr'>iu</span> <span class='ocrx_word' id='word_1_32' title='bbox 1701 438 1785 501; x_wconf 79' lang='lat' dir='ltr'>Liuo-</span> 
     </span>
     <span class='ocr_line' id='line_1_4' title="bbox 117 529 1785 623; baseline -0.005 -19"><span class='ocrx_word' id='word_1_33' title='bbox 117 540 286 623; x_wconf 90' lang='lat' dir='ltr'>adjeccrat,</span> <span class='ocrx_word' id='word_1_34' title='bbox 312 548 346 601; x_wconf 92' lang='lat' dir='ltr'>ut</span> <span class='ocrx_word' id='word_1_35' title='bbox 364 538 503 597; x_wconf 82' lang='lat' dir='ltr'>universa</span> <span class='ocrx_word' id='word_1_36' title='bbox 524 533 648 596; x_wconf 81' lang='lat' dir='ltr'>Liuouia</span> <span class='ocrx_word' id='word_1_37' title='bbox 667 552 727 593; x_wconf 83' lang='lat' dir='ltr'>uuo</span> <span class='ocrx_word' id='word_1_38' title='bbox 752 551 817 593; x_wconf 91' lang='lat' dir='ltr'>cum</span> <span class='ocrx_word' id='word_1_39' title='bbox 843 529 921 609; x_wconf 79' lang='lat' dir='ltr'>lliga</span> <span class='ocrx_word' id='word_1_40' title='bbox 980 535 1029 593; x_wconf 85' lang='grc' dir='ltr'>ιιίι</span> <span class='ocrx_word' id='word_1_41' title='bbox 1053 541 1183 605; x_wconf 88' lang='lat' dir='ltr'>teneret,</span> <span class='ocrx_word' id='word_1_42' title='bbox 1208 530 1334 614; x_wconf 83' lang='lat' dir='ltr'>perditis</span> <span class='ocrx_word' id='word_1_43' title='bbox 1362 530 1546 615; x_wconf 89' lang='lat' dir='ltr'>quorundam</span> <span class='ocrx_word' id='word_1_44' title='bbox 1581 532 1716 595; x_wconf 87' lang='lat' dir='ltr'>consiliis</span> <span class='ocrx_word' id='word_1_45' title='bbox 1749 553 1785 595; x_wconf 89' lang='lat' dir='ltr'>ae</span> 
     </span>
     <span class='ocr_line' id='line_1_5' title="bbox 115 619 1783 711; baseline -0.006 -13"><span class='ocrx_word' id='word_1_46' title='bbox 115 646 147 698; x_wconf 87' lang='lat' dir='ltr'>et</span> <span class='ocrx_word' id='word_1_47' title='bbox 166 630 343 707; x_wconf 68' lang='lat' dir='ltr'>(tonantio,</span> <span class='ocrx_word' id='word_1_48' title='bbox 373 650 451 711; x_wconf 87' lang='lat' dir='ltr'>quae</span> <span class='ocrx_word' id='word_1_49' title='bbox 476 631 506 689; x_wconf 94' lang='lat' dir='ltr'>in</span> <span class='ocrx_word' id='word_1_50' title='bbox 528 634 676 709; x_wconf 76' lang='lat' dir='ltr'>protestme</span> <span class='ocrx_word' id='word_1_51' title='bbox 701 624 797 703; x_wconf 84' lang='lat' dir='ltr'>Regis</span> <span class='ocrx_word' id='word_1_52' title='bbox 822 619 921 683; x_wconf 88' lang='lat' dir='ltr'>adbuc</span> <span class='ocrx_word' id='word_1_53' title='bbox 947 674 951 689; x_wconf 90' lang='lat'>.</span> <span class='ocrx_word' id='word_1_54' title='bbox 980 626 1137 707; x_wconf 72' lang='lat' dir='ltr'>promissis</span> <span class='ocrx_word' id='word_1_55' title='bbox 1156 626 1254 689; x_wconf 86' lang='lat' dir='ltr'>lllosci</span> <span class='ocrx_word' id='word_1_56' title='bbox 1273 636 1305 689; x_wconf 88' lang='lat' dir='ltr'>ct</span> <span class='ocrx_word' id='word_1_57' title='bbox 1324 622 1699 699; x_wconf 86' lang='lat' dir='ltr'>adolescentiaadductus,</span> <span class='ocrx_word' id='word_1_58' title='bbox 1719 645 1783 688; x_wconf 85' lang='lat' dir='ltr'>cum</span> 
     </span>
     <span class='ocr_line' id='line_1_6' title="bbox 115 717 1783 807; baseline -0.005 -18"><span class='ocrx_word' id='word_1_59' title='bbox 115 736 210 799; x_wconf 88' lang='lat' dir='ltr'>eraut,</span> <span class='ocrx_word' id='word_1_60' title='bbox 229 736 260 789; x_wconf 91' lang='lat' dir='ltr'>et</span> <span class='ocrx_word' id='word_1_61' title='bbox 279 720 422 807; x_wconf 88' lang='lat' dir='ltr'>quidquid</span> <span class='ocrx_word' id='word_1_62' title='bbox 442 742 538 803; x_wconf 89' lang='lat' dir='ltr'>usque</span> <span class='ocrx_word' id='word_1_63' title='bbox 557 718 598 783; x_wconf 87' lang='lat' dir='ltr'>ad</span> <span class='ocrx_word' id='word_1_64' title='bbox 617 718 692 781; x_wconf 90' lang='lat' dir='ltr'>lines</span> <span class='ocrx_word' id='word_1_65' title='bbox 702 717 844 779; x_wconf 80' lang='lat' dir='ltr'>Prussiae</span> <span class='ocrx_word' id='word_1_66' title='bbox 855 736 919 797; x_wconf 89' lang='lat' dir='ltr'>per·</span> <span class='ocrx_word' id='word_1_67' title='bbox 979 739 1033 800; x_wconf 88' lang='lat' dir='ltr'>per</span> <span class='ocrx_word' id='word_1_68' title='bbox 1051 728 1180 781; x_wconf 85' lang='lat' dir='ltr'>aetatem</span> <span class='ocrx_word' id='word_1_69' title='bbox 1200 723 1267 802; x_wconf 87' lang='lat' dir='ltr'>ipse</span> <span class='ocrx_word' id='word_1_70' title='bbox 1287 721 1378 781; x_wconf 85' lang='lat' dir='ltr'>rebus</span> <span class='ocrx_word' id='word_1_71' title='bbox 1397 721 1463 781; x_wconf 82' lang='lat' dir='ltr'>suis</span> <span class='ocrx_word' id='word_1_72' title='bbox 1474 718 1630 781; x_wconf 90' lang='lat' dir='ltr'>consulere</span> <span class='ocrx_word' id='word_1_73' title='bbox 1641 738 1702 779; x_wconf 93' lang='lat' dir='ltr'>non</span> <span class='ocrx_word' id='word_1_74' title='bbox 1717 738 1783 799; x_wconf 88' lang='lat' dir='ltr'>pos·</span> 
     </span>
     <span class='ocr_line' id='line_1_7' title="bbox 115 810 1783 895; baseline -0.007 -10"><span class='ocrx_word' id='word_1_75' title='bbox 115 826 231 895; x_wconf 88' lang='lat' dir='ltr'>tineret,</span> <span class='ocrx_word' id='word_1_76' title='bbox 251 820 318 883; x_wconf 82' lang='lat' dir='ltr'>Rex</span> <span class='ocrx_word' id='word_1_77' title='bbox 336 812 542 881; x_wconf 81' lang='lat' dir='ltr'>sibieederet:</span> <span class='ocrx_word' id='word_1_78' title='bbox 562 810 823 879; x_wconf 83' lang='lat' dir='ltr'>Lirouenrnullum</span> <span class='ocrx_word' id='word_1_79' title='bbox 837 829 920 891; x_wconf 88' lang='lat' dir='ltr'>prae·</span> <span class='ocrx_word' id='word_1_80' title='bbox 947 860 950 868; x_wconf 91' lang='lat'>.</span> <span class='ocrx_word' id='word_1_81' title='bbox 977 821 1036 889; x_wconf 86' lang='lat' dir='ltr'>set,</span> <span class='ocrx_word' id='word_1_82' title='bbox 1055 810 1095 875; x_wconf 91' lang='lat' dir='ltr'>ad</span> <span class='ocrx_word' id='word_1_83' title='bbox 1113 812 1252 876; x_wconf 87' lang='lat' dir='ltr'>llloscum</span> <span class='ocrx_word' id='word_1_84' title='bbox 1273 817 1442 875; x_wconf 75' lang='lat' dir='ltr'>transierat.</span> <span class='ocrx_word' id='word_1_85' title='bbox 1483 812 1534 875; x_wconf 84' lang='lat' dir='ltr'>Ab</span> <span class='ocrx_word' id='word_1_86' title='bbox 1559 834 1595 875; x_wconf 93' lang='lat' dir='ltr'>co</span> <span class='ocrx_word' id='word_1_87' title='bbox 1615 810 1716 873; x_wconf 80' lang='lat' dir='ltr'>fratris</span> <span class='ocrx_word' id='word_1_88' title='bbox 1735 832 1783 893; x_wconf 89' lang='lat' dir='ltr'>pa·</span> 
     </span>
     <span class='ocr_line' id='line_1_8' title="bbox 114 904 1783 991; baseline -0.008 -12"><span class='ocrx_word' id='word_1_89' title='bbox 114 914 223 979; x_wconf 88' lang='lat' dir='ltr'>sidium</span> <span class='ocrx_word' id='word_1_90' title='bbox 242 934 329 977; x_wconf 91' lang='lat' dir='ltr'>suum</span> <span class='ocrx_word' id='word_1_91' title='bbox 349 910 563 991; x_wconf 86' lang='lat' dir='ltr'>implorantem,</span> <span class='ocrx_word' id='word_1_92' title='bbox 582 906 672 967; x_wconf 89' lang='lat' dir='ltr'>multo</span> <span class='ocrx_word' id='word_1_93' title='bbox 698 906 795 965; x_wconf 90' lang='lat' dir='ltr'>miuus</span> <span class='ocrx_word' id='word_1_94' title='bbox 820 904 920 963; x_wconf 82' lang='lat' dir='ltr'>cirita·</span> <span class='ocrx_word' id='word_1_95' title='bbox 979 908 1083 969; x_wconf 89' lang='lat' dir='ltr'>truelis</span> <span class='ocrx_word' id='word_1_96' title='bbox 1103 904 1163 969; x_wconf 89' lang='lat' dir='ltr'>lilia</span> <span class='ocrx_word' id='word_1_97' title='bbox 1183 910 1212 967; x_wconf 93' lang='lat' dir='ltr'>iu</span> <span class='ocrx_word' id='word_1_98' title='bbox 1234 910 1449 969; x_wconf 74' lang='lat' dir='ltr'>matrimonium</span> <span class='ocrx_word' id='word_1_99' title='bbox 1469 910 1497 967; x_wconf 92' lang='lat' dir='ltr'>ei</span> <span class='ocrx_word' id='word_1_100' title='bbox 1517 904 1642 983; x_wconf 87' lang='lat' dir='ltr'>tradita,</span> <span class='ocrx_word' id='word_1_101' title='bbox 1668 925 1783 988; x_wconf 78' lang='lat' dir='ltr'>speque</span> 
     </span>
     <span class='ocr_line' id='line_1_9' title="bbox 114 996 1782 1087; baseline -0.006 -16"><span class='ocrx_word' id='word_1_102' title='bbox 114 1018 174 1071; x_wconf 88' lang='lat' dir='ltr'>tem</span> <span class='ocrx_word' id='word_1_103' title='bbox 194 1008 283 1069; x_wconf 88' lang='lat' dir='ltr'>ullam</span> <span class='ocrx_word' id='word_1_104' title='bbox 303 1008 460 1087; x_wconf 87' lang='lat' dir='ltr'>reciperet,</span> <span class='ocrx_word' id='word_1_105' title='bbox 480 1002 576 1063; x_wconf 84' lang='lat' dir='ltr'>ullave</span> <span class='ocrx_word' id='word_1_106' title='bbox 595 1020 653 1081; x_wconf 80' lang='lat' dir='ltr'>oqre</span> <span class='ocrx_word' id='word_1_107' title='bbox 671 996 781 1059; x_wconf 79' lang='lat' dir='ltr'>auxilio</span> <span class='ocrx_word' id='word_1_108' title='bbox 799 1016 856 1057; x_wconf 90' lang='lat' dir='ltr'>suo</span> <span class='ocrx_word' id='word_1_109' title='bbox 872 997 919 1077; x_wconf 90' lang='lat' dir='ltr'>ju·</span> <span class='ocrx_word' id='word_1_110' title='bbox 978 1002 1091 1081; x_wconf 85' lang='lat' dir='ltr'>injecta</span> <span class='ocrx_word' id='word_1_111' title='bbox 1110 999 1189 1075; x_wconf 84' lang='lat' dir='ltr'>lore,</span> <span class='ocrx_word' id='word_1_112' title='bbox 1215 1008 1248 1063; x_wconf 90' lang='lat' dir='ltr'>ut</span> <span class='ocrx_word' id='word_1_113' title='bbox 1272 1020 1330 1061; x_wconf 92' lang='lat' dir='ltr'>suo</span> <span class='ocrx_word' id='word_1_114' title='bbox 1354 998 1500 1063; x_wconf 86' lang='lat' dir='ltr'>beneficio</span> <span class='ocrx_word' id='word_1_115' title='bbox 1525 1002 1616 1061; x_wconf 87' lang='lat' dir='ltr'>totius</span> <span class='ocrx_word' id='word_1_116' title='bbox 1638 1000 1782 1065; x_wconf 83' lang='lat' dir='ltr'>Llrouiae</span> 
     </span>
     <span class='ocr_line' id='line_1_10' title="bbox 114 1086 1781 1177; baseline -0.005 -14"><span class='ocrx_word' id='word_1_117' title='bbox 114 1110 208 1165; x_wconf 83' lang='lat' dir='ltr'>reret.</span> <span class='ocrx_word' id='word_1_118' title='bbox 248 1099 351 1163; x_wconf 85' lang='lat' dir='ltr'>llasca</span> <span class='ocrx_word' id='word_1_119' title='bbox 376 1114 444 1157; x_wconf 89' lang='lat' dir='ltr'>cum</span> <span class='ocrx_word' id='word_1_120' title='bbox 470 1116 506 1157; x_wconf 84' lang='lat' dir='ltr'>er</span> <span class='ocrx_word' id='word_1_121' title='bbox 531 1112 612 1155; x_wconf 87' lang='lat' dir='ltr'>more</span> <span class='ocrx_word' id='word_1_122' title='bbox 633 1086 830 1171; x_wconf 88' lang='lat' dir='ltr'>jurejurando</span> <span class='ocrx_word' id='word_1_123' title='bbox 858 1088 919 1171; x_wconf 85' lang='lat' dir='ltr'>pls·</span> <span class='ocrx_word' id='word_1_124' title='bbox 977 1092 1087 1175; x_wconf 85' lang='lat' dir='ltr'>Regno</span> <span class='ocrx_word' id='word_1_125' title='bbox 1106 1096 1260 1177; x_wconf 88' lang='lat' dir='ltr'>potiretur,</span> <span class='ocrx_word' id='word_1_126' title='bbox 1279 1091 1319 1155; x_wconf 87' lang='lat' dir='ltr'>ad</span> <span class='ocrx_word' id='word_1_127' title='bbox 1337 1094 1489 1157; x_wconf 87' lang='lat' dir='ltr'>Revolism</span> <span class='ocrx_word' id='word_1_128' title='bbox 1509 1090 1707 1155; x_wconf 77' lang='lat' dir='ltr'>obsidendam</span> <span class='ocrx_word' id='word_1_129' title='bbox 1726 1114 1781 1155; x_wconf 87' lang='lat' dir='ltr'>ma·</span> 
     </span>
     <span class='ocr_line' id='line_1_11' title="bbox 114 1182 1780 1269; baseline -0.005 -11"><span class='ocrx_word' id='word_1_130' title='bbox 114 1198 175 1257; x_wconf 87' lang='lat' dir='ltr'>cita</span> <span class='ocrx_word' id='word_1_131' title='bbox 194 1192 368 1255; x_wconf 87' lang='lat' dir='ltr'>coniirmare</span> <span class='ocrx_word' id='word_1_132' title='bbox 387 1186 521 1257; x_wconf 73' lang='lat' dir='ltr'>deberet,</span> <span class='ocrx_word' id='word_1_133' title='bbox 539 1186 648 1247; x_wconf 67' lang='lat' dir='ltr'>milit</span> <span class='ocrx_word' id='word_1_134' title='bbox 667 1186 716 1255; x_wconf 70' lang='lat' dir='ltr'>liti,</span> <span class='ocrx_word' id='word_1_135' title='bbox 735 1186 765 1243; x_wconf 90' lang='lat' dir='ltr'>iu</span> <span class='ocrx_word' id='word_1_136' title='bbox 774 1202 850 1263; x_wconf 90' lang='lat' dir='ltr'>quas</span> <span class='ocrx_word' id='word_1_137' title='bbox 862 1182 917 1243; x_wconf 78' lang='lat' dir='ltr'>Le·</span> <span class='ocrx_word' id='word_1_138' title='bbox 977 1208 1037 1268; x_wconf 85' lang='lat' dir='ltr'>guo</span> <span class='ocrx_word' id='word_1_139' title='bbox 1058 1208 1125 1249; x_wconf 87' lang='lat' dir='ltr'>cum</span> <span class='ocrx_word' id='word_1_140' title='bbox 1150 1188 1280 1251; x_wconf 86' lang='lat' dir='ltr'>exercitu</span> <span class='ocrx_word' id='word_1_141' title='bbox 1306 1191 1417 1249; x_wconf 86' lang='lat' dir='ltr'>missus</span> <span class='ocrx_word' id='word_1_142' title='bbox 1436 1187 1590 1261; x_wconf 77' lang='lat' dir='ltr'>inerat3a</span> <span class='ocrx_word' id='word_1_143' title='bbox 1620 1208 1680 1269; x_wconf 89' lang='lat' dir='ltr'>qua</span> <span class='ocrx_word' id='word_1_144' title='bbox 1712 1186 1780 1249; x_wconf 85' lang='lat' dir='ltr'>iule-</span> 
     </span>
     <span class='ocr_line' id='line_1_12' title="bbox 114 1264 1781 1369; baseline -0.012 -19"><span class='ocrx_word' id='word_1_145' title='bbox 114 1292 177 1369; x_wconf 83' lang='lat' dir='ltr'>gati</span> <span class='ocrx_word' id='word_1_146' title='bbox 197 1296 268 1350; x_wconf 86' lang='lat' dir='ltr'>arrtc</span> <span class='ocrx_word' id='word_1_147' title='bbox 284 1288 473 1366; x_wconf 84' lang='lat' dir='ltr'>juraveruut,</span> <span class='ocrx_word' id='word_1_148' title='bbox 498 1278 581 1341; x_wconf 90' lang='lat' dir='ltr'>solas</span> <span class='ocrx_word' id='word_1_149' title='bbox 600 1276 728 1359; x_wconf 78' lang='lat' dir='ltr'>profert,</span> <span class='ocrx_word' id='word_1_150' title='bbox 750 1277 917 1357; x_wconf 86' lang='lat' dir='ltr'>jurejurau·</span> <span class='ocrx_word' id='word_1_151' title='bbox 946 1264 950 1281; x_wconf 71' lang='lat'><strong>¹</strong></span> <span class='ocrx_word' id='word_1_152' title='bbox 978 1290 1027 1343; x_wconf 72' lang='lat' dir='ltr'>ota</span> <span class='ocrx_word' id='word_1_153' title='bbox 1050 1302 1085 1342; x_wconf 69' lang='lat' dir='ltr'>re</span> <span class='ocrx_word' id='word_1_154' title='bbox 1105 1278 1263 1343; x_wconf 61' lang='lat' dir='ltr'>discedere</span> <span class='ocrx_word' id='word_1_155' title='bbox 1289 1290 1431 1352; x_wconf 67' lang='lat' dir='ltr'>coactus,</span> <span class='ocrx_word' id='word_1_156' title='bbox 1456 1288 1588 1362; x_wconf 62' lang='lat' dir='ltr'>tenpore</span> <span class='ocrx_word' id='word_1_157' title='bbox 1613 1278 1781 1343; x_wconf 58' lang='lat' dir='ltr'>obsidionh</span> 
     </span>
     <span class='ocr_line' id='line_1_13' title="bbox 115 1368 1781 1461; baseline 0.002 -28"><span class='ocrx_word' id='word_1_158' title='bbox 115 1380 214 1461; x_wconf 72' lang='lat' dir='ltr'>doque</span> <span class='ocrx_word' id='word_1_159' title='bbox 238 1380 269 1439; x_wconf 81' lang='lat' dir='ltr'>in</span> <span class='ocrx_word' id='word_1_160' title='bbox 295 1397 349 1439; x_wconf 74' lang='lat' dir='ltr'>eos</span> <span class='ocrx_word' id='word_1_161' title='bbox 378 1395 415 1436; x_wconf 87' lang='lat' dir='ltr'>se</span> <span class='ocrx_word' id='word_1_162' title='bbox 443 1373 618 1451; x_wconf 73' lang='lat' dir='ltr'>obstringit:</span> <span class='ocrx_word' id='word_1_163' title='bbox 656 1378 746 1450; x_wconf 90' lang='lat' dir='ltr'>atque</span> <span class='ocrx_word' id='word_1_164' title='bbox 771 1372 812 1429; x_wconf 79' lang='lat' dir='ltr'>ita</span> <span class='ocrx_word' id='word_1_165' title='bbox 836 1368 917 1429; x_wconf 76' lang='lat' dir='ltr'>utillo</span> <span class='ocrx_word' id='word_1_166' title='bbox 976 1372 1170 1437; x_wconf 87' lang='lat' dir='ltr'>Gedaueusis</span> <span class='ocrx_word' id='word_1_167' title='bbox 1189 1374 1294 1437; x_wconf 88' lang='lat' dir='ltr'>iisdem</span> <span class='ocrx_word' id='word_1_168' title='bbox 1314 1396 1379 1435; x_wconf 86' lang='lat' dir='ltr'>cum</span> <span class='ocrx_word' id='word_1_169' title='bbox 1401 1376 1599 1459; x_wconf 82' lang='lat' dir='ltr'>promissisiu</span> <span class='ocrx_word' id='word_1_170' title='bbox 1615 1374 1781 1449; x_wconf 80' lang='lat' dir='ltr'>Lisorriam,</span> 
     </span>
     <span class='ocr_line' id='line_1_14' title="bbox 114 1460 1781 1555; baseline -0.004 -20"><span class='ocrx_word' id='word_1_171' title='bbox 114 1474 241 1555; x_wconf 86' lang='lat' dir='ltr'>amplius</span> <span class='ocrx_word' id='word_1_172' title='bbox 273 1468 313 1531; x_wconf 90' lang='lat' dir='ltr'>de</span> <span class='ocrx_word' id='word_1_173' title='bbox 337 1468 385 1530; x_wconf 85' lang='lat' dir='ltr'>bis</span> <span class='ocrx_word' id='word_1_174' title='bbox 404 1462 552 1529; x_wconf 86' lang='lat' dir='ltr'>tractandi</span> <span class='ocrx_word' id='word_1_175' title='bbox 574 1464 641 1525; x_wconf 89' lang='lat' dir='ltr'>loeo</span> <span class='ocrx_word' id='word_1_176' title='bbox 660 1462 776 1533; x_wconf 91' lang='lat' dir='ltr'>rclicto,</span> <span class='ocrx_word' id='word_1_177' title='bbox 796 1482 832 1523; x_wconf 88' lang='lat' dir='ltr'>ex</span> <span class='ocrx_word' id='word_1_178' title='bbox 851 1460 916 1523; x_wconf 90' lang='lat' dir='ltr'>lllo·</span> <span class='ocrx_word' id='word_1_179' title='bbox 975 1465 1222 1549; x_wconf 80' lang='lat' dir='ltr'>quemadmodum</span> <span class='ocrx_word' id='word_1_180' title='bbox 1241 1490 1332 1549; x_wconf 89' lang='lat' dir='ltr'>supra</span> <span class='ocrx_word' id='word_1_181' title='bbox 1348 1466 1459 1531; x_wconf 90' lang='lat' dir='ltr'>dictum</span> <span class='ocrx_word' id='word_1_182' title='bbox 1478 1478 1536 1543; x_wconf 88' lang='lat' dir='ltr'>est,</span> <span class='ocrx_word' id='word_1_183' title='bbox 1554 1470 1701 1529; x_wconf 84' lang='lat' dir='ltr'>remissus</span> <span class='ocrx_word' id='word_1_184' title='bbox 1713 1466 1781 1541; x_wconf 72' lang='lat' dir='ltr'>totu</span> 
     </span>
     <span class='ocr_line' id='line_1_15' title="bbox 113 1552 1780 1695; baseline -0.01 -67"><span class='ocrx_word' id='word_1_185' title='bbox 113 1568 218 1628; x_wconf 83' lang='lat' dir='ltr'>scouio</span> <span class='ocrx_word' id='word_1_186' title='bbox 236 1562 320 1625; x_wconf 87' lang='lat' dir='ltr'>abire</span> <span class='ocrx_word' id='word_1_187' title='bbox 343 1562 476 1639; x_wconf 78' lang='lat' dir='ltr'>Legatos</span> <span class='ocrx_word' id='word_1_188' title='bbox 501 1556 604 1639; x_wconf 85' lang='lat' dir='ltr'>jubet;</span> <span class='ocrx_word' id='word_1_189' title='bbox 638 1558 783 1635; x_wconf 82' lang='lat' dir='ltr'>novisque</span> <span class='ocrx_word' id='word_1_190' title='bbox 811 1552 916 1617; x_wconf 74' lang='lat' dir='ltr'>coelem</span> <span class='ocrx_word' id='word_1_191' title='bbox 944 1560 949 1695; x_wconf 75' lang='grc'>1</span> <span class='ocrx_word' id='word_1_192' title='bbox 975 1560 1026 1621; x_wconf 75' lang='lat' dir='ltr'>ulii</span> <span class='ocrx_word' id='word_1_193' title='bbox 1046 1564 1166 1623; x_wconf 75' lang='lat' dir='ltr'>territum</span> <span class='ocrx_word' id='word_1_194' title='bbox 1186 1559 1361 1625; x_wconf 77' lang='lat' dir='ltr'>crudelitate</span> <span class='ocrx_word' id='word_1_195' title='bbox 1380 1562 1498 1639; x_wconf 83' lang='lat' dir='ltr'>lllosei,</span> <span class='ocrx_word' id='word_1_196' title='bbox 1517 1558 1658 1645; x_wconf 83' lang='lat' dir='ltr'>quodque</span> <span class='ocrx_word' id='word_1_197' title='bbox 1683 1558 1780 1623; x_wconf 69' lang='lat' dir='ltr'>ade..</span> 
     </span>
     <span class='ocr_line' id='line_1_16' title="bbox 112 1644 1780 1739; baseline -0.004 -17"><span class='ocrx_word' id='word_1_198' title='bbox 112 1672 246 1739; x_wconf 89' lang='lat' dir='ltr'>tempore</span> <span class='ocrx_word' id='word_1_199' title='bbox 273 1658 303 1717; x_wconf 89' lang='lat' dir='ltr'>in</span> <span class='ocrx_word' id='word_1_200' title='bbox 327 1644 482 1717; x_wconf 64' lang='lat' dir='ltr'>lamoniam</span> <span class='ocrx_word' id='word_1_201' title='bbox 514 1653 610 1733; x_wconf 87' lang='lat' dir='ltr'>copiis</span> <span class='ocrx_word' id='word_1_202' title='bbox 640 1652 742 1709; x_wconf 90' lang='lat' dir='ltr'>missis</span> <span class='ocrx_word' id='word_1_203' title='bbox 774 1650 917 1709; x_wconf 89' lang='lat' dir='ltr'>acerrime</span> <span class='ocrx_word' id='word_1_204' title='bbox 975 1656 1036 1735; x_wconf 88' lang='lat' dir='ltr'>ptis</span> <span class='ocrx_word' id='word_1_205' title='bbox 1056 1656 1095 1729; x_wconf 88' lang='lat' dir='ltr'>ei,</span> <span class='ocrx_word' id='word_1_206' title='bbox 1116 1674 1193 1735; x_wconf 86' lang='lat' dir='ltr'>quae</span> <span class='ocrx_word' id='word_1_207' title='bbox 1212 1654 1334 1717; x_wconf 87' lang='lat' dir='ltr'>tenebat</span> <span class='ocrx_word' id='word_1_208' title='bbox 1358 1657 1389 1715; x_wconf 94' lang='lat' dir='ltr'>iu</span> <span class='ocrx_word' id='word_1_209' title='bbox 1408 1654 1537 1717; x_wconf 80' lang='lat' dir='ltr'>Liuorria</span> <span class='ocrx_word' id='word_1_210' title='bbox 1561 1654 1714 1729; x_wconf 89' lang='lat' dir='ltr'>castellis,</span> <span class='ocrx_word' id='word_1_211' title='bbox 1740 1652 1780 1715; x_wconf 91' lang='lat' dir='ltr'>ad</span> 
     </span>
     <span class='ocr_line' id='line_1_17' title="bbox 112 1742 1779 1831; baseline -0.002 -16"><span class='ocrx_word' id='word_1_212' title='bbox 112 1748 437 1831; x_wconf 78' lang='lat' dir='ltr'>vendomoppugnatt</span> <span class='ocrx_word' id='word_1_213' title='bbox 463 1751 541 1826; x_wconf 76' lang='lat' dir='ltr'>qu&#39;ae</span> <span class='ocrx_word' id='word_1_214' title='bbox 563 1742 622 1805; x_wconf 71' lang='lat' dir='ltr'>tub</span> <span class='ocrx_word' id='word_1_215' title='bbox 648 1744 757 1804; x_wconf 75' lang='lat' dir='ltr'>exilum</span> <span class='ocrx_word' id='word_1_216' title='bbox 778 1742 916 1803; x_wconf 75' lang='lat' dir='ltr'>Comitio·</span> <span class='ocrx_word' id='word_1_217' title='bbox 975 1746 1051 1809; x_wconf 89' lang='lat' dir='ltr'>lines</span> <span class='ocrx_word' id='word_1_218' title='bbox 1070 1746 1213 1826; x_wconf 81' lang='lat' dir='ltr'>Scythiae</span> <span class='ocrx_word' id='word_1_219' title='bbox 1238 1746 1396 1829; x_wconf 87' lang='lat' dir='ltr'>deportare</span> <span class='ocrx_word' id='word_1_220' title='bbox 1416 1769 1483 1809; x_wconf 91' lang='lat' dir='ltr'>eum</span> <span class='ocrx_word' id='word_1_221' title='bbox 1510 1750 1540 1809; x_wconf 97' lang='lat' dir='ltr'>in</span> <span class='ocrx_word' id='word_1_222' title='bbox 1565 1748 1665 1809; x_wconf 84' lang='lat' dir='ltr'>arrimo</span> <span class='ocrx_word' id='word_1_223' title='bbox 1692 1746 1779 1811; x_wconf 86' lang='lat' dir='ltr'>bsbe·</span> 
     </span>
     <span class='ocr_line' id='line_1_18' title="bbox 110 1832 1781 1923; baseline -0.002 -14"><span class='ocrx_word' id='word_1_224' title='bbox 110 1868 173 1909; x_wconf 91' lang='lat' dir='ltr'>rum</span> <span class='ocrx_word' id='word_1_225' title='bbox 194 1836 297 1907; x_wconf 82' lang='lat' dir='ltr'>addita</span> <span class='ocrx_word' id='word_1_226' title='bbox 315 1842 442 1901; x_wconf 90' lang='lat' dir='ltr'>omnium</span> <span class='ocrx_word' id='word_1_227' title='bbox 462 1840 578 1900; x_wconf 85' lang='lat' dir='ltr'>arrimos</span> <span class='ocrx_word' id='word_1_228' title='bbox 602 1832 642 1897; x_wconf 91' lang='lat' dir='ltr'>ad</span> <span class='ocrx_word' id='word_1_229' title='bbox 667 1834 777 1897; x_wconf 87' lang='lat' dir='ltr'>bellum</span> <span class='ocrx_word' id='word_1_230' title='bbox 796 1833 917 1897; x_wconf 87' lang='lat' dir='ltr'>lllosco·</span> <span class='ocrx_word' id='word_1_231' title='bbox 974 1848 1029 1917; x_wconf 86' lang='lat' dir='ltr'>ret,</span> <span class='ocrx_word' id='word_1_232' title='bbox 1049 1862 1103 1923; x_wconf 90' lang='lat' dir='ltr'>pcr</span> <span class='ocrx_word' id='word_1_233' title='bbox 1121 1838 1261 1901; x_wconf 89' lang='lat' dir='ltr'>iudicium</span> <span class='ocrx_word' id='word_1_234' title='bbox 1281 1842 1418 1919; x_wconf 86' lang='lat' dir='ltr'>cognito,</span> <span class='ocrx_word' id='word_1_235' title='bbox 1439 1862 1506 1901; x_wconf 91' lang='lat' dir='ltr'>eum</span> <span class='ocrx_word' id='word_1_236' title='bbox 1537 1852 1649 1923; x_wconf 84' lang='lat' dir='ltr'>quanto</span> <span class='ocrx_word' id='word_1_237' title='bbox 1674 1845 1704 1905; x_wconf 93' lang='lat' dir='ltr'>in</span> <span class='ocrx_word' id='word_1_238' title='bbox 1730 1862 1781 1923; x_wconf 83' lang='lat' dir='ltr'>pe·</span> 
     </span>
     <span class='ocr_line' id='line_1_19' title="bbox 111 1926 1778 2019; baseline 0 -18"><span class='ocrx_word' id='word_1_239' title='bbox 111 1942 230 2001; x_wconf 82' lang='lat' dir='ltr'>viticum</span> <span class='ocrx_word' id='word_1_240' title='bbox 245 1940 309 2019; x_wconf 90' lang='lat' dir='ltr'>jam</span> <span class='ocrx_word' id='word_1_241' title='bbox 329 1952 509 2005; x_wconf 78' lang='lat' dir='ltr'>conversos,</span> <span class='ocrx_word' id='word_1_242' title='bbox 534 1933 577 1991; x_wconf 86' lang='lat' dir='ltr'>irs</span> <span class='ocrx_word' id='word_1_243' title='bbox 597 1948 634 1989; x_wconf 91' lang='lat' dir='ltr'>ac</span> <span class='ocrx_word' id='word_1_244' title='bbox 654 1926 859 2009; x_wconf 79' lang='lat' dir='ltr'>indignatione</span> <span class='ocrx_word' id='word_1_245' title='bbox 878 1948 915 1989; x_wconf 92' lang='lat' dir='ltr'>eo</span> <span class='ocrx_word' id='word_1_246' title='bbox 975 1934 1067 1995; x_wconf 89' lang='lat' dir='ltr'>riculo</span> <span class='ocrx_word' id='word_1_247' title='bbox 1086 1940 1272 2009; x_wconf 81' lang='lat' dir='ltr'>versaretur,</span> <span class='ocrx_word' id='word_1_248' title='bbox 1297 1936 1458 2012; x_wconf 86' lang='lat' dir='ltr'>cogitaret:</span> <span class='ocrx_word' id='word_1_249' title='bbox 1487 1934 1663 1997; x_wconf 88' lang='lat' dir='ltr'>transeundi</span> <span class='ocrx_word' id='word_1_250' title='bbox 1682 1936 1722 1998; x_wconf 95' lang='lat' dir='ltr'>ab</span> <span class='ocrx_word' id='word_1_251' title='bbox 1742 1958 1778 2001; x_wconf 86' lang='lat' dir='ltr'>ce</span> 
     </span>
     <span class='ocr_line' id='line_1_20' title="bbox 110 2020 1778 2111; baseline -0.002 -16"><span class='ocrx_word' id='word_1_252' title='bbox 110 2033 206 2111; x_wconf 83' lang='lat' dir='ltr'>magle</span> <span class='ocrx_word' id='word_1_253' title='bbox 234 2026 446 2092; x_wconf 83' lang='lat' dir='ltr'>accenderunt·</span> <span class='ocrx_word' id='word_1_254' title='bbox 492 2020 599 2087; x_wconf 67' lang='lat' dir='ltr'>Vende</span> <span class='ocrx_word' id='word_1_255' title='bbox 623 2030 723 2083; x_wconf 74' lang='lat' dir='ltr'>lamen</span> <span class='ocrx_word' id='word_1_256' title='bbox 753 2042 772 2083; x_wconf 74' lang='lat' dir='ltr'>a</span> <span class='ocrx_word' id='word_1_257' title='bbox 799 2020 916 2085; x_wconf 73' lang='lat' dir='ltr'>dicacis</span> <span class='ocrx_word' id='word_1_258' title='bbox 974 2026 1130 2089; x_wconf 92' lang='lat' dir='ltr'>consilium</span> <span class='ocrx_word' id='word_1_259' title='bbox 1151 2028 1246 2108; x_wconf 85' lang='lat' dir='ltr'>cepit:</span> <span class='ocrx_word' id='word_1_260' title='bbox 1275 2026 1511 2109; x_wconf 91' lang='lat' dir='ltr'>paulatimquee</span> <span class='ocrx_word' id='word_1_261' title='bbox 1533 2038 1685 2110; x_wconf 81' lang='lat' dir='ltr'>potestate</span> <span class='ocrx_word' id='word_1_262' title='bbox 1711 2032 1778 2111; x_wconf 87' lang='lat' dir='ltr'>ejus</span> 
     </span>
     <span class='ocr_line' id='line_1_21' title="bbox 110 2114 1776 2205; baseline -0.002 -17"><span class='ocrx_word' id='word_1_263' title='bbox 110 2124 222 2189; x_wconf 86' lang='lat' dir='ltr'>lruatrs</span> <span class='ocrx_word' id='word_1_264' title='bbox 241 2128 414 2205; x_wconf 74' lang='lat' dir='ltr'>oppugnata</span> <span class='ocrx_word' id='word_1_265' title='bbox 433 2118 497 2180; x_wconf 85' lang='lat' dir='ltr'>luit.</span> <span class='ocrx_word' id='word_1_266' title='bbox 535 2114 613 2179; x_wconf 86' lang='lat' dir='ltr'>Nam</span> <span class='ocrx_word' id='word_1_267' title='bbox 638 2136 704 2177; x_wconf 92' lang='lat' dir='ltr'>cum</span> <span class='ocrx_word' id='word_1_268' title='bbox 730 2136 784 2197; x_wconf 77' lang='lat' dir='ltr'>pm</span> <span class='ocrx_word' id='word_1_269' title='bbox 802 2116 915 2197; x_wconf 80' lang='lat' dir='ltr'>aliquot</span> <span class='ocrx_word' id='word_1_270' title='bbox 971 2142 1007 2183; x_wconf 90' lang='lat' dir='ltr'>sc</span> <span class='ocrx_word' id='word_1_271' title='bbox 1027 2116 1201 2181; x_wconf 89' lang='lat' dir='ltr'>subducens</span> <span class='ocrx_word' id='word_1_272' title='bbox 1220 2118 1433 2201; x_wconf 83' lang='lat' dir='ltr'>Lempsaliam,</span> <span class='ocrx_word' id='word_1_273' title='bbox 1453 2118 1523 2181; x_wconf 90' lang='lat' dir='ltr'>iude</span> <span class='ocrx_word' id='word_1_274' title='bbox 1535 2120 1776 2205; x_wconf 85' lang='lat' dir='ltr'>propiuslligam</span> 
     </span>
     <span class='ocr_line' id='line_1_22' title="bbox 110 2208 1775 2299; baseline -0.007 -20"><span class='ocrx_word' id='word_1_275' title='bbox 110 2218 178 2281; x_wconf 87' lang='lat' dir='ltr'>dies</span> <span class='ocrx_word' id='word_1_276' title='bbox 197 2218 353 2279; x_wconf 89' lang='lat' dir='ltr'>tormentis</span> <span class='ocrx_word' id='word_1_277' title='bbox 372 2212 563 2273; x_wconf 78' lang='lat' dir='ltr'>veliementer</span> <span class='ocrx_word' id='word_1_278' title='bbox 582 2229 682 2271; x_wconf 90' lang='lat' dir='ltr'>muros</span> <span class='ocrx_word' id='word_1_279' title='bbox 694 2208 913 2286; x_wconf 81' lang='lat' dir='ltr'>uerberassent,</span> <span class='ocrx_word' id='word_1_280' title='bbox 972 2234 1008 2277; x_wconf 78' lang='lat' dir='ltr'>se</span> <span class='ocrx_word' id='word_1_281' title='bbox 1029 2212 1105 2275; x_wconf 81' lang='lat' dir='ltr'>lines</span> <span class='ocrx_word' id='word_1_282' title='bbox 1126 2216 1226 2293; x_wconf 86' lang='lat' dir='ltr'>regios</span> <span class='ocrx_word' id='word_1_283' title='bbox 1245 2232 1281 2275; x_wconf 87' lang='lat' dir='ltr'>se</span> <span class='ocrx_word' id='word_1_284' title='bbox 1300 2216 1431 2296; x_wconf 76' lang='lat' dir='ltr'>recepitt</span> <span class='ocrx_word' id='word_1_285' title='bbox 1451 2212 1627 2297; x_wconf 84' lang='lat' dir='ltr'>Regemque</span> <span class='ocrx_word' id='word_1_286' title='bbox 1647 2236 1702 2299; x_wconf 67' lang='lat' dir='ltr'>per</span> <span class='ocrx_word' id='word_1_287' title='bbox 1715 2216 1775 2279; x_wconf 74' lang='lat' dir='ltr'>Du.</span> 
     </span>
     <span class='ocr_line' id='line_1_23' title="bbox 108 2299 1775 2393; baseline -0.001 -18"><span class='ocrx_word' id='word_1_288' title='bbox 108 2312 236 2393; x_wconf 80' lang='lat' dir='ltr'>aliquam</span> <span class='ocrx_word' id='word_1_289' title='bbox 255 2312 345 2371; x_wconf 90' lang='lat' dir='ltr'>etiam</span> <span class='ocrx_word' id='word_1_290' title='bbox 365 2314 479 2389; x_wconf 90' lang='lat' dir='ltr'>partem</span> <span class='ocrx_word' id='word_1_291' title='bbox 500 2306 575 2366; x_wconf 91' lang='lat' dir='ltr'>muri</span> <span class='ocrx_word' id='word_1_292' title='bbox 594 2299 773 2363; x_wconf 81' lang='lat' dir='ltr'>dimisseut:</span> <span class='ocrx_word' id='word_1_293' title='bbox 793 2301 871 2363; x_wconf 80' lang='lat' dir='ltr'>nen</span> <span class='ocrx_word' id='word_1_294' title='bbox 905 2340 915 2353; x_wconf 92' lang='lat'><strong>·</strong></span> <span class='ocrx_word' id='word_1_295' title='bbox 972 2328 1037 2369; x_wconf 83' lang='lat' dir='ltr'>cena</span> <span class='ocrx_word' id='word_1_296' title='bbox 1051 2306 1232 2370; x_wconf 85' lang='lat' dir='ltr'>Curlandiae</span> <span class='ocrx_word' id='word_1_297' title='bbox 1251 2306 1433 2389; x_wconf 84' lang='lat' dir='ltr'>crebrosque</span> <span class='ocrx_word' id='word_1_298' title='bbox 1453 2308 1657 2371; x_wconf 83' lang='lat' dir='ltr'>internuncios</span> <span class='ocrx_word' id='word_1_299' title='bbox 1677 2332 1714 2373; x_wconf 90' lang='lat' dir='ltr'>ac</span> <span class='ocrx_word' id='word_1_300' title='bbox 1732 2310 1775 2373; x_wconf 89' lang='lat' dir='ltr'>lit·</span> 
     </span>
     <span class='ocr_line' id='line_1_24' title="bbox 109 2394 1776 2482; baseline -0.002 -13"><span class='ocrx_word' id='word_1_301' title='bbox 109 2426 167 2469; x_wconf 93' lang='lat' dir='ltr'>nus</span> <span class='ocrx_word' id='word_1_302' title='bbox 186 2404 226 2465; x_wconf 92' lang='lat' dir='ltr'>ob</span> <span class='ocrx_word' id='word_1_303' title='bbox 245 2402 435 2481; x_wconf 84' lang='lat' dir='ltr'>exiguitatem</span> <span class='ocrx_word' id='word_1_304' title='bbox 457 2394 600 2479; x_wconf 89' lang='lat' dir='ltr'>praesidii</span> <span class='ocrx_word' id='word_1_305' title='bbox 620 2394 685 2457; x_wconf 89' lang='lat' dir='ltr'>urbi</span> <span class='ocrx_word' id='word_1_306' title='bbox 700 2404 845 2465; x_wconf 86' lang='lat' dir='ltr'>metuens,</span> <span class='ocrx_word' id='word_1_307' title='bbox 865 2416 912 2457; x_wconf 92' lang='lat' dir='ltr'>eo·</span> <span class='ocrx_word' id='word_1_308' title='bbox 972 2410 1065 2474; x_wconf 88' lang='lat' dir='ltr'>teras,</span> <span class='ocrx_word' id='word_1_309' title='bbox 1084 2409 1117 2463; x_wconf 89' lang='lat' dir='ltr'>ut</span> <span class='ocrx_word' id='word_1_310' title='bbox 1136 2400 1166 2461; x_wconf 93' lang='lat' dir='ltr'>iu</span> <span class='ocrx_word' id='word_1_311' title='bbox 1187 2398 1275 2463; x_wconf 85' lang='lat' dir='ltr'>tidem</span> <span class='ocrx_word' id='word_1_312' title='bbox 1294 2403 1497 2482; x_wconf 86' lang='lat' dir='ltr'>serecipcret,</span> <span class='ocrx_word' id='word_1_313' title='bbox 1508 2400 1692 2467; x_wconf 80' lang='lat' dir='ltr'>solicitabat.</span> <span class='ocrx_word' id='word_1_314' title='bbox 1711 2402 1776 2467; x_wconf 79' lang='lat' dir='ltr'>lira</span> 
     </span>
     <span class='ocr_line' id='line_1_25' title="bbox 109 2486 1776 2569; baseline 0 -8"><span class='ocrx_word' id='word_1_315' title='bbox 109 2500 245 2561; x_wconf 76' lang='lat' dir='ltr'>hortatus</span> <span class='ocrx_word' id='word_1_316' title='bbox 272 2512 363 2569; x_wconf 89' lang='lat' dir='ltr'>suos,</span> <span class='ocrx_word' id='word_1_317' title='bbox 398 2500 432 2555; x_wconf 92' lang='lat' dir='ltr'>ut</span> <span class='ocrx_word' id='word_1_318' title='bbox 458 2512 523 2553; x_wconf 89' lang='lat' dir='ltr'>eam</span> <span class='ocrx_word' id='word_1_319' title='bbox 548 2508 651 2551; x_wconf 89' lang='lat' dir='ltr'>secum</span> <span class='ocrx_word' id='word_1_320' title='bbox 679 2486 913 2567; x_wconf 72' lang='lat' dir='ltr'>ingrederentur,</span> <span class='ocrx_word' id='word_1_321' title='bbox 971 2498 1002 2557; x_wconf 93' lang='lat' dir='ltr'>iu</span> <span class='ocrx_word' id='word_1_322' title='bbox 1022 2512 1123 2557; x_wconf 87' lang='lat' dir='ltr'>esrum</span> <span class='ocrx_word' id='word_1_323' title='bbox 1144 2512 1242 2555; x_wconf 88' lang='lat' dir='ltr'>rerum</span> <span class='ocrx_word' id='word_1_324' title='bbox 1261 2492 1482 2569; x_wconf 87' lang='lat' dir='ltr'>incertitudine,</span> <span class='ocrx_word' id='word_1_325' title='bbox 1501 2514 1569 2557; x_wconf 90' lang='lat' dir='ltr'>cum</span> <span class='ocrx_word' id='word_1_326' title='bbox 1589 2502 1620 2556; x_wconf 88' lang='lat' dir='ltr'>et</span> <span class='ocrx_word' id='word_1_327' title='bbox 1640 2500 1722 2559; x_wconf 79' lang='lat' dir='ltr'>rama</span> <span class='ocrx_word' id='word_1_328' title='bbox 1738 2496 1776 2561; x_wconf 89' lang='lat' dir='ltr'>de</span> 
     </span>
     <span class='ocr_line' id='line_1_26' title="bbox 109 2581 1773 2669; baseline -0.002 -15"><span class='ocrx_word' id='word_1_329' title='bbox 109 2612 176 2654; x_wconf 91' lang='lat' dir='ltr'>eum</span> <span class='ocrx_word' id='word_1_330' title='bbox 195 2598 299 2653; x_wconf 88' lang='lat' dir='ltr'>tenere</span> <span class='ocrx_word' id='word_1_331' title='bbox 317 2606 378 2648; x_wconf 91' lang='lat' dir='ltr'>uon</span> <span class='ocrx_word' id='word_1_332' title='bbox 389 2588 549 2667; x_wconf 87' lang='lat' dir='ltr'>potuisset,</span> <span class='ocrx_word' id='word_1_333' title='bbox 567 2581 648 2665; x_wconf 89' lang='lat' dir='ltr'>qnod</span> <span class='ocrx_word' id='word_1_334' title='bbox 658 2582 699 2645; x_wconf 91' lang='lat' dir='ltr'>illi</span> <span class='ocrx_word' id='word_1_335' title='bbox 720 2585 912 2665; x_wconf 85' lang='lat' dir='ltr'>proptcriuo·</span> <span class='ocrx_word' id='word_1_336' title='bbox 972 2588 1112 2649; x_wconf 85' lang='lat' dir='ltr'>discessu</span> <span class='ocrx_word' id='word_1_337' title='bbox 1132 2589 1201 2667; x_wconf 89' lang='lat' dir='ltr'>ejus</span> <span class='ocrx_word' id='word_1_338' title='bbox 1216 2589 1421 2669; x_wconf 79' lang='lat' dir='ltr'>jactarentur,</span> <span class='ocrx_word' id='word_1_339' title='bbox 1449 2596 1484 2651; x_wconf 89' lang='lat' dir='ltr'>nt</span> <span class='ocrx_word' id='word_1_340' title='bbox 1502 2608 1616 2669; x_wconf 89' lang='lat' dir='ltr'>neque,</span> <span class='ocrx_word' id='word_1_341' title='bbox 1633 2610 1673 2652; x_wconf 90' lang='lat' dir='ltr'>an</span> <span class='ocrx_word' id='word_1_342' title='bbox 1692 2590 1773 2653; x_wconf 79' lang='lat' dir='ltr'>tratri</span> 
     </span>
     <span class='ocr_line' id='line_1_27' title="bbox 108 2674 1773 2767; baseline 0.001 -22"><span class='ocrx_word' id='word_1_343' title='bbox 108 2688 187 2767; x_wconf 89' lang='lat' dir='ltr'>piam</span> <span class='ocrx_word' id='word_1_344' title='bbox 206 2690 438 2753; x_wconf 83' lang='lat' dir='ltr'>commeatuum,</span> <span class='ocrx_word' id='word_1_345' title='bbox 463 2688 495 2739; x_wconf 88' lang='lat' dir='ltr'>et</span> <span class='ocrx_word' id='word_1_346' title='bbox 520 2697 580 2738; x_wconf 91' lang='lat' dir='ltr'>nou</span> <span class='ocrx_word' id='word_1_347' title='bbox 605 2674 742 2739; x_wconf 83' lang='lat' dir='ltr'>exsoluta</span> <span class='ocrx_word' id='word_1_348' title='bbox 761 2674 912 2757; x_wconf 84' lang='lat' dir='ltr'>stipendia</span> <span class='ocrx_word' id='word_1_349' title='bbox 971 2684 1040 2763; x_wconf 90' lang='lat' dir='ltr'>ejus</span> <span class='ocrx_word' id='word_1_350' title='bbox 1060 2682 1136 2761; x_wconf 84' lang='lat' dir='ltr'>Regi</span> <span class='ocrx_word' id='word_1_351' title='bbox 1157 2680 1290 2755; x_wconf 77' lang='lat' dir='ltr'>liauiac,</span> <span class='ocrx_word' id='word_1_352' title='bbox 1318 2682 1465 2743; x_wconf 81' lang='lat' dir='ltr'>ceterisve</span> <span class='ocrx_word' id='word_1_353' title='bbox 1484 2684 1661 2765; x_wconf 88' lang='lat' dir='ltr'>propinquis</span> <span class='ocrx_word' id='word_1_354' title='bbox 1679 2686 1773 2765; x_wconf 88' lang='lat' dir='ltr'>ipsius</span> 
     </span>
     <span class='ocr_line' id='line_1_28' title="bbox 107 2766 1773 2859; baseline 0 -19"><span class='ocrx_word' id='word_1_355' title='bbox 107 2780 204 2841; x_wconf 84' lang='lat' dir='ltr'>minus</span> <span class='ocrx_word' id='word_1_356' title='bbox 224 2778 352 2859; x_wconf 89' lang='lat' dir='ltr'>prompti</span> <span class='ocrx_word' id='word_1_357' title='bbox 371 2770 410 2835; x_wconf 90' lang='lat' dir='ltr'>ad</span> <span class='ocrx_word' id='word_1_358' title='bbox 430 2770 563 2853; x_wconf 89' lang='lat' dir='ltr'>pericula</span> <span class='ocrx_word' id='word_1_359' title='bbox 582 2766 776 2851; x_wconf 87' lang='lat' dir='ltr'>suscipienda</span> <span class='ocrx_word' id='word_1_360' title='bbox 788 2778 911 2833; x_wconf 76' lang='lat' dir='ltr'>essem:</span> <span class='ocrx_word' id='word_1_361' title='bbox 970 2774 1127 2837; x_wconf 86' lang='lat' dir='ltr'>eonsilium</span> <span class='ocrx_word' id='word_1_362' title='bbox 1146 2772 1177 2834; x_wconf 91' lang='lat' dir='ltr'>id</span> <span class='ocrx_word' id='word_1_363' title='bbox 1198 2775 1266 2855; x_wconf 90' lang='lat' dir='ltr'>ejus</span> <span class='ocrx_word' id='word_1_364' title='bbox 1285 2772 1471 2855; x_wconf 87' lang='lat' dir='ltr'>probaretur,</span> <span class='ocrx_word' id='word_1_365' title='bbox 1490 2784 1545 2837; x_wconf 89' lang='lat' dir='ltr'>aut</span> <span class='ocrx_word' id='word_1_366' title='bbox 1562 2774 1699 2841; x_wconf 83' lang='lat' dir='ltr'>iorturme</span> <span class='ocrx_word' id='word_1_367' title='bbox 1708 2780 1773 2859; x_wconf 80' lang='lat' dir='ltr'>ejus</span> 
     </span>
     <span class='ocr_line' id='line_1_29' title="bbox 106 2866 1772 2954; baseline 0.001 -23"><span class='ocrx_word' id='word_1_368' title='bbox 106 2878 139 2935; x_wconf 87' lang='lat' dir='ltr'>et</span> <span class='ocrx_word' id='word_1_369' title='bbox 161 2874 231 2953; x_wconf 89' lang='lat' dir='ltr'>quia</span> <span class='ocrx_word' id='word_1_370' title='bbox 249 2886 357 2947; x_wconf 89' lang='lat' dir='ltr'>magna</span> <span class='ocrx_word' id='word_1_371' title='bbox 375 2886 413 2929; x_wconf 86' lang='lat' dir='ltr'>ex</span> <span class='ocrx_word' id='word_1_372' title='bbox 431 2874 517 2946; x_wconf 88' lang='lat' dir='ltr'>porte</span> <span class='ocrx_word' id='word_1_373' title='bbox 542 2866 658 2944; x_wconf 86' lang='lat' dir='ltr'>equites</span> <span class='ocrx_word' id='word_1_374' title='bbox 684 2870 784 2937; x_wconf 86' lang='lat' dir='ltr'>erant,</span> <span class='ocrx_word' id='word_1_375' title='bbox 813 2866 911 2925; x_wconf 86' lang='lat' dir='ltr'>minus</span> <span class='ocrx_word' id='word_1_376' title='bbox 969 2888 1059 2931; x_wconf 88' lang='lat' dir='ltr'>curae</span> <span class='ocrx_word' id='word_1_377' title='bbox 1080 2870 1199 2929; x_wconf 85' lang='lat' dir='ltr'>omuino</span> <span class='ocrx_word' id='word_1_378' title='bbox 1219 2876 1333 2942; x_wconf 87' lang='lat' dir='ltr'>essent,</span> <span class='ocrx_word' id='word_1_379' title='bbox 1353 2876 1545 2949; x_wconf 85' lang='lat' dir='ltr'>perspectum</span> <span class='ocrx_word' id='word_1_380' title='bbox 1570 2867 1682 2935; x_wconf 86' lang='lat' dir='ltr'>babere</span> <span class='ocrx_word' id='word_1_381' title='bbox 1706 2892 1772 2954; x_wconf 86' lang='lat' dir='ltr'>pos·</span> 
     </span>
     <span class='ocr_line' id='line_1_30' title="bbox 106 2953 1773 3041; baseline 0.001 -16"><span class='ocrx_word' id='word_1_382' title='bbox 106 2968 196 3027; x_wconf 86' lang='lat' dir='ltr'>etiam</span> <span class='ocrx_word' id='word_1_383' title='bbox 215 2962 314 3021; x_wconf 80' lang='lat' dir='ltr'>uirtuti</span> <span class='ocrx_word' id='word_1_384' title='bbox 334 2978 409 3021; x_wconf 89' lang='lat' dir='ltr'>suae</span> <span class='ocrx_word' id='word_1_385' title='bbox 428 2957 525 3019; x_wconf 93' lang='lat' dir='ltr'>locum</span> <span class='ocrx_word' id='word_1_386' title='bbox 545 2960 575 3017; x_wconf 91' lang='lat' dir='ltr'>iu</span> <span class='ocrx_word' id='word_1_387' title='bbox 597 2953 748 3037; x_wconf 86' lang='lat' dir='ltr'>praesidio</span> <span class='ocrx_word' id='word_1_388' title='bbox 774 2954 837 3019; x_wconf 87' lang='lat' dir='ltr'>lore</span> <span class='ocrx_word' id='word_1_389' title='bbox 859 2976 909 3038; x_wconf 83' lang='lat' dir='ltr'>pu·</span> <span class='ocrx_word' id='word_1_390' title='bbox 968 2970 1033 3037; x_wconf 92' lang='lat' dir='ltr'>set,</span> <span class='ocrx_word' id='word_1_391' title='bbox 1062 2958 1101 3023; x_wconf 86' lang='lat' dir='ltr'>de</span> <span class='ocrx_word' id='word_1_392' title='bbox 1132 2958 1285 3022; x_wconf 88' lang='lat' dir='ltr'>deditione</span> <span class='ocrx_word' id='word_1_393' title='bbox 1312 2958 1385 3020; x_wconf 85' lang='lat' dir='ltr'>uilril</span> <span class='ocrx_word' id='word_1_394' title='bbox 1409 2958 1528 3041; x_wconf 91' lang='lat' dir='ltr'>quidem</span> <span class='ocrx_word' id='word_1_395' title='bbox 1554 2970 1617 3025; x_wconf 87' lang='lat' dir='ltr'>tuna</span> <span class='ocrx_word' id='word_1_396' title='bbox 1635 2982 1702 3025; x_wconf 85' lang='lat' dir='ltr'>eum</span> <span class='ocrx_word' id='word_1_397' title='bbox 1722 2966 1773 3026; x_wconf 92' lang='lat' dir='ltr'>illo</span> 
     </span>
     <span class='ocr_line' id='line_1_31' title="bbox 106 3049 1772 3135; baseline -0.006 -16"><span class='ocrx_word' id='word_1_398' title='bbox 106 3066 223 3120; x_wconf 69' lang='lat' dir='ltr'>lacrmis</span> <span class='ocrx_word' id='word_1_399' title='bbox 242 3050 363 3115; x_wconf 83' lang='lat' dir='ltr'>iatrdem</span> <span class='ocrx_word' id='word_1_400' title='bbox 382 3058 416 3111; x_wconf 82' lang='lat' dir='ltr'>ui</span> <span class='ocrx_word' id='word_1_401' title='bbox 435 3052 559 3131; x_wconf 83' lang='lat' dir='ltr'>propius</span> <span class='ocrx_word' id='word_1_402' title='bbox 578 3049 685 3111; x_wconf 81' lang='lat' dir='ltr'>sallem</span> <span class='ocrx_word' id='word_1_403' title='bbox 704 3069 805 3109; x_wconf 83' lang='lat' dir='ltr'>sucum</span> <span class='ocrx_word' id='word_1_404' title='bbox 825 3070 909 3111; x_wconf 80' lang='lat' dir='ltr'>accc·</span> <span class='ocrx_word' id='word_1_405' title='bbox 969 3056 1140 3117; x_wconf 65' lang='lat' dir='ltr'>constituite</span> <span class='ocrx_word' id='word_1_406' title='bbox 1181 3050 1241 3115; x_wconf 81' lang='lat' dir='ltr'>fido</span> <span class='ocrx_word' id='word_1_407' title='bbox 1264 3062 1364 3117; x_wconf 76' lang='lat' dir='ltr'>teneo</span> <span class='ocrx_word' id='word_1_408' title='bbox 1383 3052 1505 3135; x_wconf 75' lang='lat' dir='ltr'>publica</span> <span class='ocrx_word' id='word_1_409' title='bbox 1523 3058 1637 3117; x_wconf 75' lang='lat' dir='ltr'>vermi</span> <span class='ocrx_word' id='word_1_410' title='bbox 1656 3078 1722 3119; x_wconf 72' lang='lat' dir='ltr'>eum</span> <span class='ocrx_word' id='word_1_411' title='bbox 1742 3060 1772 3119; x_wconf 73' lang='lat' dir='ltr'>in</span> 
     </span>
     <span class='ocr_line' id='line_1_32' title="bbox 105 3140 1769 3231; baseline -0.007 -20"><span class='ocrx_word' id='word_1_412' title='bbox 105 3148 221 3223; x_wconf 79' lang='lat' dir='ltr'>tierent,</span> <span class='ocrx_word' id='word_1_413' title='bbox 240 3148 269 3207; x_wconf 79' lang='lat' dir='ltr'>si</span> <span class='ocrx_word' id='word_1_414' title='bbox 289 3142 366 3205; x_wconf 76' lang='lat' dir='ltr'>forle</span> <span class='ocrx_word' id='word_1_415' title='bbox 386 3142 528 3205; x_wconf 74' lang='lat' dir='ltr'>excubias</span> <span class='ocrx_word' id='word_1_416' title='bbox 548 3152 580 3205; x_wconf 82' lang='lat' dir='ltr'>ct</span> <span class='ocrx_word' id='word_1_417' title='bbox 598 3140 909 3203; x_wconf 78' lang='lat' dir='ltr'>mensioninntnr·</span> <span class='ocrx_word' id='word_1_418' title='bbox 968 3148 1094 3211; x_wconf 79' lang='lat' dir='ltr'>Livouis</span> <span class='ocrx_word' id='word_1_419' title='bbox 1114 3166 1150 3209; x_wconf 76' lang='lat' dir='ltr'>se</span> <span class='ocrx_word' id='word_1_420' title='bbox 1175 3166 1334 3227; x_wconf 83' lang='lat' dir='ltr'>passurum</span> <span class='ocrx_word' id='word_1_421' title='bbox 1361 3144 1503 3209; x_wconf 77' lang='lat' dir='ltr'>ostendit.</span> <span class='ocrx_word' id='word_1_422' title='bbox 1540 3148 1649 3211; x_wconf 64' lang='lat' dir='ltr'>Postea</span> <span class='ocrx_word' id='word_1_423' title='bbox 1671 3148 1769 3231; x_wconf 63' lang='lat' dir='ltr'>profe.</span> 
     </span>
     <span class='ocr_line' id='line_1_33' title="bbox 105 3232 1766 3323; baseline -0.004 -13"><span class='ocrx_word' id='word_1_424' title='bbox 105 3242 179 3305; x_wconf 67' lang='lat' dir='ltr'>bare</span> <span class='ocrx_word' id='word_1_425' title='bbox 199 3246 342 3323; x_wconf 88' lang='lat' dir='ltr'>possent,</span> <span class='ocrx_word' id='word_1_426' title='bbox 369 3233 540 3311; x_wconf 83' lang='lat' dir='ltr'>contendit,</span> <span class='ocrx_word' id='word_1_427' title='bbox 563 3232 644 3317; x_wconf 91' lang='lat' dir='ltr'>quad</span> <span class='ocrx_word' id='word_1_428' title='bbox 670 3254 737 3295; x_wconf 88' lang='lat' dir='ltr'>cum</span> <span class='ocrx_word' id='word_1_429' title='bbox 757 3236 909 3315; x_wconf 84' lang='lat' dir='ltr'>impetras·</span> <span class='ocrx_word' id='word_1_430' title='bbox 968 3248 1018 3303; x_wconf 88' lang='lat' dir='ltr'>cto</span> <span class='ocrx_word' id='word_1_431' title='bbox 1039 3240 1236 3305; x_wconf 83' lang='lat' dir='ltr'>inLironiam</span> <span class='ocrx_word' id='word_1_432' title='bbox 1255 3236 1383 3299; x_wconf 80' lang='lat' dir='ltr'>Nicolao</span> <span class='ocrx_word' id='word_1_433' title='bbox 1395 3236 1686 3303; x_wconf 82' lang='lat' dir='ltr'>Radiviliol&#39;alstiuo</span> <span class='ocrx_word' id='word_1_434' title='bbox 1703 3240 1766 3303; x_wconf 84' lang='lat' dir='ltr'>vit·</span> 
     </span>
     <span class='ocr_line' id='line_1_34' title="bbox 104 3323 1771 3417; baseline 0 -20"><span class='ocrx_word' id='word_1_435' title='bbox 104 3344 169 3409; x_wconf 90' lang='lat' dir='ltr'>aet,</span> <span class='ocrx_word' id='word_1_436' title='bbox 200 3342 290 3394; x_wconf 92' lang='lat' dir='ltr'>noetu</span> <span class='ocrx_word' id='word_1_437' title='bbox 308 3330 410 3392; x_wconf 85' lang='lat' dir='ltr'>silenti</span> <span class='ocrx_word' id='word_1_438' title='bbox 435 3330 554 3409; x_wconf 88' lang='lat' dir='ltr'>agmine</span> <span class='ocrx_word' id='word_1_439' title='bbox 578 3348 633 3389; x_wconf 90' lang='lat' dir='ltr'>eos</span> <span class='ocrx_word' id='word_1_440' title='bbox 657 3323 787 3403; x_wconf 86' lang='lat' dir='ltr'>ducens,</span> <span class='ocrx_word' id='word_1_441' title='bbox 819 3326 909 3409; x_wconf 82' lang='lat' dir='ltr'>paulo</span> <span class='ocrx_word' id='word_1_442' title='bbox 967 3336 1066 3409; x_wconf 78' lang='lat' dir='ltr'>nursi,</span> <span class='ocrx_word' id='word_1_443' title='bbox 1084 3329 1181 3396; x_wconf 89' lang='lat' dir='ltr'>eidem</span> <span class='ocrx_word' id='word_1_444' title='bbox 1200 3340 1235 3393; x_wconf 89' lang='lat' dir='ltr'>nt</span> <span class='ocrx_word' id='word_1_445' title='bbox 1253 3350 1321 3393; x_wconf 91' lang='lat' dir='ltr'>cnm</span> <span class='ocrx_word' id='word_1_446' title='bbox 1340 3330 1428 3397; x_wconf 87' lang='lat' dir='ltr'>Duce</span> <span class='ocrx_word' id='word_1_447' title='bbox 1447 3332 1571 3415; x_wconf 81' lang='lat' dir='ltr'>Magne,</span> <span class='ocrx_word' id='word_1_448' title='bbox 1588 3330 1670 3417; x_wconf 90' lang='lat' dir='ltr'>quod</span> <span class='ocrx_word' id='word_1_449' title='bbox 1691 3337 1771 3399; x_wconf 90' lang='lat' dir='ltr'>iure</span> 
     </span>
     <span class='ocr_line' id='line_1_35' title="bbox 103 3418 1769 3509; baseline 0.001 -20"><span class='ocrx_word' id='word_1_450' title='bbox 103 3436 173 3489; x_wconf 93' lang='lat' dir='ltr'>nate</span> <span class='ocrx_word' id='word_1_451' title='bbox 192 3424 287 3485; x_wconf 90' lang='lat' dir='ltr'>lucem</span> <span class='ocrx_word' id='word_1_452' title='bbox 307 3422 365 3485; x_wconf 90' lang='lat' dir='ltr'>sub</span> <span class='ocrx_word' id='word_1_453' title='bbox 385 3426 480 3505; x_wconf 89' lang='lat' dir='ltr'>portis</span> <span class='ocrx_word' id='word_1_454' title='bbox 500 3420 582 3481; x_wconf 89' lang='lat' dir='ltr'>urbis</span> <span class='ocrx_word' id='word_1_455' title='bbox 593 3420 690 3481; x_wconf 82' lang='lat' dir='ltr'>sistit:</span> <span class='ocrx_word' id='word_1_456' title='bbox 709 3418 910 3503; x_wconf 86' lang='lat' dir='ltr'>ostenditque,</span> <span class='ocrx_word' id='word_1_457' title='bbox 968 3426 1119 3507; x_wconf 88' lang='lat' dir='ltr'>praesenti</span> <span class='ocrx_word' id='word_1_458' title='bbox 1141 3446 1159 3487; x_wconf 91' lang='lat' dir='ltr'>c</span> <span class='ocrx_word' id='word_1_459' title='bbox 1183 3424 1351 3507; x_wconf 84' lang='lat' dir='ltr'>Republica</span> <span class='ocrx_word' id='word_1_460' title='bbox 1376 3446 1447 3489; x_wconf 86' lang='lat' dir='ltr'>esse</span> <span class='ocrx_word' id='word_1_461' title='bbox 1473 3430 1692 3509; x_wconf 79' lang='lat' dir='ltr'>perspexisset,</span> <span class='ocrx_word' id='word_1_462' title='bbox 1717 3428 1769 3491; x_wconf 89' lang='lat' dir='ltr'>ibi·</span> 
     </span>
     <span class='ocr_line' id='line_1_36' title="bbox 103 3510 1769 3603; baseline 0.001 -22"><span class='ocrx_word' id='word_1_463' title='bbox 103 3516 183 3603; x_wconf 88' lang='lat' dir='ltr'>quod</span> <span class='ocrx_word' id='word_1_464' title='bbox 202 3516 242 3581; x_wconf 83' lang='lat' dir='ltr'>ab</span> <span class='ocrx_word' id='word_1_465' title='bbox 262 3516 402 3579; x_wconf 82' lang='lat' dir='ltr'>hostibus</span> <span class='ocrx_word' id='word_1_466' title='bbox 414 3518 479 3597; x_wconf 83' lang='lat' dir='ltr'>jam</span> <span class='ocrx_word' id='word_1_467' title='bbox 498 3510 593 3575; x_wconf 82' lang='lat' dir='ltr'>uideri</span> <span class='ocrx_word' id='word_1_468' title='bbox 613 3514 777 3595; x_wconf 86' lang='lat' dir='ltr'>cepissent,</span> <span class='ocrx_word' id='word_1_469' title='bbox 796 3522 908 3579; x_wconf 81' lang='lat' dir='ltr'>atarda</span> <span class='ocrx_word' id='word_1_470' title='bbox 967 3516 1036 3581; x_wconf 89' lang='lat' dir='ltr'>dem</span> <span class='ocrx_word' id='word_1_471' title='bbox 1056 3521 1269 3595; x_wconf 88' lang='lat' dir='ltr'>constitueret,</span> <span class='ocrx_word' id='word_1_472' title='bbox 1288 3519 1432 3601; x_wconf 75' lang='lat' dir='ltr'>qnermisit</span> <span class='ocrx_word' id='word_1_473' title='bbox 1472 3520 1532 3583; x_wconf 91' lang='lat' dir='ltr'>llic</span> <span class='ocrx_word' id='word_1_474' title='bbox 1551 3540 1619 3583; x_wconf 87' lang='lat' dir='ltr'>cum</span> <span class='ocrx_word' id='word_1_475' title='bbox 1643 3522 1675 3582; x_wconf 92' lang='lat' dir='ltr'>iu</span> <span class='ocrx_word' id='word_1_476' title='bbox 1700 3522 1769 3583; x_wconf 76' lang='lat' dir='ltr'>Cen·</span> 
     </span>
     <span class='ocr_line' id='line_1_37' title="bbox 103 3606 1770 3695; baseline 0 -18"><span class='ocrx_word' id='word_1_477' title='bbox 103 3614 232 3677; x_wconf 89' lang='lat' dir='ltr'>bostium</span> <span class='ocrx_word' id='word_1_478' title='bbox 252 3606 440 3673; x_wconf 89' lang='lat' dir='ltr'>multitudine</span> <span class='ocrx_word' id='word_1_479' title='bbox 459 3606 548 3671; x_wconf 85' lang='lat' dir='ltr'>lacile</span> <span class='ocrx_word' id='word_1_480' title='bbox 567 3608 778 3669; x_wconf 78' lang='lat' dir='ltr'>circumvenire</span> <span class='ocrx_word' id='word_1_481' title='bbox 797 3628 907 3691; x_wconf 89' lang='lat' dir='ltr'>posse:</span> <span class='ocrx_word' id='word_1_482' title='bbox 966 3610 1096 3677; x_wconf 86' lang='lat' dir='ltr'>landiam</span> <span class='ocrx_word' id='word_1_483' title='bbox 1115 3615 1259 3687; x_wconf 76' lang='lat' dir='ltr'>tersisset,</span> <span class='ocrx_word' id='word_1_484' title='bbox 1279 3610 1320 3675; x_wconf 89' lang='lat' dir='ltr'>ad</span> <span class='ocrx_word' id='word_1_485' title='bbox 1338 3614 1606 3695; x_wconf 86' lang='lat' dir='ltr'>eumquellagnus</span> <span class='ocrx_word' id='word_1_486' title='bbox 1625 3618 1770 3677; x_wconf 81' lang='lat' dir='ltr'>accessis</span> 
     </span>
     <span class='ocr_line' id='line_1_38' title="bbox 101 3698 1771 3789; baseline 0 -20"><span class='ocrx_word' id='word_1_487' title='bbox 101 3710 204 3789; x_wconf 90' lang='lat' dir='ltr'>itaque</span> <span class='ocrx_word' id='word_1_488' title='bbox 223 3708 335 3787; x_wconf 91' lang='lat' dir='ltr'>potius,</span> <span class='ocrx_word' id='word_1_489' title='bbox 353 3712 387 3765; x_wconf 88' lang='lat' dir='ltr'>ut</span> <span class='ocrx_word' id='word_1_490' title='bbox 406 3706 487 3765; x_wconf 78' lang='lat' dir='ltr'>siros</span> <span class='ocrx_word' id='word_1_491' title='bbox 506 3698 600 3763; x_wconf 85' lang='lat' dir='ltr'>iertes</span> <span class='ocrx_word' id='word_1_492' title='bbox 625 3720 663 3763; x_wconf 87' lang='lat' dir='ltr'>ac</span> <span class='ocrx_word' id='word_1_493' title='bbox 689 3700 832 3763; x_wconf 89' lang='lat' dir='ltr'>militares</span> <span class='ocrx_word' id='word_1_494' title='bbox 857 3698 907 3766; x_wconf 90' lang='lat' dir='ltr'>de·</span> <span class='ocrx_word' id='word_1_495' title='bbox 966 3714 1024 3783; x_wconf 87' lang='lat' dir='ltr'>set,</span> <span class='ocrx_word' id='word_1_496' title='bbox 1044 3708 1076 3769; x_wconf 92' lang='lat' dir='ltr'>iu</span> <span class='ocrx_word' id='word_1_497' title='bbox 1095 3704 1184 3769; x_wconf 87' lang='lat' dir='ltr'>fidem</span> <span class='ocrx_word' id='word_1_498' title='bbox 1203 3706 1283 3769; x_wconf 89' lang='lat' dir='ltr'>illum</span> <span class='ocrx_word' id='word_1_499' title='bbox 1296 3726 1363 3769; x_wconf 89' lang='lat' dir='ltr'>cum</span> <span class='ocrx_word' id='word_1_500' title='bbox 1374 3706 1513 3769; x_wconf 79' lang='lat' dir='ltr'>omuibus</span> <span class='ocrx_word' id='word_1_501' title='bbox 1528 3704 1694 3770; x_wconf 90' lang='lat' dir='ltr'>ditionibus</span> <span class='ocrx_word' id='word_1_502' title='bbox 1703 3710 1771 3789; x_wconf 86' lang='lat' dir='ltr'>ejus</span> 
     </span>
     <span class='ocr_line' id='line_1_39' title="bbox 101 3792 1770 3883; baseline 0.002 -21"><span class='ocrx_word' id='word_1_503' title='bbox 101 3807 193 3873; x_wconf 86' lang='lat' dir='ltr'>ceret,</span> <span class='ocrx_word' id='word_1_504' title='bbox 211 3796 314 3859; x_wconf 87' lang='lat' dir='ltr'>urbem</span> <span class='ocrx_word' id='word_1_505' title='bbox 338 3792 572 3877; x_wconf 66' lang='lat' dir='ltr'>ingrederentur,</span> <span class='ocrx_word' id='word_1_506' title='bbox 590 3796 757 3875; x_wconf 83' lang='lat' dir='ltr'>virtuteque</span> <span class='ocrx_word' id='word_1_507' title='bbox 785 3814 842 3857; x_wconf 88' lang='lat' dir='ltr'>sua</span> <span class='ocrx_word' id='word_1_508' title='bbox 861 3814 907 3857; x_wconf 88' lang='lat' dir='ltr'>ur·</span> <span class='ocrx_word' id='word_1_509' title='bbox 966 3803 1050 3881; x_wconf 88' lang='lat' dir='ltr'>regio</span> <span class='ocrx_word' id='word_1_510' title='bbox 1071 3804 1190 3863; x_wconf 89' lang='lat' dir='ltr'>nomine</span> <span class='ocrx_word' id='word_1_511' title='bbox 1209 3803 1334 3883; x_wconf 85' lang='lat' dir='ltr'>recepit,</span> <span class='ocrx_word' id='word_1_512' title='bbox 1354 3804 1444 3882; x_wconf 87' lang='lat' dir='ltr'>inque</span> <span class='ocrx_word' id='word_1_513' title='bbox 1456 3800 1549 3865; x_wconf 87' lang='lat' dir='ltr'>rerba</span> <span class='ocrx_word' id='word_1_514' title='bbox 1559 3800 1656 3883; x_wconf 86' lang='lat' dir='ltr'>Regis</span> <span class='ocrx_word' id='word_1_515' title='bbox 1673 3822 1770 3865; x_wconf 90' lang='lat' dir='ltr'>sacra·</span> 
     </span>
     <span class='ocr_line' id='line_1_40' title="bbox 102 3885 1769 3973; baseline 0.001 -18"><span class='ocrx_word' id='word_1_516' title='bbox 102 3892 169 3957; x_wconf 89' lang='lat' dir='ltr'>bem</span> <span class='ocrx_word' id='word_1_517' title='bbox 190 3900 295 3953; x_wconf 90' lang='lat' dir='ltr'>contra</span> <span class='ocrx_word' id='word_1_518' title='bbox 314 3890 442 3965; x_wconf 88' lang='lat' dir='ltr'>bostem,</span> <span class='ocrx_word' id='word_1_519' title='bbox 461 3898 494 3951; x_wconf 89' lang='lat' dir='ltr'>et</span> <span class='ocrx_word' id='word_1_520' title='bbox 513 3885 587 3951; x_wconf 90' lang='lat' dir='ltr'>urbe</span> <span class='ocrx_word' id='word_1_521' title='bbox 605 3906 642 3949; x_wconf 91' lang='lat' dir='ltr'>se</span> <span class='ocrx_word' id='word_1_522' title='bbox 661 3896 822 3951; x_wconf 89' lang='lat' dir='ltr'>tuerentur.</span> <span class='ocrx_word' id='word_1_523' title='bbox 862 3890 907 3953; x_wconf 91' lang='lat' dir='ltr'>lta</span> <span class='ocrx_word' id='word_1_524' title='bbox 966 3900 1066 3955; x_wconf 74' lang='lat' dir='ltr'>merito</span> <span class='ocrx_word' id='word_1_525' title='bbox 1085 3890 1204 3973; x_wconf 78' lang='lat' dir='ltr'>adegit3</span> <span class='ocrx_word' id='word_1_526' title='bbox 1228 3892 1417 3956; x_wconf 87' lang='lat' dir='ltr'>conditiones</span> <span class='ocrx_word' id='word_1_527' title='bbox 1436 3889 1601 3955; x_wconf 88' lang='lat' dir='ltr'>deditionis</span> <span class='ocrx_word' id='word_1_528' title='bbox 1627 3892 1685 3957; x_wconf 90' lang='lat' dir='ltr'>bae</span> <span class='ocrx_word' id='word_1_529' title='bbox 1709 3894 1769 3957; x_wconf 81' lang='lat' dir='ltr'>ine·</span> 
     </span>
    </p>
   </div>
   <div class='ocr_carea' id='block_1_3' title="bbox 100 3930 1771 4257">
    <p class='ocr_par' dir='ltr' id='par_1_3' title="bbox 100 3930 1771 4257">
     <span class='ocr_line' id='line_1_41' title="bbox 100 3930 1771 4103; baseline 0 -54"><span class='ocrx_word' id='word_1_530' title='bbox 100 3986 204 4049; x_wconf 89' lang='lat' dir='ltr'>urbem</span> <span class='ocrx_word' id='word_1_531' title='bbox 223 3986 362 4065; x_wconf 88' lang='lat' dir='ltr'>ingressi,</span> <span class='ocrx_word' id='word_1_532' title='bbox 380 3982 477 4047; x_wconf 89' lang='lat' dir='ltr'>eidem</span> <span class='ocrx_word' id='word_1_533' title='bbox 495 3980 586 4045; x_wconf 91' lang='lat' dir='ltr'>saluti</span> <span class='ocrx_word' id='word_1_534' title='bbox 618 4001 655 4045; x_wconf 88' lang='lat' dir='ltr'>ac</span> <span class='ocrx_word' id='word_1_535' title='bbox 674 3980 826 4065; x_wconf 84' lang='lat' dir='ltr'>praesidio</span> <span class='ocrx_word' id='word_1_536' title='bbox 845 3982 906 4045; x_wconf 86' lang='lat' dir='ltr'>lue·</span> <span class='ocrx_word' id='word_1_537' title='bbox 933 3930 938 4103; x_wconf 58' lang='grc' dir='ltr'>ι</span> <span class='ocrx_word' id='word_1_538' title='bbox 965 3994 1048 4049; x_wconf 84' lang='lat' dir='ltr'>runt:</span> <span class='ocrx_word' id='word_1_539' title='bbox 1066 3994 1102 4049; x_wconf 90' lang='lat' dir='ltr'>ut</span> <span class='ocrx_word' id='word_1_540' title='bbox 1120 4006 1198 4069; x_wconf 88' lang='lat' dir='ltr'>quas</span> <span class='ocrx_word' id='word_1_541' title='bbox 1216 3994 1332 4049; x_wconf 89' lang='lat' dir='ltr'>teneret</span> <span class='ocrx_word' id='word_1_542' title='bbox 1349 3988 1575 4069; x_wconf 85' lang='lat' dir='ltr'>possessiones,</span> <span class='ocrx_word' id='word_1_543' title='bbox 1595 4004 1632 4049; x_wconf 85' lang='lat' dir='ltr'>eo</span> <span class='ocrx_word' id='word_1_544' title='bbox 1652 3988 1771 4071; x_wconf 87' lang='lat' dir='ltr'>quoalii</span> 
     </span>
     <span class='ocr_line' id='line_1_42' title="bbox 101 4074 1769 4161; baseline 0.001 -21"><span class='ocrx_word' id='word_1_545' title='bbox 101 4088 179 4141; x_wconf 86' lang='lat' dir='ltr'>mot.</span> <span class='ocrx_word' id='word_1_546' title='bbox 209 4076 307 4139; x_wconf 85' lang='lat' dir='ltr'>blnris</span> <span class='ocrx_word' id='word_1_547' title='bbox 327 4080 414 4151; x_wconf 82' lang='lat' dir='ltr'>carim,</span> <span class='ocrx_word' id='word_1_548' title='bbox 436 4078 486 4158; x_wconf 94' lang='lat' dir='ltr'>qui</span> <span class='ocrx_word' id='word_1_549' title='bbox 507 4074 597 4139; x_wconf 88' lang='lat' dir='ltr'>diruti</span> <span class='ocrx_word' id='word_1_550' title='bbox 613 4074 653 4137; x_wconf 87' lang='lat' dir='ltr'>ab</span> <span class='ocrx_word' id='word_1_551' title='bbox 663 4074 800 4137; x_wconf 82' lang='lat' dir='ltr'>hostibus</span> <span class='ocrx_word' id='word_1_552' title='bbox 811 4086 906 4155; x_wconf 85' lang='lat' dir='ltr'>eraut,</span> <span class='ocrx_word' id='word_1_553' title='bbox 934 4107 938 4142; x_wconf 78' lang='grc' dir='ltr'>ι</span> <span class='ocrx_word' id='word_1_554' title='bbox 965 4078 1148 4145; x_wconf 81' lang='lat' dir='ltr'>beneficiarii</span> <span class='ocrx_word' id='word_1_555' title='bbox 1166 4080 1324 4161; x_wconf 85' lang='lat' dir='ltr'>Principes</span> <span class='ocrx_word' id='word_1_556' title='bbox 1342 4100 1400 4143; x_wconf 89' lang='lat' dir='ltr'>sua</span> <span class='ocrx_word' id='word_1_557' title='bbox 1423 4078 1616 4161; x_wconf 84' lang='lat' dir='ltr'>possiderent</span> <span class='ocrx_word' id='word_1_558' title='bbox 1636 4082 1722 4161; x_wconf 88' lang='lat' dir='ltr'>jure,</span> <span class='ocrx_word' id='word_1_559' title='bbox 1750 4102 1769 4141; x_wconf 94' lang='grc' dir='ltr'>ι</span> 
     </span>
     <span class='ocr_line' id='line_1_43' title="bbox 101 4157 1769 4257; baseline 0.002 -24"><span class='ocrx_word' id='word_1_560' title='bbox 101 4190 207 4251; x_wconf 84' lang='lat' dir='ltr'>magna</span> <span class='ocrx_word' id='word_1_561' title='bbox 236 4190 307 4231; x_wconf 87' lang='lat' dir='ltr'>euro</span> <span class='ocrx_word' id='word_1_562' title='bbox 336 4168 483 4231; x_wconf 89' lang='lat' dir='ltr'>subitario</span> <span class='ocrx_word' id='word_1_563' title='bbox 511 4188 604 4251; x_wconf 91' lang='lat' dir='ltr'>opere</span> <span class='ocrx_word' id='word_1_564' title='bbox 642 4178 733 4231; x_wconf 92' lang='lat' dir='ltr'>noctu</span> <span class='ocrx_word' id='word_1_565' title='bbox 763 4170 902 4251; x_wconf 87' lang='lat' dir='ltr'>expletis,</span> <span class='ocrx_word' id='word_1_566' title='bbox 934 4157 938 4240; x_wconf 81' lang='lat' dir='ltr'>l</span> <span class='ocrx_word' id='word_1_567' title='bbox 964 4176 1050 4255; x_wconf 75' lang='lat' dir='ltr'>Rege</span> <span class='ocrx_word' id='word_1_568' title='bbox 1069 4178 1097 4237; x_wconf 89' lang='lat' dir='ltr'>ei</span> <span class='ocrx_word' id='word_1_569' title='bbox 1118 4176 1371 4257; x_wconf 85' lang='lat' dir='ltr'>permitterentur:</span> <span class='ocrx_word' id='word_1_570' title='bbox 1390 4181 1444 4235; x_wconf 87' lang='lat' dir='ltr'>aut</span> <span class='ocrx_word' id='word_1_571' title='bbox 1462 4193 1517 4253; x_wconf 93' lang='lat' dir='ltr'>pro</span> <span class='ocrx_word' id='word_1_572' title='bbox 1533 4172 1595 4233; x_wconf 79' lang='lat' dir='ltr'>illis</span> <span class='ocrx_word' id='word_1_573' title='bbox 1615 4172 1693 4237; x_wconf 81' lang='lat' dir='ltr'>alias</span> <span class='ocrx_word' id='word_1_574' title='bbox 1712 4194 1769 4237; x_wconf 85' lang='lat' dir='ltr'>non</span> 
     </span>
    </p>
   </div>
   <div class='ocr_carea' id='block_1_4' title="bbox 100 4242 1768 4350">
    <p class='ocr_par' dir='ltr' id='par_1_4' title="bbox 100 4242 1768 4350">
     <span class='ocr_line' id='line_1_44' title="bbox 100 4242 1768 4350; baseline 0.001 -25"><span class='ocrx_word' id='word_1_575' title='bbox 100 4262 238 4325; x_wconf 88' lang='lat' dir='ltr'>omnibus</span> <span class='ocrx_word' id='word_1_576' title='bbox 257 4266 287 4323; x_wconf 93' lang='lat' dir='ltr'>iu</span> <span class='ocrx_word' id='word_1_577' title='bbox 306 4263 382 4323; x_wconf 91' lang='lat' dir='ltr'>locis</span> <span class='ocrx_word' id='word_1_578' title='bbox 401 4260 563 4325; x_wconf 79' lang='lat' dir='ltr'>fortissime</span> <span class='ocrx_word' id='word_1_579' title='bbox 580 4261 659 4325; x_wconf 87' lang='lat' dir='ltr'>besti</span> <span class='ocrx_word' id='word_1_580' title='bbox 672 4282 826 4325; x_wconf 90' lang='lat' dir='ltr'>occursum</span> <span class='ocrx_word' id='word_1_581' title='bbox 839 4264 904 4327; x_wconf 85' lang='lat' dir='ltr'>luit.</span> <span class='ocrx_word' id='word_1_582' title='bbox 934 4242 938 4299; x_wconf 72' lang='grc' dir='ltr'>Ι</span> <span class='ocrx_word' id='word_1_583' title='bbox 964 4266 1103 4330; x_wconf 86' lang='lat' dir='ltr'>deteriori</span> <span class='ocrx_word' id='word_1_584' title='bbox 1124 4262 1295 4329; x_wconf 86' lang='lat' dir='ltr'>corrditione</span> <span class='ocrx_word' id='word_1_585' title='bbox 1314 4286 1369 4350; x_wconf 91' lang='lat' dir='ltr'>pro</span> <span class='ocrx_word' id='word_1_586' title='bbox 1389 4264 1584 4349; x_wconf 89' lang='lat' dir='ltr'>amplitudine</span> <span class='ocrx_word' id='word_1_587' title='bbox 1603 4270 1726 4348; x_wconf 89' lang='lat' dir='ltr'>generis</span> <span class='ocrx_word' id='word_1_588' title='bbox 1740 4278 1768 4328; x_wconf 93' lang='lat' dir='ltr'>et</span> 
     </span>
    </p>
   </div>
   <div class='ocr_carea' id='block_1_5' title="bbox 96 4356 1769 5285">
    <p class='ocr_par' dir='ltr' id='par_1_5' title="bbox 96 4356 1769 5285">
     <span class='ocr_line' id='line_1_45' title="bbox 98 4356 1768 4441; baseline 0.002 -22"><span class='ocrx_word' id='word_1_589' title='bbox 98 4358 203 4438; x_wconf 87' lang='lat' dir='ltr'>ltaque</span> <span class='ocrx_word' id='word_1_590' title='bbox 220 4376 292 4417; x_wconf 88' lang='lat' dir='ltr'>rere</span> <span class='ocrx_word' id='word_1_591' title='bbox 308 4358 371 4437; x_wconf 86' lang='lat' dir='ltr'>jam</span> <span class='ocrx_word' id='word_1_592' title='bbox 397 4358 567 4419; x_wconf 87' lang='lat' dir='ltr'>imminente</span> <span class='ocrx_word' id='word_1_593' title='bbox 590 4356 687 4419; x_wconf 79' lang='lat' dir='ltr'>Mosei</span> <span class='ocrx_word' id='word_1_594' title='bbox 706 4358 806 4421; x_wconf 89' lang='lat' dir='ltr'>soluta</span> <span class='ocrx_word' id='word_1_595' title='bbox 826 4358 905 4423; x_wconf 90' lang='lat' dir='ltr'>obsi·</span> <span class='ocrx_word' id='word_1_596' title='bbox 934 4408 937 4421; x_wconf 92' lang='lat'><em>.</em></span> <span class='ocrx_word' id='word_1_597' title='bbox 963 4361 1093 4425; x_wconf 78' lang='lat' dir='ltr'>furniliae</span> <span class='ocrx_word' id='word_1_598' title='bbox 1113 4363 1181 4441; x_wconf 90' lang='lat' dir='ltr'>ejus</span> <span class='ocrx_word' id='word_1_599' title='bbox 1199 4358 1302 4441; x_wconf 89' lang='lat' dir='ltr'>aliquo</span> <span class='ocrx_word' id='word_1_600' title='bbox 1322 4360 1381 4421; x_wconf 85' lang='lat' dir='ltr'>alio</span> <span class='ocrx_word' id='word_1_601' title='bbox 1401 4362 1431 4423; x_wconf 91' lang='lat' dir='ltr'>in</span> <span class='ocrx_word' id='word_1_602' title='bbox 1452 4359 1521 4423; x_wconf 90' lang='lat' dir='ltr'>loco</span> <span class='ocrx_word' id='word_1_603' title='bbox 1536 4358 1687 4423; x_wconf 89' lang='lat' dir='ltr'>darentur.</span> <span class='ocrx_word' id='word_1_604' title='bbox 1709 4360 1768 4424; x_wconf 81' lang='lat' dir='ltr'>libi</span> 
     </span>
     <span class='ocr_line' id='line_1_46' title="bbox 98 4432 1769 4533; baseline 0.002 -22"><span class='ocrx_word' id='word_1_605' title='bbox 98 4448 201 4523; x_wconf 86' lang='lat' dir='ltr'>dione,</span> <span class='ocrx_word' id='word_1_606' title='bbox 220 4452 397 4531; x_wconf 86' lang='lat' dir='ltr'>praemissis</span> <span class='ocrx_word' id='word_1_607' title='bbox 418 4453 541 4529; x_wconf 91' lang='lat' dir='ltr'>primum</span> <span class='ocrx_word' id='word_1_608' title='bbox 567 4454 723 4513; x_wconf 87' lang='lat' dir='ltr'>tormentis</span> <span class='ocrx_word' id='word_1_609' title='bbox 753 4450 904 4515; x_wconf 88' lang='lat' dir='ltr'>discesse·</span> <span class='ocrx_word' id='word_1_610' title='bbox 933 4432 937 4463; x_wconf 58' lang='grc' dir='ltr'>Ι</span> <span class='ocrx_word' id='word_1_611' title='bbox 963 4454 1003 4519; x_wconf 89' lang='lat' dir='ltr'>de</span> <span class='ocrx_word' id='word_1_612' title='bbox 1022 4462 1130 4517; x_wconf 82' lang='lat' dir='ltr'>euentu</span> <span class='ocrx_word' id='word_1_613' title='bbox 1149 4454 1327 4533; x_wconf 85' lang='lat' dir='ltr'>Legationis</span> <span class='ocrx_word' id='word_1_614' title='bbox 1346 4452 1412 4517; x_wconf 81' lang='lat' dir='ltr'>lies</span> <span class='ocrx_word' id='word_1_615' title='bbox 1440 4456 1549 4517; x_wconf 86' lang='lat' dir='ltr'>certior</span> <span class='ocrx_word' id='word_1_616' title='bbox 1578 4451 1677 4517; x_wconf 85' lang='lat' dir='ltr'>iactus</span> <span class='ocrx_word' id='word_1_617' title='bbox 1706 4452 1769 4529; x_wconf 87' lang='lat' dir='ltr'>luit,</span> 
     </span>
     <span class='ocr_line' id='line_1_47' title="bbox 97 4540 1768 4628; baseline 0.003 -22"><span class='ocrx_word' id='word_1_618' title='bbox 97 4553 182 4611; x_wconf 77' lang='lat' dir='ltr'>ruutt</span> <span class='ocrx_word' id='word_1_619' title='bbox 201 4562 278 4625; x_wconf 86' lang='lat' dir='ltr'>quos</span> <span class='ocrx_word' id='word_1_620' title='bbox 299 4540 473 4607; x_wconf 79' lang='lat' dir='ltr'>Alexander</span> <span class='ocrx_word' id='word_1_621' title='bbox 493 4540 713 4605; x_wconf 77' lang='lat' dir='ltr'>t&#39;lrodlsericius</span> <span class='ocrx_word' id='word_1_622' title='bbox 733 4544 904 4628; x_wconf 89' lang='lat' dir='ltr'>praelectus</span> <span class='ocrx_word' id='word_1_623' title='bbox 932 4540 936 4610; x_wconf 68' lang='lat' dir='ltr'>l</span> <span class='ocrx_word' id='word_1_624' title='bbox 962 4552 1052 4611; x_wconf 83' lang='lat' dir='ltr'>mittit</span> <span class='ocrx_word' id='word_1_625' title='bbox 1075 4550 1175 4609; x_wconf 86' lang='lat' dir='ltr'>statim</span> <span class='ocrx_word' id='word_1_626' title='bbox 1206 4544 1246 4607; x_wconf 91' lang='lat' dir='ltr'>ad</span> <span class='ocrx_word' id='word_1_627' title='bbox 1271 4546 1408 4609; x_wconf 83' lang='lat' dir='ltr'>bloscum</span> <span class='ocrx_word' id='word_1_628' title='bbox 1434 4546 1596 4627; x_wconf 72' lang='lat' dir='ltr'>Georgium</span> <span class='ocrx_word' id='word_1_629' title='bbox 1622 4546 1768 4611; x_wconf 87' lang='lat' dir='ltr'>llarabnr·</span> 
     </span>
     <span class='ocr_line' id='line_1_48' title="bbox 97 4632 1769 4721; baseline 0.001 -20"><span class='ocrx_word' id='word_1_630' title='bbox 97 4636 306 4713; x_wconf 86' lang='lat' dir='ltr'>Grodncnsis,</span> <span class='ocrx_word' id='word_1_631' title='bbox 332 4638 422 4719; x_wconf 86' lang='lat' dir='ltr'>eujus</span> <span class='ocrx_word' id='word_1_632' title='bbox 446 4634 581 4699; x_wconf 84' lang='lat' dir='ltr'>Jourmes</span> <span class='ocrx_word' id='word_1_633' title='bbox 607 4636 828 4703; x_wconf 80' lang='lat' dir='ltr'>Clrodkericius</span> <span class='ocrx_word' id='word_1_634' title='bbox 853 4660 903 4721; x_wconf 87' lang='lat' dir='ltr'>pa·</span> <span class='ocrx_word' id='word_1_635' title='bbox 931 4632 937 4714; x_wconf 79' lang='lat'>!</span> <span class='ocrx_word' id='word_1_636' title='bbox 962 4639 1041 4715; x_wconf 86' lang='lat' dir='ltr'>dom,</span> <span class='ocrx_word' id='word_1_637' title='bbox 1061 4643 1112 4721; x_wconf 95' lang='lat' dir='ltr'>qui</span> <span class='ocrx_word' id='word_1_638' title='bbox 1131 4660 1191 4701; x_wconf 92' lang='lat' dir='ltr'>uon</span> <span class='ocrx_word' id='word_1_639' title='bbox 1211 4640 1299 4703; x_wconf 87' lang='lat' dir='ltr'>aliter</span> <span class='ocrx_word' id='word_1_640' title='bbox 1316 4638 1445 4703; x_wconf 89' lang='lat' dir='ltr'>induciis</span> <span class='ocrx_word' id='word_1_641' title='bbox 1465 4643 1504 4703; x_wconf 91' lang='lat' dir='ltr'>iis</span> <span class='ocrx_word' id='word_1_642' title='bbox 1523 4644 1619 4703; x_wconf 85' lang='lat' dir='ltr'>teucri</span> <span class='ocrx_word' id='word_1_643' title='bbox 1637 4660 1675 4705; x_wconf 90' lang='lat' dir='ltr'>se</span> <span class='ocrx_word' id='word_1_644' title='bbox 1693 4642 1769 4703; x_wconf 86' lang='lat' dir='ltr'>rsllr</span> 
     </span>
     <span class='ocr_line' id='line_1_49' title="bbox 97 4718 1767 4817; baseline 0.004 -26"><span class='ocrx_word' id='word_1_645' title='bbox 97 4733 200 4794; x_wconf 91' lang='lat' dir='ltr'>truelis</span> <span class='ocrx_word' id='word_1_646' title='bbox 220 4734 331 4793; x_wconf 76' lang='lat' dir='ltr'>sicaria</span> <span class='ocrx_word' id='word_1_647' title='bbox 351 4734 380 4793; x_wconf 95' lang='lat' dir='ltr'>iu</span> <span class='ocrx_word' id='word_1_648' title='bbox 398 4727 633 4794; x_wconf 88' lang='lat' dir='ltr'>administranda</span> <span class='ocrx_word' id='word_1_649' title='bbox 653 4730 767 4813; x_wconf 88' lang='lat' dir='ltr'>reliqua</span> <span class='ocrx_word' id='word_1_650' title='bbox 778 4733 904 4797; x_wconf 74' lang='lat' dir='ltr'>bitunia</span> <span class='ocrx_word' id='word_1_651' title='bbox 931 4718 935 4763; x_wconf 82' lang='lat'>¹</span> <span class='ocrx_word' id='word_1_652' title='bbox 962 4732 1071 4799; x_wconf 85' lang='lat' dir='ltr'>blosco</span> <span class='ocrx_word' id='word_1_653' title='bbox 1090 4736 1290 4808; x_wconf 88' lang='lat' dir='ltr'>renunciaret,</span> <span class='ocrx_word' id='word_1_654' title='bbox 1309 4754 1397 4817; x_wconf 89' lang='lat' dir='ltr'>quam</span> <span class='ocrx_word' id='word_1_655' title='bbox 1416 4738 1444 4797; x_wconf 92' lang='lat' dir='ltr'>si</span> <span class='ocrx_word' id='word_1_656' title='bbox 1464 4732 1503 4797; x_wconf 88' lang='lat' dir='ltr'>de</span> <span class='ocrx_word' id='word_1_657' title='bbox 1523 4734 1650 4799; x_wconf 81' lang='lat' dir='ltr'>Liuorria</span> <span class='ocrx_word' id='word_1_658' title='bbox 1669 4732 1767 4799; x_wconf 83' lang='lat' dir='ltr'>ceratii·</span> 
     </span>
     <span class='ocr_line' id='line_1_50' title="bbox 99 4810 1769 4911; baseline 0.006 -30"><span class='ocrx_word' id='word_1_659' title='bbox 99 4842 190 4901; x_wconf 85' lang='lat' dir='ltr'>opera</span> <span class='ocrx_word' id='word_1_660' title='bbox 210 4824 365 4898; x_wconf 82' lang='lat' dir='ltr'>utebatur,</span> <span class='ocrx_word' id='word_1_661' title='bbox 380 4826 515 4907; x_wconf 82' lang='lat' dir='ltr'>quamvis</span> <span class='ocrx_word' id='word_1_662' title='bbox 536 4828 632 4887; x_wconf 89' lang='lat' dir='ltr'>miuus</span> <span class='ocrx_word' id='word_1_663' title='bbox 653 4822 807 4888; x_wconf 88' lang='lat' dir='ltr'>commoda</span> <span class='ocrx_word' id='word_1_664' title='bbox 826 4825 903 4889; x_wconf 78' lang='lat' dir='ltr'>sale·</span> <span class='ocrx_word' id='word_1_665' title='bbox 931 4810 934 4833; x_wconf 55' lang='grc' dir='ltr'>Ι</span> <span class='ocrx_word' id='word_1_666' title='bbox 961 4830 1083 4907; x_wconf 89' lang='lat' dir='ltr'>tionem,</span> <span class='ocrx_word' id='word_1_667' title='bbox 1102 4846 1179 4911; x_wconf 89' lang='lat' dir='ltr'>quae</span> <span class='ocrx_word' id='word_1_668' title='bbox 1194 4834 1257 4891; x_wconf 82' lang='lat' dir='ltr'>uec</span> <span class='ocrx_word' id='word_1_669' title='bbox 1275 4848 1294 4891; x_wconf 88' lang='lat' dir='ltr'>a</span> <span class='ocrx_word' id='word_1_670' title='bbox 1314 4828 1439 4909; x_wconf 88' lang='lat' dir='ltr'>Legatis</span> <span class='ocrx_word' id='word_1_671' title='bbox 1459 4838 1586 4911; x_wconf 85' lang='lat' dir='ltr'>accepta</span> <span class='ocrx_word' id='word_1_672' title='bbox 1605 4839 1708 4905; x_wconf 86' lang='lat' dir='ltr'>esset,</span> <span class='ocrx_word' id='word_1_673' title='bbox 1727 4850 1769 4891; x_wconf 89' lang='lat' dir='ltr'>re·</span> 
     </span>
     <span class='ocr_line' id='line_1_51' title="bbox 97 4912 1767 5003; baseline 0.006 -28"><span class='ocrx_word' id='word_1_674' title='bbox 97 4912 200 4977; x_wconf 88' lang='lat' dir='ltr'>tudine</span> <span class='ocrx_word' id='word_1_675' title='bbox 220 4926 314 4987; x_wconf 83' lang='lat' dir='ltr'>esset,</span> <span class='ocrx_word' id='word_1_676' title='bbox 334 4921 498 4981; x_wconf 83' lang='lat' dir='ltr'>eontmctis</span> <span class='ocrx_word' id='word_1_677' title='bbox 517 4928 616 4981; x_wconf 90' lang='lat' dir='ltr'>tamen</span> <span class='ocrx_word' id='word_1_678' title='bbox 629 4916 762 5001; x_wconf 91' lang='lat' dir='ltr'>undique</span> <span class='ocrx_word' id='word_1_679' title='bbox 776 4918 815 4983; x_wconf 89' lang='lat' dir='ltr'>ad</span> <span class='ocrx_word' id='word_1_680' title='bbox 832 4924 904 4985; x_wconf 69' lang='lat' dir='ltr'>See·</span> <span class='ocrx_word' id='word_1_681' title='bbox 963 4924 1107 4987; x_wconf 77' lang='lat' dir='ltr'>misisset.</span> <span class='ocrx_word' id='word_1_682' title='bbox 1146 4920 1274 4985; x_wconf 83' lang='lat' dir='ltr'>bloscus</span> <span class='ocrx_word' id='word_1_683' title='bbox 1293 4930 1410 4985; x_wconf 90' lang='lat' dir='ltr'>retento</span> <span class='ocrx_word' id='word_1_684' title='bbox 1431 4920 1627 4999; x_wconf 80' lang='lat' dir='ltr'>Haraburda,</span> <span class='ocrx_word' id='word_1_685' title='bbox 1646 4922 1767 5003; x_wconf 79' lang='lat' dir='ltr'>legatie</span> 
     </span>
     <span class='ocr_line' id='line_1_52' title="bbox 97 5004 1769 5097; baseline 0.006 -30"><span class='ocrx_word' id='word_1_686' title='bbox 97 5004 214 5067; x_wconf 76' lang='lat' dir='ltr'>vatio·</span> <span class='ocrx_word' id='word_1_687' title='bbox 235 5014 331 5091; x_wconf 90' lang='lat' dir='ltr'>copiis</span> <span class='ocrx_word' id='word_1_688' title='bbox 357 5012 527 5091; x_wconf 88' lang='lat' dir='ltr'>aliquandiu</span> <span class='ocrx_word' id='word_1_689' title='bbox 554 5020 749 5093; x_wconf 85' lang='lat' dir='ltr'>persecutus,</span> <span class='ocrx_word' id='word_1_690' title='bbox 776 5012 902 5097; x_wconf 85' lang='lat' dir='ltr'>adipisci</span> <span class='ocrx_word' id='word_1_691' title='bbox 963 5038 1029 5079; x_wconf 88' lang='lat' dir='ltr'>uem</span> <span class='ocrx_word' id='word_1_692' title='bbox 1050 5018 1163 5079; x_wconf 88' lang='lat' dir='ltr'>interea</span> <span class='ocrx_word' id='word_1_693' title='bbox 1182 5012 1221 5079; x_wconf 90' lang='lat' dir='ltr'>sd</span> <span class='ocrx_word' id='word_1_694' title='bbox 1244 5012 1367 5095; x_wconf 82' lang='lat' dir='ltr'>Regem,</span> <span class='ocrx_word' id='word_1_695' title='bbox 1387 5036 1464 5097; x_wconf 91' lang='lat' dir='ltr'>quac</span> <span class='ocrx_word' id='word_1_696' title='bbox 1484 5014 1524 5081; x_wconf 91' lang='lat' dir='ltr'>ad</span> <span class='ocrx_word' id='word_1_697' title='bbox 1543 5026 1610 5079; x_wconf 87' lang='lat' dir='ltr'>rats</span> <span class='ocrx_word' id='word_1_698' title='bbox 1630 5012 1769 5079; x_wconf 79' lang='lat' dir='ltr'>habenda</span> 
     </span>
     <span class='ocr_line' id='line_1_53' title="bbox 96 5099 1769 5193; baseline 0.003 -28"><span class='ocrx_word' id='word_1_699' title='bbox 96 5110 194 5165; x_wconf 89' lang='lat' dir='ltr'>tamen</span> <span class='ocrx_word' id='word_1_700' title='bbox 215 5099 293 5161; x_wconf 87' lang='lat' dir='ltr'>baud</span> <span class='ocrx_word' id='word_1_701' title='bbox 313 5104 418 5185; x_wconf 90' lang='lat' dir='ltr'>potuit.</span> <span class='ocrx_word' id='word_1_702' title='bbox 453 5104 516 5167; x_wconf 86' lang='lat' dir='ltr'>Sub</span> <span class='ocrx_word' id='word_1_703' title='bbox 527 5104 605 5167; x_wconf 90' lang='lat' dir='ltr'>idem</span> <span class='ocrx_word' id='word_1_704' title='bbox 627 5104 690 5169; x_wconf 80' lang='lat' dir='ltr'>scre</span> <span class='ocrx_word' id='word_1_705' title='bbox 711 5118 830 5191; x_wconf 87' lang='lat' dir='ltr'>tempus</span> <span class='ocrx_word' id='word_1_706' title='bbox 840 5108 903 5173; x_wconf 81' lang='lat' dir='ltr'>lda-</span> <span class='ocrx_word' id='word_1_707' title='bbox 963 5118 1052 5193; x_wconf 90' lang='lat' dir='ltr'>pacta</span> <span class='ocrx_word' id='word_1_708' title='bbox 1084 5104 1283 5183; x_wconf 88' lang='lat' dir='ltr'>induciarum,</span> <span class='ocrx_word' id='word_1_709' title='bbox 1308 5110 1538 5193; x_wconf 86' lang='lat' dir='ltr'>juramentoque</span> <span class='ocrx_word' id='word_1_710' title='bbox 1565 5106 1769 5171; x_wconf 81' lang='lat' dir='ltr'>confirmanda</span> 
     </span>
     <span class='ocr_line' id='line_1_54' title="bbox 97 5194 1767 5285; baseline 0.004 -26"><span class='ocrx_word' id='word_1_711' title='bbox 97 5214 177 5277; x_wconf 81' lang='lat' dir='ltr'>gnus</span> <span class='ocrx_word' id='word_1_712' title='bbox 197 5194 266 5257; x_wconf 84' lang='lat' dir='ltr'>llus</span> <span class='ocrx_word' id='word_1_713' title='bbox 287 5194 381 5275; x_wconf 87' lang='lat' dir='ltr'>llrgis</span> <span class='ocrx_word' id='word_1_714' title='bbox 407 5194 494 5259; x_wconf 82' lang='lat' dir='ltr'>iidem</span> <span class='ocrx_word' id='word_1_715' title='bbox 520 5208 657 5263; x_wconf 87' lang='lat' dir='ltr'>secutus.</span> <span class='ocrx_word' id='word_1_716' title='bbox 683 5222 702 5265; x_wconf 93' lang='lat' dir='ltr'>a</span> <span class='ocrx_word' id='word_1_717' title='bbox 727 5200 835 5263; x_wconf 79' lang='lat' dir='ltr'>blnsro</span> <span class='ocrx_word' id='word_1_718' title='bbox 861 5200 902 5263; x_wconf 91' lang='lat' dir='ltr'>di·</span> <span class='ocrx_word' id='word_1_719' title='bbox 964 5222 1030 5265; x_wconf 83' lang='lat' dir='ltr'>eum</span> <span class='ocrx_word' id='word_1_720' title='bbox 1051 5198 1224 5277; x_wconf 84' lang='lat' dir='ltr'>adduceret,</span> <span class='ocrx_word' id='word_1_721' title='bbox 1246 5198 1392 5265; x_wconf 84' lang='lat' dir='ltr'>destinat:</span> <span class='ocrx_word' id='word_1_722' title='bbox 1412 5224 1449 5265; x_wconf 90' lang='lat' dir='ltr'>ac</span> <span class='ocrx_word' id='word_1_723' title='bbox 1470 5204 1687 5285; x_wconf 78' lang='lat' dir='ltr'>praecipitante</span> <span class='ocrx_word' id='word_1_724' title='bbox 1704 5206 1767 5282; x_wconf 82' lang='lat' dir='ltr'>jn·</span> 
     </span>
    </p>
   </div>
   <div class='ocr_carea' id='block_1_6' title="bbox 0 0 1876 5626">
    <p class='ocr_par' dir='ltr' id='par_1_6' title="bbox 0 0 1876 5626">
     <span class='ocr_line' id='line_1_55' title="bbox 0 0 1876 5626; baseline 0 6"><span class='ocrx_word' id='word_1_725' title='bbox 0 0 1876 5626; x_wconf 95' lang='lat' dir='ltr'> </span> 
     </span>
    </p>
   </div>
  </div>
 </body>
</html>
