<?xml version="1.0" encoding="UTF-8"?>
<!DOCTYPE html PUBLIC "-//W3C//DTD XHTML 1.0 Transitional//EN"
    "http://www.w3.org/TR/xhtml1/DTD/xhtml1-transitional.dtd">
<html xmlns="http://www.w3.org/1999/xhtml" xml:lang="en" lang="en">
 <head>
  <title>
</title>
<meta http-equiv="Content-Type" content="text/html;charset=utf-8" />
  <meta name='ocr-system' content='tesseract 3.04.00' />
  <meta name='ocr-capabilities' content='ocr_page ocr_carea ocr_par ocr_line ocrx_word'/>
</head>
<body>
  <div class='ocr_page' id='page_1' title='image "./historiaeruthen00stargoog/historiaeruthen00stargoog_0610.png"; bbox 0 0 3742 5626; ppageno 0'>
   <div class='ocr_carea' id='block_1_1' title="bbox 574 168 1686 241">
    <p class='ocr_par' dir='ltr' id='par_1_1' title="bbox 574 168 1686 241">
     <span class='ocr_line' id='line_1_1' title="bbox 574 168 1686 241; baseline 0.011 -12"><span class='ocrx_word' id='word_1_1' title='bbox 574 168 632 231; x_wconf 77' lang='lat' dir='ltr'>DE</span> <span class='ocrx_word' id='word_1_2' title='bbox 651 168 791 233; x_wconf 81' lang='lat' dir='ltr'>uuuus</span> <span class='ocrx_word' id='word_1_3' title='bbox 810 168 1128 235; x_wconf 73' lang='lat' dir='ltr'>ttoscuvutcle&#39;.</span> <span class='ocrx_word' id='word_1_4' title='bbox 1628 182 1686 241; x_wconf 65' lang='lat'>293</span> 
     </span>
    </p>
   </div>
   <div class='ocr_carea' id='block_1_2' title="bbox 82 323 1677 609">
    <p class='ocr_par' dir='ltr' id='par_1_2' title="bbox 82 323 1677 609">
     <span class='ocr_line' id='line_1_2' title="bbox 82 323 1677 425; baseline 0.007 -32"><span class='ocrx_word' id='word_1_5' title='bbox 82 338 202 393; x_wconf 81' lang='lat' dir='ltr'>sarrtea</span> <span class='ocrx_word' id='word_1_6' title='bbox 226 331 375 393; x_wconf 79' lang='lat' dir='ltr'>aduersus</span> <span class='ocrx_word' id='word_1_7' title='bbox 401 338 512 409; x_wconf 84' lang='lat' dir='ltr'>patrem</span> <span class='ocrx_word' id='word_1_8' title='bbox 538 334 700 403; x_wconf 82' lang='lat' dir='ltr'>incensus,</span> <span class='ocrx_word' id='word_1_9' title='bbox 725 330 817 392; x_wconf 80' lang='lat' dir='ltr'>muita</span> <span class='ocrx_word' id='word_1_10' title='bbox 841 323 847 391; x_wconf 96' lang='grc' dir='ltr'>Ι</span> <span class='ocrx_word' id='word_1_11' title='bbox 874 332 1068 394; x_wconf 77' lang='lat' dir='ltr'>solbemetor.</span> <span class='ocrx_word' id='word_1_12' title='bbox 1102 335 1176 397; x_wconf 89' lang='lat' dir='ltr'>Nam</span> <span class='ocrx_word' id='word_1_13' title='bbox 1199 356 1295 415; x_wconf 79' lang='lat' dir='ltr'>ireque</span> <span class='ocrx_word' id='word_1_14' title='bbox 1315 339 1392 401; x_wconf 88' lang='lat' dir='ltr'>elios</span> <span class='ocrx_word' id='word_1_15' title='bbox 1413 360 1448 401; x_wconf 85' lang='lat' dir='ltr'>ex</span> <span class='ocrx_word' id='word_1_16' title='bbox 1468 342 1565 422; x_wconf 82' lang='lat' dir='ltr'>ipsius</span> <span class='ocrx_word' id='word_1_17' title='bbox 1583 348 1677 425; x_wconf 85' lang='lat' dir='ltr'>stirpe</span> 
     </span>
     <span class='ocr_line' id='line_1_3' title="bbox 82 423 1674 509; baseline 0.007 -22"><span class='ocrx_word' id='word_1_18' title='bbox 82 427 304 507; x_wconf 67' lang='lat' dir='ltr'>exprobraverat</span> <span class='ocrx_word' id='word_1_19' title='bbox 323 425 352 483; x_wconf 92' lang='lat' dir='ltr'>in</span> <span class='ocrx_word' id='word_1_20' title='bbox 370 423 447 485; x_wconf 85' lang='lat' dir='ltr'>baec</span> <span class='ocrx_word' id='word_1_21' title='bbox 467 426 573 485; x_wconf 70' lang='lat' dir='ltr'>norbae</span> <span class='ocrx_word' id='word_1_22' title='bbox 604 424 652 487; x_wconf 80' lang='lat' dir='ltr'>&#39;lu</span> <span class='ocrx_word' id='word_1_23' title='bbox 670 424 744 485; x_wconf 87' lang='lat' dir='ltr'>mihi</span> <span class='ocrx_word' id='word_1_24' title='bbox 762 426 816 505; x_wconf 90' lang='lat' dir='ltr'>pri·</span> <span class='ocrx_word' id='word_1_25' title='bbox 873 432 937 487; x_wconf 87' lang='lat' dir='ltr'>erat</span> <span class='ocrx_word' id='word_1_26' title='bbox 954 434 986 487; x_wconf 90' lang='lat' dir='ltr'>et</span> <span class='ocrx_word' id='word_1_27' title='bbox 1009 434 1080 488; x_wconf 90' lang='lat' dir='ltr'>auto</span> <span class='ocrx_word' id='word_1_28' title='bbox 1105 430 1143 487; x_wconf 71' lang='lat' dir='ltr'>:lb</span> <span class='ocrx_word' id='word_1_29' title='bbox 1161 450 1257 489; x_wconf 85' lang='lat' dir='ltr'>annos</span> <span class='ocrx_word' id='word_1_30' title='bbox 1282 430 1427 509; x_wconf 79' lang='lat' dir='ltr'>blagister</span> <span class='ocrx_word' id='word_1_31' title='bbox 1445 435 1564 495; x_wconf 78' lang='lat' dir='ltr'>statmu</span> <span class='ocrx_word' id='word_1_32' title='bbox 1589 456 1674 498; x_wconf 86' lang='lat' dir='ltr'>vaca·</span> 
     </span>
     <span class='ocr_line' id='line_1_4' title="bbox 82 517 1673 609; baseline 0.007 -30"><span class='ocrx_word' id='word_1_33' title='bbox 82 536 231 581; x_wconf 66' lang='lat' dir='ltr'>laxiorem</span> <span class='ocrx_word' id='word_1_34' title='bbox 263 517 370 577; x_wconf 85' lang='lat' dir='ltr'>nullam</span> <span class='ocrx_word' id='word_1_35' title='bbox 395 517 435 573; x_wconf 82' lang='lat' dir='ltr'>olr</span> <span class='ocrx_word' id='word_1_36' title='bbox 459 537 582 579; x_wconf 86' lang='lat' dir='ltr'>causam</span> <span class='ocrx_word' id='word_1_37' title='bbox 607 520 638 579; x_wconf 93' lang='lat' dir='ltr'>in</span> <span class='ocrx_word' id='word_1_38' title='bbox 670 524 815 579; x_wconf 79' lang='lat' dir='ltr'>nonaste-</span> <span class='ocrx_word' id='word_1_39' title='bbox 873 519 932 584; x_wconf 84' lang='lat' dir='ltr'>bat.</span> <span class='ocrx_word' id='word_1_40' title='bbox 951 520 989 580; x_wconf 90' lang='lat' dir='ltr'>ad</span> <span class='ocrx_word' id='word_1_41' title='bbox 1008 540 1097 599; x_wconf 78' lang='lat' dir='ltr'>quaero</span> <span class='ocrx_word' id='word_1_42' title='bbox 1118 524 1267 600; x_wconf 76' lang='lat' dir='ltr'>(montrera</span> <span class='ocrx_word' id='word_1_43' title='bbox 1287 527 1520 601; x_wconf 86' lang='lat' dir='ltr'>comestabilem)</span> <span class='ocrx_word' id='word_1_44' title='bbox 1540 548 1576 587; x_wconf 88' lang='lat' dir='ltr'>eo</span> <span class='ocrx_word' id='word_1_45' title='bbox 1592 536 1673 609; x_wconf 90' lang='lat' dir='ltr'>pote·</span> 
     </span>
    </p>
   </div>
   <div class='ocr_carea' id='block_1_3' title="bbox 81 609 1673 2554">
    <p class='ocr_par' dir='ltr' id='par_1_3' title="bbox 81 609 1673 2554">
     <span class='ocr_line' id='line_1_5' title="bbox 82 609 1673 700; baseline 0.008 -29"><span class='ocrx_word' id='word_1_46' title='bbox 82 664 84 671; x_wconf 92' lang='lat'>.</span> <span class='ocrx_word' id='word_1_47' title='bbox 105 611 266 673; x_wconf 80' lang='lat' dir='ltr'>intrusisti:</span> <span class='ocrx_word' id='word_1_48' title='bbox 292 609 332 669; x_wconf 92' lang='lat' dir='ltr'>de</span> <span class='ocrx_word' id='word_1_49' title='bbox 357 610 494 671; x_wconf 83' lang='lat' dir='ltr'>securrda</span> <span class='ocrx_word' id='word_1_50' title='bbox 518 612 548 671; x_wconf 95' lang='lat' dir='ltr'>id</span> <span class='ocrx_word' id='word_1_51' title='bbox 576 614 674 690; x_wconf 85' lang='lat' dir='ltr'>ipsum</span> <span class='ocrx_word' id='word_1_52' title='bbox 702 612 814 681; x_wconf 76' lang='lat' dir='ltr'>seeisri3</span> <span class='ocrx_word' id='word_1_53' title='bbox 871 620 937 673; x_wconf 85' lang='lat' dir='ltr'>stas</span> <span class='ocrx_word' id='word_1_54' title='bbox 956 612 1118 676; x_wconf 76' lang='lat' dir='ltr'>deferenda</span> <span class='ocrx_word' id='word_1_55' title='bbox 1137 616 1254 675; x_wconf 85' lang='lat' dir='ltr'>luisset.</span> <span class='ocrx_word' id='word_1_56' title='bbox 1276 616 1319 675; x_wconf 82' lang='lat' dir='ltr'>At</span> <span class='ocrx_word' id='word_1_57' title='bbox 1338 616 1481 700; x_wconf 82' lang='lat' dir='ltr'>l’riueeps</span> <span class='ocrx_word' id='word_1_58' title='bbox 1502 627 1570 700; x_wconf 72' lang='lat' dir='ltr'>pom</span> <span class='ocrx_word' id='word_1_59' title='bbox 1585 621 1673 684; x_wconf 84' lang='lat' dir='ltr'>loan-</span> 
     </span>
     <span class='ocr_line' id='line_1_6' title="bbox 82 704 1671 794; baseline 0.011 -35"><span class='ocrx_word' id='word_1_60' title='bbox 82 708 163 787; x_wconf 55' lang='lat' dir='ltr'>*Jom</span> <span class='ocrx_word' id='word_1_61' title='bbox 182 704 298 764; x_wconf 89' lang='lat' dir='ltr'>tertiam</span> <span class='ocrx_word' id='word_1_62' title='bbox 325 704 471 783; x_wconf 89' lang='lat' dir='ltr'>percutis,</span> <span class='ocrx_word' id='word_1_63' title='bbox 498 711 530 764; x_wconf 92' lang='lat' dir='ltr'>nt</span> <span class='ocrx_word' id='word_1_64' title='bbox 554 708 647 773; x_wconf 88' lang='lat' dir='ltr'>tilius,</span> <span class='ocrx_word' id='word_1_65' title='bbox 673 724 758 783; x_wconf 69' lang='lat' dir='ltr'>«paron</span> <span class='ocrx_word' id='word_1_66' title='bbox 782 704 813 764; x_wconf 91' lang='lat' dir='ltr'>in</span> <span class='ocrx_word' id='word_1_67' title='bbox 871 707 919 765; x_wconf 86' lang='lat' dir='ltr'>nis</span> <span class='ocrx_word' id='word_1_68' title='bbox 949 708 1110 777; x_wconf 89' lang='lat' dir='ltr'>interitum,</span> <span class='ocrx_word' id='word_1_69' title='bbox 1140 710 1170 767; x_wconf 94' lang='lat' dir='ltr'>in</span> <span class='ocrx_word' id='word_1_70' title='bbox 1200 708 1338 769; x_wconf 85' lang='lat' dir='ltr'>laerimus</span> <span class='ocrx_word' id='word_1_71' title='bbox 1363 710 1496 783; x_wconf 83' lang='lat' dir='ltr'>solotus,</span> <span class='ocrx_word' id='word_1_72' title='bbox 1526 720 1615 794; x_wconf 78' lang='lat' dir='ltr'>atquo</span> <span class='ocrx_word' id='word_1_73' title='bbox 1642 718 1671 775; x_wconf 94' lang='lat' dir='ltr'>io</span> 
     </span>
     <span class='ocr_line' id='line_1_7' title="bbox 82 794 1671 887; baseline 0.009 -32"><span class='ocrx_word' id='word_1_74' title='bbox 82 797 197 875; x_wconf 71' lang='lat' dir='ltr'>agent,</span> <span class='ocrx_word' id='word_1_75' title='bbox 218 802 330 875; x_wconf 72' lang='lat' dir='ltr'>prereot.</span> <span class='ocrx_word' id='word_1_76' title='bbox 354 794 514 858; x_wconf 80' lang='lat' dir='ltr'>vulnerato</span> <span class='ocrx_word' id='word_1_77' title='bbox 535 800 634 877; x_wconf 82' lang='lat' dir='ltr'>itaquo</span> <span class='ocrx_word' id='word_1_78' title='bbox 656 798 730 868; x_wconf 89' lang='lat' dir='ltr'>lilio,</span> <span class='ocrx_word' id='word_1_79' title='bbox 757 801 812 857; x_wconf 88' lang='lat' dir='ltr'>tar·</span> <span class='ocrx_word' id='word_1_80' title='bbox 869 800 1036 877; x_wconf 74' lang='lat' dir='ltr'>squalorem</span> <span class='ocrx_word' id='word_1_81' title='bbox 1053 820 1171 861; x_wconf 78' lang='lat' dir='ltr'>canera</span> <span class='ocrx_word' id='word_1_82' title='bbox 1195 802 1454 881; x_wconf 63' lang='lat' dir='ltr'>compositumne</span> <span class='ocrx_word' id='word_1_83' title='bbox 1479 803 1586 881; x_wconf 81' lang='lat' dir='ltr'>legatis</span> <span class='ocrx_word' id='word_1_84' title='bbox 1611 811 1671 887; x_wconf 82' lang='lat' dir='ltr'>qrri·</span> 
     </span>
     <span class='ocr_line' id='line_1_8' title="bbox 92 887 1669 975; baseline 0.008 -25"><span class='ocrx_word' id='word_1_85' title='bbox 92 888 229 951; x_wconf 78' lang='lat' dir='ltr'>indolens</span> <span class='ocrx_word' id='word_1_86' title='bbox 240 894 333 966; x_wconf 78' lang='lat' dir='ltr'>pater.</span> <span class='ocrx_word' id='word_1_87' title='bbox 349 888 544 969; x_wconf 72' lang='lat' dir='ltr'>medicisque.</span> <span class='ocrx_word' id='word_1_88' title='bbox 564 902 597 951; x_wconf 87' lang='lat' dir='ltr'>et</span> <span class='ocrx_word' id='word_1_89' title='bbox 613 890 735 952; x_wconf 81' lang='lat' dir='ltr'>Andron</span> <span class='ocrx_word' id='word_1_90' title='bbox 747 887 811 949; x_wconf 85' lang='lat' dir='ltr'>Sol·</span> <span class='ocrx_word' id='word_1_91' title='bbox 870 890 938 951; x_wconf 89' lang='lat' dir='ltr'>dem</span> <span class='ocrx_word' id='word_1_92' title='bbox 957 894 1006 962; x_wconf 86' lang='lat' dir='ltr'>iis,</span> <span class='ocrx_word' id='word_1_93' title='bbox 1027 894 1075 975; x_wconf 82' lang='lat' dir='ltr'>qrri</span> <span class='ocrx_word' id='word_1_94' title='bbox 1096 914 1210 955; x_wconf 78' lang='lat' dir='ltr'>mecon</span> <span class='ocrx_word' id='word_1_95' title='bbox 1229 893 1268 955; x_wconf 85' lang='lat' dir='ltr'>ad</span> <span class='ocrx_word' id='word_1_96' title='bbox 1291 892 1329 955; x_wconf 88' lang='lat' dir='ltr'>V.</span> <span class='ocrx_word' id='word_1_97' title='bbox 1341 892 1556 957; x_wconf 85' lang='lat' dir='ltr'>Bentibrdinera</span> <span class='ocrx_word' id='word_1_98' title='bbox 1573 902 1669 962; x_wconf 87' lang='lat' dir='ltr'>venie·</span> 
     </span>
     <span class='ocr_line' id='line_1_9' title="bbox 82 980 1670 1067; baseline 0.008 -28"><span class='ocrx_word' id='word_1_99' title='bbox 82 984 145 1051; x_wconf 65' lang='lat' dir='ltr'>onio,</span> <span class='ocrx_word' id='word_1_100' title='bbox 176 987 207 1043; x_wconf 91' lang='lat' dir='ltr'>et</span> <span class='ocrx_word' id='word_1_101' title='bbox 225 981 345 1043; x_wconf 82' lang='lat' dir='ltr'>lllilrilta</span> <span class='ocrx_word' id='word_1_102' title='bbox 364 980 492 1043; x_wconf 81' lang='lat' dir='ltr'>liomani</span> <span class='ocrx_word' id='word_1_103' title='bbox 509 982 635 1044; x_wconf 79' lang='lat' dir='ltr'>binaeve</span> <span class='ocrx_word' id='word_1_104' title='bbox 654 982 811 1043; x_wconf 78' lang='lat' dir='ltr'>corilectira</span> <span class='ocrx_word' id='word_1_105' title='bbox 869 985 1053 1055; x_wconf 68' lang='lat' dir='ltr'>humbelina,</span> <span class='ocrx_word' id='word_1_106' title='bbox 1072 1008 1160 1067; x_wconf 76' lang='lat' dir='ltr'>orrum</span> <span class='ocrx_word' id='word_1_107' title='bbox 1183 988 1282 1063; x_wconf 68' lang='lat' dir='ltr'>nigras</span> <span class='ocrx_word' id='word_1_108' title='bbox 1301 994 1404 1047; x_wconf 80' lang='lat' dir='ltr'>uestes</span> <span class='ocrx_word' id='word_1_109' title='bbox 1423 989 1509 1065; x_wconf 87' lang='lat' dir='ltr'>(licet</span> <span class='ocrx_word' id='word_1_110' title='bbox 1529 1010 1568 1050; x_wconf 82' lang='lat' dir='ltr'>ex</span> <span class='ocrx_word' id='word_1_111' title='bbox 1589 990 1670 1053; x_wconf 89' lang='lat' dir='ltr'>bolo·</span> 
     </span>
     <span class='ocr_line' id='line_1_10' title="bbox 82 1074 1669 1165; baseline 0.005 -28"><span class='ocrx_word' id='word_1_112' title='bbox 82 1077 124 1147; x_wconf 82' lang='lat' dir='ltr'>is,</span> <span class='ocrx_word' id='word_1_113' title='bbox 144 1075 359 1155; x_wconf 82' lang='lat' dir='ltr'>nequicquam</span> <span class='ocrx_word' id='word_1_114' title='bbox 378 1074 714 1157; x_wconf 82' lang='lat' dir='ltr'>remediocuratasunt.</span> <span class='ocrx_word' id='word_1_115' title='bbox 736 1074 812 1137; x_wconf 86' lang='lat' dir='ltr'>l&#39;ost</span> <span class='ocrx_word' id='word_1_116' title='bbox 867 1080 981 1151; x_wconf 64' lang='lat' dir='ltr'>mrim&gt;</span> <span class='ocrx_word' id='word_1_117' title='bbox 999 1078 1073 1139; x_wconf 88' lang='lat' dir='ltr'>tradi</span> <span class='ocrx_word' id='word_1_118' title='bbox 1088 1082 1193 1162; x_wconf 83' lang='lat' dir='ltr'>jussit.</span> <span class='ocrx_word' id='word_1_119' title='bbox 1219 1082 1278 1142; x_wconf 82' lang='lat' dir='ltr'>l&#39;cr</span> <span class='ocrx_word' id='word_1_120' title='bbox 1296 1081 1463 1141; x_wconf 84' lang='lat' dir='ltr'>uniuersum</span> <span class='ocrx_word' id='word_1_121' title='bbox 1489 1084 1557 1165; x_wconf 86' lang='lat' dir='ltr'>ejus</span> <span class='ocrx_word' id='word_1_122' title='bbox 1581 1084 1669 1165; x_wconf 82' lang='lat' dir='ltr'>inpe-</span> 
     </span>
     <span class='ocr_line' id='line_1_11' title="bbox 82 1167 1667 1251; baseline 0.006 -22"><span class='ocrx_word' id='word_1_123' title='bbox 82 1188 139 1249; x_wconf 80' lang='lat' dir='ltr'>que</span> <span class='ocrx_word' id='word_1_124' title='bbox 158 1167 225 1229; x_wconf 91' lang='lat' dir='ltr'>dies</span> <span class='ocrx_word' id='word_1_125' title='bbox 244 1171 388 1237; x_wconf 79' lang='lat' dir='ltr'>mortuus,</span> <span class='ocrx_word' id='word_1_126' title='bbox 413 1168 553 1229; x_wconf 81' lang='lat' dir='ltr'>uniuerso</span> <span class='ocrx_word' id='word_1_127' title='bbox 579 1171 708 1229; x_wconf 89' lang='lat' dir='ltr'>omniurn</span> <span class='ocrx_word' id='word_1_128' title='bbox 734 1188 810 1228; x_wconf 80' lang='lat' dir='ltr'>nce</span> <span class='ocrx_word' id='word_1_129' title='bbox 867 1172 940 1231; x_wconf 76' lang='lat' dir='ltr'>riun</span> <span class='ocrx_word' id='word_1_130' title='bbox 959 1170 1028 1247; x_wconf 87' lang='lat' dir='ltr'>(sed</span> <span class='ocrx_word' id='word_1_131' title='bbox 1048 1175 1220 1251; x_wconf 79' lang='lat' dir='ltr'>praesertim</span> <span class='ocrx_word' id='word_1_132' title='bbox 1241 1172 1667 1251; x_wconf 81' lang='lat' dir='ltr'>incola)eaderalaeies‚eul·</span> 
     </span>
     <span class='ocr_line' id='line_1_12' title="bbox 92 1258 1669 1349; baseline 0.006 -28"><span class='ocrx_word' id='word_1_133' title='bbox 92 1261 191 1325; x_wconf 86' lang='lat' dir='ltr'>elatus</span> <span class='ocrx_word' id='word_1_134' title='bbox 208 1266 258 1321; x_wconf 86' lang='lat' dir='ltr'>est</span> <span class='ocrx_word' id='word_1_135' title='bbox 275 1258 439 1331; x_wconf 76' lang='lat' dir='ltr'>ulmo-aa,</span> <span class='ocrx_word' id='word_1_136' title='bbox 459 1268 605 1339; x_wconf 85' lang='lat' dir='ltr'>sequente</span> <span class='ocrx_word' id='word_1_137' title='bbox 617 1262 706 1323; x_wconf 84' lang='lat' dir='ltr'>lunas</span> <span class='ocrx_word' id='word_1_138' title='bbox 717 1267 810 1343; x_wconf 87' lang='lat' dir='ltr'>patre.</span> <span class='ocrx_word' id='word_1_139' title='bbox 866 1268 976 1344; x_wconf 79' lang='lat' dir='ltr'>bisque</span> <span class='ocrx_word' id='word_1_140' title='bbox 996 1264 1138 1343; x_wconf 74' lang='lat' dir='ltr'>lugnbris‚</span> <span class='ocrx_word' id='word_1_141' title='bbox 1162 1269 1330 1349; x_wconf 85' lang='lat' dir='ltr'>sepositum</span> <span class='ocrx_word' id='word_1_142' title='bbox 1349 1266 1493 1337; x_wconf 87' lang='lat' dir='ltr'>diadema,</span> <span class='ocrx_word' id='word_1_143' title='bbox 1512 1276 1544 1330; x_wconf 90' lang='lat' dir='ltr'>et</span> <span class='ocrx_word' id='word_1_144' title='bbox 1562 1271 1589 1329; x_wconf 89' lang='lat' dir='ltr'>si</span> <span class='ocrx_word' id='word_1_145' title='bbox 1600 1272 1669 1349; x_wconf 77' lang='lat' dir='ltr'>unis</span> 
     </span>
     <span class='ocr_line' id='line_1_13' title="bbox 81 1351 1667 1443; baseline 0.005 -28"><span class='ocrx_word' id='word_1_146' title='bbox 81 1355 181 1429; x_wconf 91' lang='lat' dir='ltr'>e(ubi</span> <span class='ocrx_word' id='word_1_147' title='bbox 201 1351 313 1413; x_wconf 82' lang='lat' dir='ltr'>ciuitati</span> <span class='ocrx_word' id='word_1_148' title='bbox 332 1354 590 1433; x_wconf 78' lang='lat' dir='ltr'>appropinquavit)</span> <span class='ocrx_word' id='word_1_149' title='bbox 613 1356 702 1415; x_wconf 87' lang='lat' dir='ltr'>etiam</span> <span class='ocrx_word' id='word_1_150' title='bbox 728 1352 809 1434; x_wconf 89' lang='lat' dir='ltr'>pedi·</span> <span class='ocrx_word' id='word_1_151' title='bbox 865 1356 943 1416; x_wconf 87' lang='lat' dir='ltr'>alius</span> <span class='ocrx_word' id='word_1_152' title='bbox 964 1360 1141 1421; x_wconf 84' lang='lat' dir='ltr'>eorrrscabat</span> <span class='ocrx_word' id='word_1_153' title='bbox 1161 1368 1291 1431; x_wconf 74' lang='lat' dir='ltr'>eruentus,</span> <span class='ocrx_word' id='word_1_154' title='bbox 1312 1382 1476 1443; x_wconf 76' lang='lat' dir='ltr'>niueoquara</span> <span class='ocrx_word' id='word_1_155' title='bbox 1498 1364 1546 1422; x_wconf 80' lang='lat' dir='ltr'>nix</span> <span class='ocrx_word' id='word_1_156' title='bbox 1571 1363 1667 1423; x_wconf 86' lang='lat' dir='ltr'>auleis</span> 
     </span>
     <span class='ocr_line' id='line_1_14' title="bbox 84 1442 1667 1529; baseline 0.005 -20"><span class='ocrx_word' id='word_1_157' title='bbox 84 1450 139 1509; x_wconf 91' lang='lat' dir='ltr'>iter</span> <span class='ocrx_word' id='word_1_158' title='bbox 159 1444 304 1507; x_wconf 63' lang='lat' dir='ltr'>lamentet</span> <span class='ocrx_word' id='word_1_159' title='bbox 324 1442 476 1522; x_wconf 67' lang='lat' dir='ltr'>digitorum</span> <span class='ocrx_word' id='word_1_160' title='bbox 498 1446 612 1507; x_wconf 76' lang='lat' dir='ltr'>interim</span> <span class='ocrx_word' id='word_1_161' title='bbox 622 1448 760 1529; x_wconf 88' lang='lat' dir='ltr'>apicibus</span> <span class='ocrx_word' id='word_1_162' title='bbox 769 1448 809 1507; x_wconf 91' lang='lat' dir='ltr'>lo·</span> <span class='ocrx_word' id='word_1_163' title='bbox 865 1455 971 1510; x_wconf 90' lang='lat' dir='ltr'>utatur.</span> <span class='ocrx_word' id='word_1_164' title='bbox 993 1450 1052 1511; x_wconf 86' lang='lat' dir='ltr'>l&#39;ro</span> <span class='ocrx_word' id='word_1_165' title='bbox 1071 1453 1169 1513; x_wconf 88' lang='lat' dir='ltr'>salute</span> <span class='ocrx_word' id='word_1_166' title='bbox 1188 1454 1305 1514; x_wconf 76' lang='lat' dir='ltr'>animae</span> <span class='ocrx_word' id='word_1_167' title='bbox 1323 1452 1373 1513; x_wconf 91' lang='lat' dir='ltr'>tilii</span> <span class='ocrx_word' id='word_1_168' title='bbox 1395 1454 1434 1516; x_wconf 91' lang='lat' dir='ltr'>ad</span> <span class='ocrx_word' id='word_1_169' title='bbox 1454 1458 1552 1517; x_wconf 85' lang='lat' dir='ltr'>omnia</span> <span class='ocrx_word' id='word_1_170' title='bbox 1571 1476 1667 1517; x_wconf 81' lang='lat' dir='ltr'>noua·</span> 
     </span>
     <span class='ocr_line' id='line_1_15' title="bbox 82 1537 1668 1625; baseline 0.007 -27"><span class='ocrx_word' id='word_1_171' title='bbox 82 1561 105 1601; x_wconf 88' lang='lat' dir='ltr'>n</span> <span class='ocrx_word' id='word_1_172' title='bbox 124 1537 311 1621; x_wconf 78' lang='lat' dir='ltr'>portmtibus</span> <span class='ocrx_word' id='word_1_173' title='bbox 329 1537 512 1616; x_wconf 68' lang='lat' dir='ltr'>proceribus,</span> <span class='ocrx_word' id='word_1_174' title='bbox 530 1540 807 1620; x_wconf 72' lang='lat' dir='ltr'>palinusonoibns.</span> <span class='ocrx_word' id='word_1_175' title='bbox 864 1544 955 1603; x_wconf 88' lang='lat' dir='ltr'>steria</span> <span class='ocrx_word' id='word_1_176' title='bbox 974 1543 1097 1604; x_wconf 79' lang='lat' dir='ltr'>maltam</span> <span class='ocrx_word' id='word_1_177' title='bbox 1115 1547 1270 1625; x_wconf 79' lang='lat' dir='ltr'>pecuniam</span> <span class='ocrx_word' id='word_1_178' title='bbox 1290 1548 1380 1607; x_wconf 78' lang='lat' dir='ltr'>arisit.</span> <span class='ocrx_word' id='word_1_179' title='bbox 1421 1548 1576 1609; x_wconf 87' lang='lat' dir='ltr'>idemeum</span> <span class='ocrx_word' id='word_1_180' title='bbox 1590 1550 1668 1610; x_wconf 81' lang='lat' dir='ltr'>Aco-</span> 
     </span>
     <span class='ocr_line' id='line_1_16' title="bbox 82 1627 1668 1717; baseline 0.007 -26"><span class='ocrx_word' id='word_1_181' title='bbox 82 1637 231 1701; x_wconf 80' lang='lat' dir='ltr'>sceslcs.</span> <span class='ocrx_word' id='word_1_182' title='bbox 254 1627 293 1691; x_wconf 82' lang='lat' dir='ltr'>ad</span> <span class='ocrx_word' id='word_1_183' title='bbox 318 1627 487 1707; x_wconf 64' lang='lat' dir='ltr'>martores</span> <span class='ocrx_word' id='word_1_184' title='bbox 514 1634 684 1708; x_wconf 77' lang='lat' dir='ltr'>conpositi,</span> <span class='ocrx_word' id='word_1_185' title='bbox 709 1630 809 1693; x_wconf 81' lang='lat' dir='ltr'>adbuc</span> <span class='ocrx_word' id='word_1_186' title='bbox 865 1640 958 1705; x_wconf 86' lang='lat' dir='ltr'>moto,</span> <span class='ocrx_word' id='word_1_187' title='bbox 991 1636 1117 1697; x_wconf 81' lang='lat' dir='ltr'>&#39;l&#39;urcico</span> <span class='ocrx_word' id='word_1_188' title='bbox 1138 1639 1203 1697; x_wconf 79' lang='lat' dir='ltr'>sive</span> <span class='ocrx_word' id='word_1_189' title='bbox 1222 1638 1346 1717; x_wconf 64' lang='lat' dir='ltr'>legato,</span> <span class='ocrx_word' id='word_1_190' title='bbox 1371 1643 1438 1701; x_wconf 86' lang='lat' dir='ltr'>siue</span> <span class='ocrx_word' id='word_1_191' title='bbox 1465 1641 1668 1713; x_wconf 86' lang='lat' dir='ltr'>Procuratore,</span> 
     </span>
     <span class='ocr_line' id='line_1_17' title="bbox 82 1720 1665 1814; baseline 0.004 -28"><span class='ocrx_word' id='word_1_192' title='bbox 82 1746 97 1787; x_wconf 87' lang='lat' dir='ltr'>a</span> <span class='ocrx_word' id='word_1_193' title='bbox 122 1726 152 1785; x_wconf 90' lang='lat' dir='ltr'>ia</span> <span class='ocrx_word' id='word_1_194' title='bbox 177 1729 279 1785; x_wconf 84' lang='lat' dir='ltr'>nostro</span> <span class='ocrx_word' id='word_1_195' title='bbox 303 1720 398 1783; x_wconf 91' lang='lat' dir='ltr'>reditu</span> <span class='ocrx_word' id='word_1_196' title='bbox 423 1723 603 1796; x_wconf 73' lang='lat' dir='ltr'>retinebant,</span> <span class='ocrx_word' id='word_1_197' title='bbox 628 1727 807 1806; x_wconf 83' lang='lat' dir='ltr'>promissam</span> <span class='ocrx_word' id='word_1_198' title='bbox 864 1730 913 1805; x_wconf 83' lang='lat' dir='ltr'>qui</span> <span class='ocrx_word' id='word_1_199' title='bbox 933 1730 1088 1790; x_wconf 77' lang='lat' dir='ltr'>triennium</span> <span class='ocrx_word' id='word_1_200' title='bbox 1110 1732 1138 1789; x_wconf 93' lang='lat' dir='ltr'>io</span> <span class='ocrx_word' id='word_1_201' title='bbox 1148 1730 1304 1793; x_wconf 82' lang='lat' dir='ltr'>bloseoria</span> <span class='ocrx_word' id='word_1_202' title='bbox 1313 1730 1462 1801; x_wconf 82' lang='lat' dir='ltr'>haeserat,</span> <span class='ocrx_word' id='word_1_203' title='bbox 1477 1734 1556 1814; x_wconf 85' lang='lat' dir='ltr'>rpmd</span> <span class='ocrx_word' id='word_1_204' title='bbox 1568 1734 1665 1812; x_wconf 73' lang='lat' dir='ltr'>Regio</span> 
     </span>
     <span class='ocr_line' id='line_1_18' title="bbox 82 1814 1664 1897; baseline 0.004 -19"><span class='ocrx_word' id='word_1_205' title='bbox 82 1839 119 1879; x_wconf 84' lang='grc' dir='ltr'>ιι</span> <span class='ocrx_word' id='word_1_206' title='bbox 139 1818 185 1892; x_wconf 80' lang='lat' dir='ltr'>(id</span> <span class='ocrx_word' id='word_1_207' title='bbox 206 1814 285 1897; x_wconf 84' lang='lat' dir='ltr'>quod</span> <span class='ocrx_word' id='word_1_208' title='bbox 305 1817 420 1893; x_wconf 78' lang='lat' dir='ltr'>signum</span> <span class='ocrx_word' id='word_1_209' title='bbox 432 1819 575 1877; x_wconf 84' lang='lat' dir='ltr'>maeroris</span> <span class='ocrx_word' id='word_1_210' title='bbox 594 1820 657 1893; x_wconf 85' lang='lat' dir='ltr'>est)</span> <span class='ocrx_word' id='word_1_211' title='bbox 677 1818 808 1878; x_wconf 81' lang='lat' dir='ltr'>dellrrere</span> <span class='ocrx_word' id='word_1_212' title='bbox 862 1820 1003 1883; x_wconf 82' lang='lat' dir='ltr'>Polooiao</span> <span class='ocrx_word' id='word_1_213' title='bbox 1023 1824 1153 1883; x_wconf 81' lang='lat' dir='ltr'>exercito</span> <span class='ocrx_word' id='word_1_214' title='bbox 1164 1822 1356 1895; x_wconf 82' lang='lat' dir='ltr'>discurrente,</span> <span class='ocrx_word' id='word_1_215' title='bbox 1376 1828 1479 1886; x_wconf 87' lang='lat' dir='ltr'>itinera</span> <span class='ocrx_word' id='word_1_216' title='bbox 1491 1825 1530 1887; x_wconf 85' lang='lat' dir='ltr'>ad</span> <span class='ocrx_word' id='word_1_217' title='bbox 1543 1826 1664 1887; x_wconf 86' lang='lat' dir='ltr'>reditum</span> 
     </span>
     <span class='ocr_line' id='line_1_19' title="bbox 82 1906 1666 1989; baseline 0.004 -16"><span class='ocrx_word' id='word_1_218' title='bbox 82 1918 151 1983; x_wconf 78' lang='lat' dir='ltr'>ates,</span> <span class='ocrx_word' id='word_1_219' title='bbox 170 1928 268 1989; x_wconf 84' lang='lat' dir='ltr'>oeque</span> <span class='ocrx_word' id='word_1_220' title='bbox 287 1906 427 1989; x_wconf 85' lang='lat' dir='ltr'>pileolum</span> <span class='ocrx_word' id='word_1_221' title='bbox 449 1909 613 1971; x_wconf 74' lang='lat' dir='ltr'>nobilitatis</span> <span class='ocrx_word' id='word_1_222' title='bbox 632 1912 749 1988; x_wconf 77' lang='lat' dir='ltr'>insigne</span> <span class='ocrx_word' id='word_1_223' title='bbox 765 1908 807 1969; x_wconf 89' lang='lat' dir='ltr'>lo·</span> <span class='ocrx_word' id='word_1_224' title='bbox 862 1910 942 1975; x_wconf 91' lang='lat' dir='ltr'>baud</span> <span class='ocrx_word' id='word_1_225' title='bbox 961 1922 1027 1976; x_wconf 87' lang='lat' dir='ltr'>tuta</span> <span class='ocrx_word' id='word_1_226' title='bbox 1045 1922 1138 1987; x_wconf 81' lang='lat' dir='ltr'>amnt,</span> <span class='ocrx_word' id='word_1_227' title='bbox 1158 1916 1234 1978; x_wconf 88' lang='lat' dir='ltr'>duos</span> <span class='ocrx_word' id='word_1_228' title='bbox 1259 1917 1383 1979; x_wconf 82' lang='lat' dir='ltr'>llloseos</span> <span class='ocrx_word' id='word_1_229' title='bbox 1407 1917 1445 1978; x_wconf 89' lang='lat' dir='ltr'>ad</span> <span class='ocrx_word' id='word_1_230' title='bbox 1467 1917 1666 1989; x_wconf 85' lang='lat' dir='ltr'>Patrierebas,</span> 
     </span>
     <span class='ocr_line' id='line_1_20' title="bbox 82 2000 1664 2089; baseline 0.004 -25"><span class='ocrx_word' id='word_1_231' title='bbox 82 2022 116 2065; x_wconf 73' lang='lat' dir='ltr'>tc.</span> <span class='ocrx_word' id='word_1_232' title='bbox 137 2000 208 2074; x_wconf 77' lang='lat' dir='ltr'>Qua</span> <span class='ocrx_word' id='word_1_233' title='bbox 225 2002 256 2061; x_wconf 91' lang='lat' dir='ltr'>io</span> <span class='ocrx_word' id='word_1_234' title='bbox 275 2020 309 2061; x_wconf 89' lang='lat' dir='ltr'>re</span> <span class='ocrx_word' id='word_1_235' title='bbox 328 2000 431 2061; x_wconf 87' lang='lat' dir='ltr'>miram</span> <span class='ocrx_word' id='word_1_236' title='bbox 453 2000 509 2062; x_wconf 88' lang='lat' dir='ltr'>Dei</span> <span class='ocrx_word' id='word_1_237' title='bbox 534 2001 754 2083; x_wconf 80' lang='lat' dir='ltr'>providentioe,</span> <span class='ocrx_word' id='word_1_238' title='bbox 775 2008 806 2061; x_wconf 88' lang='lat' dir='ltr'>et</span> <span class='ocrx_word' id='word_1_239' title='bbox 862 2010 1102 2089; x_wconf 68' lang='lat' dir='ltr'>monasteriaque</span> <span class='ocrx_word' id='word_1_240' title='bbox 1132 2008 1266 2069; x_wconf 75' lang='lat' dir='ltr'>Orientis</span> <span class='ocrx_word' id='word_1_241' title='bbox 1287 2012 1381 2081; x_wconf 82' lang='lat' dir='ltr'>misit,</span> <span class='ocrx_word' id='word_1_242' title='bbox 1402 2009 1490 2070; x_wconf 88' lang='lat' dir='ltr'>denis</span> <span class='ocrx_word' id='word_1_243' title='bbox 1510 2011 1664 2072; x_wconf 81' lang='lat' dir='ltr'>rublooura</span> 
     </span>
     <span class='ocr_line' id='line_1_21' title="bbox 82 2094 1664 2185; baseline 0.003 -27"><span class='ocrx_word' id='word_1_244' title='bbox 82 2099 136 2158; x_wconf 81' lang='lat' dir='ltr'>tiso</span> <span class='ocrx_word' id='word_1_245' title='bbox 155 2096 310 2157; x_wconf 83' lang='lat' dir='ltr'>caritatem</span> <span class='ocrx_word' id='word_1_246' title='bbox 329 2094 513 2171; x_wconf 58' lang='lat' dir='ltr'>agnouimus</span> <span class='ocrx_word' id='word_1_247' title='bbox 533 2096 612 2175; x_wconf 79' lang='lat' dir='ltr'>quud</span> <span class='ocrx_word' id='word_1_248' title='bbox 631 2096 807 2175; x_wconf 70' lang='lat' dir='ltr'>cumprime</span> <span class='ocrx_word' id='word_1_249' title='bbox 862 2100 994 2161; x_wconf 87' lang='lat' dir='ltr'>millibus</span> <span class='ocrx_word' id='word_1_250' title='bbox 1019 2101 1133 2175; x_wconf 80' lang='lat' dir='ltr'>(niblo.</span> <span class='ocrx_word' id='word_1_251' title='bbox 1154 2102 1241 2180; x_wconf 83' lang='lat' dir='ltr'>parrlo</span> <span class='ocrx_word' id='word_1_252' title='bbox 1265 2104 1335 2185; x_wconf 90' lang='lat' dir='ltr'>plus</span> <span class='ocrx_word' id='word_1_253' title='bbox 1360 2103 1479 2163; x_wconf 86' lang='lat' dir='ltr'>duobus</span> <span class='ocrx_word' id='word_1_254' title='bbox 1504 2106 1664 2166; x_wconf 77' lang='lat' dir='ltr'>Cororratiu</span> 
     </span>
     <span class='ocr_line' id='line_1_22' title="bbox 82 2183 1664 2277; baseline 0.005 -26"><span class='ocrx_word' id='word_1_255' title='bbox 82 2208 143 2251; x_wconf 73' lang='lat' dir='ltr'>eura</span> <span class='ocrx_word' id='word_1_256' title='bbox 174 2186 340 2264; x_wconf 78' lang='lat' dir='ltr'>Principem</span> <span class='ocrx_word' id='word_1_257' title='bbox 365 2183 494 2247; x_wconf 78' lang='lat' dir='ltr'>aduernu</span> <span class='ocrx_word' id='word_1_258' title='bbox 522 2188 611 2248; x_wconf 86' lang='lat' dir='ltr'>nobis</span> <span class='ocrx_word' id='word_1_259' title='bbox 641 2185 806 2258; x_wconf 88' lang='lat' dir='ltr'>illuderent,</span> <span class='ocrx_word' id='word_1_260' title='bbox 861 2194 1019 2269; x_wconf 84' lang='lat' dir='ltr'>censetur)</span> <span class='ocrx_word' id='word_1_261' title='bbox 1030 2193 1069 2253; x_wconf 86' lang='lat' dir='ltr'>ad</span> <span class='ocrx_word' id='word_1_262' title='bbox 1087 2196 1317 2274; x_wconf 81' lang='lat' dir='ltr'>eleemosynam.</span> <span class='ocrx_word' id='word_1_263' title='bbox 1336 2197 1447 2277; x_wconf 76' lang='lat' dir='ltr'>filiique</span> <span class='ocrx_word' id='word_1_264' title='bbox 1466 2196 1609 2257; x_wconf 79' lang='lat' dir='ltr'>demortui</span> <span class='ocrx_word' id='word_1_265' title='bbox 1621 2218 1664 2259; x_wconf 88' lang='lat' dir='ltr'>re·</span> 
     </span>
     <span class='ocr_line' id='line_1_23' title="bbox 82 2276 1663 2369; baseline 0.006 -27"><span class='ocrx_word' id='word_1_266' title='bbox 82 2282 196 2359; x_wconf 73' lang='lat' dir='ltr'>tuigric</span> <span class='ocrx_word' id='word_1_267' title='bbox 216 2279 352 2342; x_wconf 85' lang='lat' dir='ltr'>restibus</span> <span class='ocrx_word' id='word_1_268' title='bbox 377 2276 486 2349; x_wconf 88' lang='lat' dir='ltr'>induti,</span> <span class='ocrx_word' id='word_1_269' title='bbox 513 2286 545 2339; x_wconf 91' lang='lat' dir='ltr'>et</span> <span class='ocrx_word' id='word_1_270' title='bbox 568 2288 709 2361; x_wconf 81' lang='lat' dir='ltr'>tanquan</span> <span class='ocrx_word' id='word_1_271' title='bbox 734 2298 805 2360; x_wconf 86' lang='lat' dir='ltr'>puu·</span> <span class='ocrx_word' id='word_1_272' title='bbox 862 2286 1007 2365; x_wconf 82' lang='lat' dir='ltr'>trigorium</span> <span class='ocrx_word' id='word_1_273' title='bbox 1029 2286 1240 2365; x_wconf 88' lang='lat' dir='ltr'>procurandum</span> <span class='ocrx_word' id='word_1_274' title='bbox 1260 2287 1348 2351; x_wconf 79' lang='lat' dir='ltr'>(latis.</span> <span class='ocrx_word' id='word_1_275' title='bbox 1386 2288 1462 2351; x_wconf 86' lang='lat' dir='ltr'>Nora</span> <span class='ocrx_word' id='word_1_276' title='bbox 1483 2300 1514 2351; x_wconf 88' lang='lat' dir='ltr'>et</span> <span class='ocrx_word' id='word_1_277' title='bbox 1546 2292 1663 2369; x_wconf 74' lang='lat' dir='ltr'>singulo</span> 
     </span>
     <span class='ocr_line' id='line_1_24' title="bbox 89 2371 1663 2463; baseline 0.004 -26"><span class='ocrx_word' id='word_1_278' title='bbox 89 2372 311 2442; x_wconf 67' lang='lat' dir='ltr'>incederemus,</span> <span class='ocrx_word' id='word_1_279' title='bbox 339 2371 379 2445; x_wconf 85' lang='lat' dir='ltr'>(is</span> <span class='ocrx_word' id='word_1_280' title='bbox 398 2372 477 2432; x_wconf 67' lang='lat' dir='ltr'>tsslm</span> <span class='ocrx_word' id='word_1_281' title='bbox 502 2372 583 2433; x_wconf 65' lang='lat'>⁰⁰¹⁰!</span> <span class='ocrx_word' id='word_1_282' title='bbox 609 2374 647 2432; x_wconf 72' lang='lat' dir='ltr'>ltu</span> <span class='ocrx_word' id='word_1_283' title='bbox 666 2382 725 2442; x_wconf 72' lang='lat' dir='ltr'>⁰⁸b</span> <span class='ocrx_word' id='word_1_284' title='bbox 754 2381 806 2433; x_wconf 71' lang='lat' dir='ltr'>tut</span> <span class='ocrx_word' id='word_1_285' title='bbox 830 2372 833 2377; x_wconf 66' lang='grc'><strong>’</strong></span> <span class='ocrx_word' id='word_1_286' title='bbox 861 2380 987 2440; x_wconf 89' lang='lat' dir='ltr'>triennio</span> <span class='ocrx_word' id='word_1_287' title='bbox 1009 2381 1039 2439; x_wconf 94' lang='lat' dir='ltr'>in</span> <span class='ocrx_word' id='word_1_288' title='bbox 1059 2376 1212 2441; x_wconf 86' lang='lat' dir='ltr'>Orientem</span> <span class='ocrx_word' id='word_1_289' title='bbox 1233 2381 1271 2442; x_wconf 89' lang='lat' dir='ltr'>ad</span> <span class='ocrx_word' id='word_1_290' title='bbox 1293 2381 1415 2443; x_wconf 87' lang='lat' dir='ltr'>eosdem</span> <span class='ocrx_word' id='word_1_291' title='bbox 1428 2384 1584 2463; x_wconf 67' lang='lat' dir='ltr'>pimeniam</span> <span class='ocrx_word' id='word_1_292' title='bbox 1599 2386 1663 2445; x_wconf 91' lang='lat' dir='ltr'>mit·</span> 
     </span>
     <span class='ocr_line' id='line_1_25' title="bbox 82 2463 1664 2554; baseline 0.004 -26"><span class='ocrx_word' id='word_1_293' title='bbox 82 2487 148 2535; x_wconf 85' lang='lat' dir='ltr'>ens,</span> <span class='ocrx_word' id='word_1_294' title='bbox 167 2474 220 2525; x_wconf 88' lang='lat' dir='ltr'>aut</span> <span class='ocrx_word' id='word_1_295' title='bbox 239 2463 385 2541; x_wconf 82' lang='lat' dir='ltr'>lugubris)</span> <span class='ocrx_word' id='word_1_296' title='bbox 416 2468 476 2523; x_wconf 83' lang='lat' dir='ltr'>turn</span> <span class='ocrx_word' id='word_1_297' title='bbox 511 2466 568 2545; x_wconf 87' lang='lat' dir='ltr'>ipsi</span> <span class='ocrx_word' id='word_1_298' title='bbox 595 2465 634 2525; x_wconf 90' lang='lat' dir='ltr'>ob</span> <span class='ocrx_word' id='word_1_299' title='bbox 660 2464 805 2525; x_wconf 77' lang='lat' dir='ltr'>demortui</span> <span class='ocrx_word' id='word_1_300' title='bbox 859 2474 905 2541; x_wconf 88' lang='lat' dir='ltr'>tit,</span> <span class='ocrx_word' id='word_1_301' title='bbox 925 2472 1004 2553; x_wconf 75' lang='lat' dir='ltr'>qnod</span> <span class='ocrx_word' id='word_1_302' title='bbox 1024 2473 1063 2533; x_wconf 87' lang='lat' dir='ltr'>ab</span> <span class='ocrx_word' id='word_1_303' title='bbox 1083 2474 1122 2533; x_wconf 86' lang='lat' dir='ltr'>iis</span> <span class='ocrx_word' id='word_1_304' title='bbox 1140 2476 1258 2543; x_wconf 82' lang='lat' dir='ltr'>auitam,</span> <span class='ocrx_word' id='word_1_305' title='bbox 1278 2481 1528 2554; x_wconf 76' lang='lat' dir='ltr'>qrramuteuuque</span> <span class='ocrx_word' id='word_1_306' title='bbox 1543 2475 1664 2549; x_wconf 78' lang='lat' dir='ltr'>babent,</span> 
     </span>
    </p>
   </div>
   <div class='ocr_carea' id='block_1_4' title="bbox 82 2553 1662 2740">
    <p class='ocr_par' dir='ltr' id='par_1_4' title="bbox 82 2553 1662 2740">
     <span class='ocr_line' id='line_1_26' title="bbox 82 2553 1662 2639; baseline 0.006 -20"><span class='ocrx_word' id='word_1_307' title='bbox 82 2559 128 2619; x_wconf 83' lang='lat' dir='ltr'>uis</span> <span class='ocrx_word' id='word_1_308' title='bbox 146 2557 265 2626; x_wconf 69' lang='lat' dir='ltr'>luctuum</span> <span class='ocrx_word' id='word_1_309' title='bbox 283 2553 387 2615; x_wconf 84' lang='lat' dir='ltr'>eaden</span> <span class='ocrx_word' id='word_1_310' title='bbox 408 2558 450 2617; x_wconf 94' lang='lat' dir='ltr'>uti</span> <span class='ocrx_word' id='word_1_311' title='bbox 469 2564 653 2637; x_wconf 76' lang='lat' dir='ltr'>cogereruur,</span> <span class='ocrx_word' id='word_1_312' title='bbox 674 2556 806 2637; x_wconf 88' lang='lat' dir='ltr'>oibilquc</span> <span class='ocrx_word' id='word_1_313' title='bbox 860 2565 929 2627; x_wconf 92' lang='lat' dir='ltr'>lidei</span> <span class='ocrx_word' id='word_1_314' title='bbox 950 2566 1086 2627; x_wconf 75' lang='lat' dir='ltr'>(baccae</span> <span class='ocrx_word' id='word_1_315' title='bbox 1105 2568 1237 2628; x_wconf 88' lang='lat' dir='ltr'>notitiam</span> <span class='ocrx_word' id='word_1_316' title='bbox 1256 2568 1390 2629; x_wconf 76' lang='lat' dir='ltr'>liutbeoi</span> <span class='ocrx_word' id='word_1_317' title='bbox 1410 2568 1572 2639; x_wconf 87' lang='lat' dir='ltr'>lmuscriot,</span> <span class='ocrx_word' id='word_1_318' title='bbox 1593 2568 1662 2628; x_wconf 80' lang='lat' dir='ltr'>lieet</span> 
     </span>
     <span class='ocr_line' id='line_1_27' title="bbox 82 2647 1251 2740; baseline -0.002 -27"><span class='ocrx_word' id='word_1_319' title='bbox 82 2650 137 2713; x_wconf 85' lang='lat' dir='ltr'>bac</span> <span class='ocrx_word' id='word_1_320' title='bbox 156 2648 195 2711; x_wconf 89' lang='lat' dir='ltr'>de</span> <span class='ocrx_word' id='word_1_321' title='bbox 214 2670 247 2711; x_wconf 87' lang='lat' dir='ltr'>rc</span> <span class='ocrx_word' id='word_1_322' title='bbox 266 2649 370 2709; x_wconf 68' lang='lat' dir='ltr'>mutire</span> <span class='ocrx_word' id='word_1_323' title='bbox 388 2647 533 2709; x_wconf 86' lang='lat' dir='ltr'>audirent.</span> <span class='ocrx_word' id='word_1_324' title='bbox 561 2650 717 2711; x_wconf 69' lang='lat' dir='ltr'>Caeterum·</span> <span class='ocrx_word' id='word_1_325' title='bbox 738 2670 803 2711; x_wconf 76' lang='lat' dir='ltr'>cun</span> <span class='ocrx_word' id='word_1_326' title='bbox 860 2660 889 2719; x_wconf 74' lang='lat' dir='ltr'>tn</span> <span class='ocrx_word' id='word_1_327' title='bbox 911 2659 1011 2720; x_wconf 63' lang='lat' dir='ltr'>nutris</span> <span class='ocrx_word' id='word_1_328' title='bbox 1025 2661 1086 2740; x_wconf 67' lang='lat' dir='ltr'>jan</span> <span class='ocrx_word' id='word_1_329' title='bbox 1107 2658 1251 2720; x_wconf 69' lang='lat' dir='ltr'>differant,</span> 
     </span>
    </p>
   </div>
   <div class='ocr_carea' id='block_1_5' title="bbox 82 2740 803 2825">
    <p class='ocr_par' dir='ltr' id='par_1_5' title="bbox 82 2740 803 2825">
     <span class='ocr_line' id='line_1_28' title="bbox 82 2740 803 2825; baseline -0.003 -20"><span class='ocrx_word' id='word_1_330' title='bbox 82 2764 151 2825; x_wconf 83' lang='lat' dir='ltr'>caps</span> <span class='ocrx_word' id='word_1_331' title='bbox 168 2741 311 2805; x_wconf 73' lang='lat' dir='ltr'>odmeato</span> <span class='ocrx_word' id='word_1_332' title='bbox 323 2740 449 2813; x_wconf 79' lang='lat' dir='ltr'>Senatu,</span> <span class='ocrx_word' id='word_1_333' title='bbox 468 2743 536 2803; x_wconf 86' lang='lat' dir='ltr'>suis</span> <span class='ocrx_word' id='word_1_334' title='bbox 548 2744 680 2822; x_wconf 82' lang='lat' dir='ltr'>peccatis</span> <span class='ocrx_word' id='word_1_335' title='bbox 691 2743 803 2803; x_wconf 87' lang='lat' dir='ltr'>lactura</span> 
     </span>
    </p>
   </div>
   <div class='ocr_carea' id='block_1_6' title="bbox 95 2830 1366 2914">
    <p class='ocr_par' dir='ltr' id='par_1_6' title="bbox 95 2830 1366 2914">
     <span class='ocr_line' id='line_1_29' title="bbox 95 2830 1366 2914; baseline 0.009 -15"><span class='ocrx_word' id='word_1_336' title='bbox 95 2836 234 2905; x_wconf 82' lang='lat' dir='ltr'>dixisset,</span> <span class='ocrx_word' id='word_1_337' title='bbox 258 2838 291 2893; x_wconf 93' lang='lat' dir='ltr'>ut</span> <span class='ocrx_word' id='word_1_338' title='bbox 308 2830 443 2895; x_wconf 71' lang='lat' dir='ltr'>dwooes</span> <span class='ocrx_word' id='word_1_339' title='bbox 461 2842 637 2895; x_wconf 68' lang='lat' dir='ltr'>terereturc</span> <span class='ocrx_word' id='word_1_340' title='bbox 677 2854 804 2914; x_wconf 76' lang='lat' dir='ltr'>cunque</span> <span class='ocrx_word' id='word_1_341' title='bbox 1171 2834 1366 2909; x_wconf 73' lang='lat' dir='ltr'><strong><em>RATIO</em></strong></span> 
     </span>
    </p>
   </div>
   <div class='ocr_carea' id='block_1_7' title="bbox 82 2926 1664 5225">
    <p class='ocr_par' dir='ltr' id='par_1_7' title="bbox 82 2926 1643 3097">
     <span class='ocr_line' id='line_1_30' title="bbox 82 2926 1643 3019; baseline 0.001 -14"><span class='ocrx_word' id='word_1_342' title='bbox 82 2926 226 3009; x_wconf 72' lang='lat' dir='ltr'>t⁰⁸⁰tl¹¹¹¹</span> <span class='ocrx_word' id='word_1_343' title='bbox 246 2932 360 2995; x_wconf 62' lang='lat' dir='ltr'>ml·</span> <span class='ocrx_word' id='word_1_344' title='bbox 380 2946 417 2987; x_wconf 73' lang='lat'>⁰¹</span> <span class='ocrx_word' id='word_1_345' title='bbox 435 2926 544 3005; x_wconf 56' lang='lat' dir='ltr'>blm</span> <span class='ocrx_word' id='word_1_346' title='bbox 563 2926 700 2989; x_wconf 65' lang='lat' dir='ltr'>‘¹¹¹¹&#39;th</span> <span class='ocrx_word' id='word_1_347' title='bbox 724 2926 803 2989; x_wconf 75' lang='lat' dir='ltr'>vide</span> <span class='ocrx_word' id='word_1_348' title='bbox 879 2956 1044 3005; x_wconf 81' lang='lat' dir='ltr'>ususroc</span> <span class='ocrx_word' id='word_1_349' title='bbox 1069 2958 1109 3004; x_wconf 85' lang='lat' dir='ltr'>ru</span> <span class='ocrx_word' id='word_1_350' title='bbox 1135 2956 1325 3005; x_wconf 81' lang='lat' dir='ltr'>moseum</span> <span class='ocrx_word' id='word_1_351' title='bbox 1349 2956 1580 3019; x_wconf 79' lang='lat' dir='ltr'>axcreiauor,</span> <span class='ocrx_word' id='word_1_352' title='bbox 1600 2960 1643 3007; x_wconf 79' lang='lat' dir='ltr'>sa</span> 
     </span>
     <span class='ocr_line' id='line_1_31' title="bbox 82 3014 1422 3097; baseline -0.001 -16"><span class='ocrx_word' id='word_1_353' title='bbox 82 3042 96 3091; x_wconf 77' lang='lat'>⁸,</span> <span class='ocrx_word' id='word_1_354' title='bbox 121 3020 151 3081; x_wconf 63' lang='lat' dir='ltr'>bl</span> <span class='ocrx_word' id='word_1_355' title='bbox 173 3018 214 3081; x_wconf 61' lang='lat' dir='ltr'>ld</span> <span class='ocrx_word' id='word_1_356' title='bbox 233 3014 425 3079; x_wconf 77' lang='lat' dir='ltr'>Theodorum</span> <span class='ocrx_word' id='word_1_357' title='bbox 450 3021 591 3080; x_wconf 72' lang='lat' dir='ltr'>uiatorem</span> <span class='ocrx_word' id='word_1_358' title='bbox 618 3026 688 3081; x_wconf 72' lang='lat' dir='ltr'>Mlti</span> <span class='ocrx_word' id='word_1_359' title='bbox 714 3020 803 3080; x_wconf 72' lang='lat' dir='ltr'>fillum</span> <span class='ocrx_word' id='word_1_360' title='bbox 1099 3048 1173 3095; x_wconf 58' lang='lat' dir='ltr'>cum</span> <span class='ocrx_word' id='word_1_361' title='bbox 1198 3050 1247 3097; x_wconf 72' lang='lat' dir='ltr'>ng</span> <span class='ocrx_word' id='word_1_362' title='bbox 1273 3048 1422 3097; x_wconf 57' lang='lat' dir='ltr'>puppup</span> 
     </span>
    </p>

    <p class='ocr_par' dir='ltr' id='par_1_8' title="bbox 82 3110 804 3191">
     <span class='ocr_line' id='line_1_32' title="bbox 82 3110 804 3191; baseline -0.001 -18"><span class='ocrx_word' id='word_1_363' title='bbox 82 3113 188 3173; x_wconf 64' lang='lat' dir='ltr'>enimet</span> <span class='ocrx_word' id='word_1_364' title='bbox 206 3112 368 3191; x_wconf 68' lang='lat' dir='ltr'>imperium,</span> <span class='ocrx_word' id='word_1_365' title='bbox 386 3110 417 3171; x_wconf 94' lang='lat' dir='ltr'>id</span> <span class='ocrx_word' id='word_1_366' title='bbox 443 3111 540 3173; x_wconf 85' lang='lat' dir='ltr'>ninus</span> <span class='ocrx_word' id='word_1_367' title='bbox 570 3118 654 3173; x_wconf 90' lang='lat' dir='ltr'>esset</span> <span class='ocrx_word' id='word_1_368' title='bbox 679 3113 804 3174; x_wconf 80' lang='lat' dir='ltr'>stabile:</span> 
     </span>
    </p>

    <p class='ocr_par' dir='ltr' id='par_1_9' title="bbox 82 3198 1664 5225">
     <span class='ocr_line' id='line_1_33' title="bbox 82 3198 1661 3286; baseline -0.003 -19"><span class='ocrx_word' id='word_1_369' title='bbox 82 3206 191 3267; x_wconf 82' lang='lat' dir='ltr'>illarioc</span> <span class='ocrx_word' id='word_1_370' title='bbox 215 3209 264 3265; x_wconf 88' lang='lat' dir='ltr'>est</span> <span class='ocrx_word' id='word_1_371' title='bbox 296 3200 446 3273; x_wconf 77' lang='lat' dir='ltr'>hortatus,</span> <span class='ocrx_word' id='word_1_372' title='bbox 473 3208 505 3263; x_wconf 90' lang='lat' dir='ltr'>ut</span> <span class='ocrx_word' id='word_1_373' title='bbox 538 3206 711 3281; x_wconf 81' lang='lat' dir='ltr'>cogitarent,</span> <span class='ocrx_word' id='word_1_374' title='bbox 742 3206 802 3286; x_wconf 85' lang='lat' dir='ltr'>qui·</span> <span class='ocrx_word' id='word_1_375' title='bbox 936 3198 976 3261; x_wconf 87' lang='lat' dir='ltr'>Et</span> <span class='ocrx_word' id='word_1_376' title='bbox 995 3219 1067 3261; x_wconf 84' lang='lat' dir='ltr'>vore</span> <span class='ocrx_word' id='word_1_377' title='bbox 1085 3210 1166 3269; x_wconf 86' lang='lat' dir='ltr'>sunt,</span> <span class='ocrx_word' id='word_1_378' title='bbox 1186 3206 1217 3260; x_wconf 92' lang='lat' dir='ltr'>et</span> <span class='ocrx_word' id='word_1_379' title='bbox 1236 3201 1388 3281; x_wconf 76' lang='lat' dir='ltr'>aanuun</span> <span class='ocrx_word' id='word_1_380' title='bbox 1408 3202 1556 3275; x_wconf 88' lang='lat' dir='ltr'>obtinent,</span> <span class='ocrx_word' id='word_1_381' title='bbox 1582 3224 1661 3283; x_wconf 80' lang='lat' dir='ltr'>quae</span> 
     </span>
     <span class='ocr_line' id='line_1_34' title="bbox 91 3292 1663 3377; baseline -0.003 -17"><span class='ocrx_word' id='word_1_382' title='bbox 91 3320 128 3361; x_wconf 83' lang='lat' dir='ltr'>cx</span> <span class='ocrx_word' id='word_1_383' title='bbox 146 3296 245 3373; x_wconf 77' lang='lat' dir='ltr'>Regni</span> <span class='ocrx_word' id='word_1_384' title='bbox 266 3294 458 3355; x_wconf 77' lang='lat' dir='ltr'>nobilioribus</span> <span class='ocrx_word' id='word_1_385' title='bbox 483 3296 513 3355; x_wconf 89' lang='lat' dir='ltr'>ia</span> <span class='ocrx_word' id='word_1_386' title='bbox 533 3296 679 3377; x_wconf 86' lang='lat' dir='ltr'>Principis</span> <span class='ocrx_word' id='word_1_387' title='bbox 705 3297 802 3359; x_wconf 89' lang='lat' dir='ltr'>locum</span> <span class='ocrx_word' id='word_1_388' title='bbox 859 3294 981 3375; x_wconf 83' lang='lat' dir='ltr'>scripsit</span> <span class='ocrx_word' id='word_1_389' title='bbox 998 3292 1231 3353; x_wconf 84' lang='lat' dir='ltr'>llcrbcrsteiuus</span> <span class='ocrx_word' id='word_1_390' title='bbox 1249 3293 1289 3354; x_wconf 92' lang='lat' dir='ltr'>de</span> <span class='ocrx_word' id='word_1_391' title='bbox 1311 3296 1439 3367; x_wconf 82' lang='lat' dir='ltr'>ratione,</span> <span class='ocrx_word' id='word_1_392' title='bbox 1459 3316 1518 3375; x_wconf 80' lang='lat' dir='ltr'>qua</span> <span class='ocrx_word' id='word_1_393' title='bbox 1537 3294 1663 3356; x_wconf 77' lang='lat' dir='ltr'>bloscrm</span> 
     </span>
     <span class='ocr_line' id='line_1_35' title="bbox 82 3383 1663 3469; baseline -0.001 -18"><span class='ocrx_word' id='word_1_394' title='bbox 82 3383 310 3451; x_wconf 74' lang='lat' dir='ltr'>:mucronum</span> <span class='ocrx_word' id='word_1_395' title='bbox 351 3388 409 3449; x_wconf 78' lang='lat' dir='ltr'>Cui</span> <span class='ocrx_word' id='word_1_396' title='bbox 435 3386 487 3455; x_wconf 88' lang='lat' dir='ltr'>illi,</span> <span class='ocrx_word' id='word_1_397' title='bbox 507 3387 617 3449; x_wconf 87' lang='lat' dir='ltr'>nullum</span> <span class='ocrx_word' id='word_1_398' title='bbox 647 3410 684 3450; x_wconf 92' lang='lat' dir='ltr'>so</span> <span class='ocrx_word' id='word_1_399' title='bbox 714 3391 802 3451; x_wconf 85' lang='lat' dir='ltr'>aliun</span> <span class='ocrx_word' id='word_1_400' title='bbox 859 3392 1044 3447; x_wconf 81' lang='lat' dir='ltr'>externorum</span> <span class='ocrx_word' id='word_1_401' title='bbox 1063 3386 1231 3466; x_wconf 80' lang='lat' dir='ltr'>Principum</span> <span class='ocrx_word' id='word_1_402' title='bbox 1251 3385 1385 3465; x_wconf 75' lang='lat' dir='ltr'>Legatos</span> <span class='ocrx_word' id='word_1_403' title='bbox 1405 3388 1523 3469; x_wconf 61' lang='lat' dir='ltr'>exsiluit.</span> <span class='ocrx_word' id='word_1_404' title='bbox 1564 3386 1663 3449; x_wconf 77' lang='lat' dir='ltr'>Nobis</span> 
     </span>
     <span class='ocr_line' id='line_1_36' title="bbox 82 3477 1663 3566; baseline -0.003 -21"><span class='ocrx_word' id='word_1_405' title='bbox 82 3502 186 3566; x_wconf 76' lang='lat' dir='ltr'>,quan</span> <span class='ocrx_word' id='word_1_406' title='bbox 198 3484 249 3563; x_wconf 83' lang='lat' dir='ltr'>qui</span> <span class='ocrx_word' id='word_1_407' title='bbox 260 3490 425 3561; x_wconf 89' lang='lat' dir='ltr'>supererat,</span> <span class='ocrx_word' id='word_1_408' title='bbox 436 3479 636 3553; x_wconf 82' lang='lat' dir='ltr'>Theodorum,</span> <span class='ocrx_word' id='word_1_409' title='bbox 647 3482 725 3564; x_wconf 81' lang='lat' dir='ltr'>quod</span> <span class='ocrx_word' id='word_1_410' title='bbox 737 3504 802 3544; x_wconf 87' lang='lat' dir='ltr'>eum</span> <span class='ocrx_word' id='word_1_411' title='bbox 858 3490 957 3541; x_wconf 78' lang='lat' dir='ltr'>tanen</span> <span class='ocrx_word' id='word_1_412' title='bbox 969 3484 1086 3561; x_wconf 86' lang='lat' dir='ltr'>praeter</span> <span class='ocrx_word' id='word_1_413' title='bbox 1102 3477 1162 3549; x_wconf 81' lang='lat' dir='ltr'>illo,</span> <span class='ocrx_word' id='word_1_414' title='bbox 1183 3479 1212 3538; x_wconf 92' lang='lat' dir='ltr'>in</span> <span class='ocrx_word' id='word_1_415' title='bbox 1225 3494 1322 3539; x_wconf 83' lang='lat' dir='ltr'>arcera</span> <span class='ocrx_word' id='word_1_416' title='bbox 1336 3477 1611 3551; x_wconf 82' lang='lat' dir='ltr'>Snoloosceuscru,</span> <span class='ocrx_word' id='word_1_417' title='bbox 1631 3486 1663 3541; x_wconf 89' lang='lat' dir='ltr'>et</span> 
     </span>
     <span class='ocr_line' id='line_1_37' title="bbox 82 3570 1663 3653; baseline -0.004 -14"><span class='ocrx_word' id='word_1_418' title='bbox 82 3582 127 3639; x_wconf 84' lang='lat' dir='ltr'>cat</span> <span class='ocrx_word' id='word_1_419' title='bbox 138 3571 364 3643; x_wconf 65' lang='lat' dir='ltr'>condicerent,</span> <span class='ocrx_word' id='word_1_420' title='bbox 384 3573 435 3650; x_wconf 80' lang='lat' dir='ltr'>qui</span> <span class='ocrx_word' id='word_1_421' title='bbox 454 3571 603 3653; x_wconf 83' lang='lat' dir='ltr'>Principis</span> <span class='ocrx_word' id='word_1_422' title='bbox 617 3581 702 3636; x_wconf 86' lang='lat' dir='ltr'>osset</span> <span class='ocrx_word' id='word_1_423' title='bbox 713 3576 802 3636; x_wconf 89' lang='lat' dir='ltr'>lilius.</span> <span class='ocrx_word' id='word_1_424' title='bbox 858 3570 1130 3650; x_wconf 79' lang='lat' dir='ltr'>Nonogardieoseor</span> <span class='ocrx_word' id='word_1_425' title='bbox 1151 3573 1243 3649; x_wconf 90' lang='lat' dir='ltr'>putuit</span> <span class='ocrx_word' id='word_1_426' title='bbox 1262 3570 1376 3642; x_wconf 85' lang='lat' dir='ltr'>editus,</span> <span class='ocrx_word' id='word_1_427' title='bbox 1400 3594 1515 3635; x_wconf 81' lang='lat' dir='ltr'>sunno</span> <span class='ocrx_word' id='word_1_428' title='bbox 1539 3571 1663 3643; x_wconf 86' lang='lat' dir='ltr'>lronore,</span> 
     </span>
     <span class='ocr_line' id='line_1_38' title="bbox 82 3662 1664 3745; baseline -0.003 -16"><span class='ocrx_word' id='word_1_429' title='bbox 82 3664 335 3739; x_wconf 64' lang='lat' dir='ltr'>meticulosum</span> <span class='ocrx_word' id='word_1_430' title='bbox 362 3664 439 3725; x_wconf 87' lang='lat' dir='ltr'>illam</span> <span class='ocrx_word' id='word_1_431' title='bbox 465 3662 571 3725; x_wconf 83' lang='lat' dir='ltr'>hortati</span> <span class='ocrx_word' id='word_1_432' title='bbox 596 3672 681 3734; x_wconf 85' lang='lat' dir='ltr'>suot,</span> <span class='ocrx_word' id='word_1_433' title='bbox 705 3678 737 3726; x_wconf 92' lang='lat' dir='ltr'>ut</span> <span class='ocrx_word' id='word_1_434' title='bbox 763 3690 802 3728; x_wconf 84' lang='lat' dir='ltr'>ex</span> <span class='ocrx_word' id='word_1_435' title='bbox 858 3670 1127 3743; x_wconf 82' lang='lat' dir='ltr'>tormentorumque</span> <span class='ocrx_word' id='word_1_436' title='bbox 1136 3664 1311 3743; x_wconf 80' lang='lat' dir='ltr'>explosioue</span> <span class='ocrx_word' id='word_1_437' title='bbox 1324 3666 1591 3745; x_wconf 73' lang='lat' dir='ltr'>ingentiumcquod</span> <span class='ocrx_word' id='word_1_438' title='bbox 1603 3687 1664 3726; x_wconf 92' lang='lat' dir='ltr'>non</span> 
     </span>
     <span class='ocr_line' id='line_1_39' title="bbox 82 3754 1662 3838; baseline -0.003 -15"><span class='ocrx_word' id='word_1_439' title='bbox 82 3782 99 3823; x_wconf 92' lang='lat' dir='ltr'>o</span> <span class='ocrx_word' id='word_1_440' title='bbox 118 3760 320 3835; x_wconf 74' lang='lat' dir='ltr'>abstergeret:</span> <span class='ocrx_word' id='word_1_441' title='bbox 340 3762 370 3815; x_wconf 87' lang='lat' dir='ltr'>et</span> <span class='ocrx_word' id='word_1_442' title='bbox 388 3757 438 3836; x_wconf 83' lang='lat' dir='ltr'>qui</span> <span class='ocrx_word' id='word_1_443' title='bbox 458 3776 531 3817; x_wconf 87' lang='lat' dir='ltr'>seso</span> <span class='ocrx_word' id='word_1_444' title='bbox 550 3756 687 3818; x_wconf 77' lang='lat' dir='ltr'>morracbi</span> <span class='ocrx_word' id='word_1_445' title='bbox 713 3760 801 3819; x_wconf 81' lang='lat' dir='ltr'>vitum</span> <span class='ocrx_word' id='word_1_446' title='bbox 858 3758 902 3817; x_wconf 90' lang='lat' dir='ltr'>ita</span> <span class='ocrx_word' id='word_1_447' title='bbox 919 3776 1121 3835; x_wconf 75' lang='lat' dir='ltr'>compereunt</span> <span class='ocrx_word' id='word_1_448' title='bbox 1140 3756 1223 3825; x_wconf 81' lang='lat' dir='ltr'>aliis,</span> <span class='ocrx_word' id='word_1_449' title='bbox 1247 3756 1298 3834; x_wconf 76' lang='lat' dir='ltr'>qui</span> <span class='ocrx_word' id='word_1_450' title='bbox 1317 3754 1357 3814; x_wconf 87' lang='lat' dir='ltr'>ad</span> <span class='ocrx_word' id='word_1_451' title='bbox 1382 3776 1469 3816; x_wconf 89' lang='lat' dir='ltr'>suum</span> <span class='ocrx_word' id='word_1_452' title='bbox 1496 3756 1662 3838; x_wconf 75' lang='lat' dir='ltr'>Principem</span> 
     </span>
     <span class='ocr_line' id='line_1_40' title="bbox 82 3847 1662 3935; baseline -0.003 -20"><span class='ocrx_word' id='word_1_453' title='bbox 82 3858 207 3935; x_wconf 76' lang='lat' dir='ltr'>epturuar</span> <span class='ocrx_word' id='word_1_454' title='bbox 228 3850 420 3919; x_wconf 80' lang='lat' dir='ltr'>insinuasset,</span> <span class='ocrx_word' id='word_1_455' title='bbox 441 3848 469 3909; x_wconf 91' lang='lat' dir='ltr'>is</span> <span class='ocrx_word' id='word_1_456' title='bbox 488 3854 520 3909; x_wconf 88' lang='lat' dir='ltr'>ut</span> <span class='ocrx_word' id='word_1_457' title='bbox 545 3847 576 3909; x_wconf 93' lang='lat' dir='ltr'>id</span> <span class='ocrx_word' id='word_1_458' title='bbox 601 3850 718 3911; x_wconf 87' lang='lat' dir='ltr'>consilii</span> <span class='ocrx_word' id='word_1_459' title='bbox 744 3851 802 3913; x_wconf 81' lang='lat' dir='ltr'>sal·</span> <span class='ocrx_word' id='word_1_460' title='bbox 859 3849 1051 3915; x_wconf 87' lang='lat' dir='ltr'>mitterentor,</span> <span class='ocrx_word' id='word_1_461' title='bbox 1072 3847 1192 3908; x_wconf 76' lang='lat' dir='ltr'>solitum</span> <span class='ocrx_word' id='word_1_462' title='bbox 1214 3848 1310 3907; x_wconf 83' lang='lat' dir='ltr'>luisse</span> <span class='ocrx_word' id='word_1_463' title='bbox 1329 3848 1390 3909; x_wconf 81' lang='lat' dir='ltr'>deri</span> <span class='ocrx_word' id='word_1_464' title='bbox 1411 3848 1560 3909; x_wconf 90' lang='lat' dir='ltr'>dicebaut.</span> <span class='ocrx_word' id='word_1_465' title='bbox 1592 3850 1662 3910; x_wconf 81' lang='lat' dir='ltr'>luc-</span> 
     </span>
     <span class='ocr_line' id='line_1_41' title="bbox 82 3938 1661 4021; baseline -0.003 -15"><span class='ocrx_word' id='word_1_466' title='bbox 82 3944 119 4007; x_wconf 83' lang='lat' dir='ltr'>ed</span> <span class='ocrx_word' id='word_1_467' title='bbox 138 3949 257 4021; x_wconf 72' lang='lat' dir='ltr'>tenpus</span> <span class='ocrx_word' id='word_1_468' title='bbox 274 3940 462 4011; x_wconf 76' lang='lat' dir='ltr'>dionensiae,</span> <span class='ocrx_word' id='word_1_469' title='bbox 487 3942 578 4002; x_wconf 88' lang='lat' dir='ltr'>rebus</span> <span class='ocrx_word' id='word_1_470' title='bbox 597 3943 708 4003; x_wconf 83' lang='lat' dir='ltr'>rectius</span> <span class='ocrx_word' id='word_1_471' title='bbox 733 3966 801 4005; x_wconf 90' lang='lat' dir='ltr'>eon·</span> <span class='ocrx_word' id='word_1_472' title='bbox 858 3962 925 4001; x_wconf 81' lang='lat' dir='ltr'>cun</span> <span class='ocrx_word' id='word_1_473' title='bbox 950 3946 999 4000; x_wconf 81' lang='lat' dir='ltr'>est</span> <span class='ocrx_word' id='word_1_474' title='bbox 1019 3941 1088 3999; x_wconf 80' lang='lat' dir='ltr'>iteri</span> <span class='ocrx_word' id='word_1_475' title='bbox 1108 3940 1233 4019; x_wconf 84' lang='lat' dir='ltr'>primum</span> <span class='ocrx_word' id='word_1_476' title='bbox 1254 3938 1406 4020; x_wconf 83' lang='lat' dir='ltr'>Episcopo</span> <span class='ocrx_word' id='word_1_477' title='bbox 1424 3940 1661 4009; x_wconf 77' lang='lat' dir='ltr'>Snolensceosi,</span> 
     </span>
     <span class='ocr_line' id='line_1_42' title="bbox 82 4030 1661 4115; baseline -0.001 -18"><span class='ocrx_word' id='word_1_478' title='bbox 82 4040 122 4109; x_wconf 85' lang='lat' dir='ltr'>is,</span> <span class='ocrx_word' id='word_1_479' title='bbox 141 4043 285 4097; x_wconf 73' lang='lat' dir='ltr'>mearet.</span> <span class='ocrx_word' id='word_1_480' title='bbox 321 4032 362 4095; x_wconf 79' lang='lat' dir='ltr'>ut</span> <span class='ocrx_word' id='word_1_481' title='bbox 382 4032 493 4115; x_wconf 82' lang='lat' dir='ltr'>Bojerii</span> <span class='ocrx_word' id='word_1_482' title='bbox 520 4040 617 4095; x_wconf 88' lang='lat' dir='ltr'>autera</span> <span class='ocrx_word' id='word_1_483' title='bbox 643 4034 674 4095; x_wconf 93' lang='lat' dir='ltr'>id</span> <span class='ocrx_word' id='word_1_484' title='bbox 700 4037 739 4095; x_wconf 91' lang='lat' dir='ltr'>ab</span> <span class='ocrx_word' id='word_1_485' title='bbox 765 4058 802 4096; x_wconf 91' lang='lat' dir='ltr'>eo</span> <span class='ocrx_word' id='word_1_486' title='bbox 860 4032 969 4095; x_wconf 90' lang='lat' dir='ltr'>deindo</span> <span class='ocrx_word' id='word_1_487' title='bbox 988 4030 1227 4113; x_wconf 77' lang='lat' dir='ltr'>Arclriepiseopo</span> <span class='ocrx_word' id='word_1_488' title='bbox 1246 4030 1492 4109; x_wconf 74' lang='lat' dir='ltr'>Nouogardieosi</span> <span class='ocrx_word' id='word_1_489' title='bbox 1511 4040 1544 4095; x_wconf 91' lang='lat' dir='ltr'>ut</span> <span class='ocrx_word' id='word_1_490' title='bbox 1562 4056 1661 4113; x_wconf 73' lang='lat' dir='ltr'>quan·</span> 
     </span>
     <span class='ocr_line' id='line_1_43' title="bbox 82 4123 1661 4210; baseline -0.001 -21"><span class='ocrx_word' id='word_1_491' title='bbox 82 4128 118 4189; x_wconf 91' lang='lat' dir='ltr'>de</span> <span class='ocrx_word' id='word_1_492' title='bbox 136 4125 312 4189; x_wconf 81' lang='lat' dir='ltr'>sufficiendo</span> <span class='ocrx_word' id='word_1_493' title='bbox 330 4127 433 4195; x_wconf 83' lang='lat' dir='ltr'>altero,</span> <span class='ocrx_word' id='word_1_494' title='bbox 453 4128 563 4204; x_wconf 88' lang='lat' dir='ltr'>opinati</span> <span class='ocrx_word' id='word_1_495' title='bbox 582 4134 663 4195; x_wconf 85' lang='lat' dir='ltr'>sunt,</span> <span class='ocrx_word' id='word_1_496' title='bbox 687 4135 719 4189; x_wconf 92' lang='lat' dir='ltr'>ut</span> <span class='ocrx_word' id='word_1_497' title='bbox 739 4150 801 4210; x_wconf 90' lang='lat' dir='ltr'>per·</span> <span class='ocrx_word' id='word_1_498' title='bbox 858 4125 909 4187; x_wconf 93' lang='lat' dir='ltr'>diu</span> <span class='ocrx_word' id='word_1_499' title='bbox 921 4124 1112 4196; x_wconf 79' lang='lat' dir='ltr'>Smolenscii,</span> <span class='ocrx_word' id='word_1_500' title='bbox 1131 4132 1162 4185; x_wconf 89' lang='lat' dir='ltr'>et</span> <span class='ocrx_word' id='word_1_501' title='bbox 1173 4123 1381 4202; x_wconf 70' lang='lat' dir='ltr'>Nouoganlice</span> <span class='ocrx_word' id='word_1_502' title='bbox 1391 4123 1591 4195; x_wconf 81' lang='lat' dir='ltr'>haereremus,</span> <span class='ocrx_word' id='word_1_503' title='bbox 1601 4125 1661 4189; x_wconf 89' lang='lat' dir='ltr'>lao-</span> 
     </span>
     <span class='ocr_line' id='line_1_44' title="bbox 83 4217 1660 4302; baseline -0.002 -19"><span class='ocrx_word' id='word_1_504' title='bbox 83 4223 124 4283; x_wconf 87' lang='lat' dir='ltr'>tls</span> <span class='ocrx_word' id='word_1_505' title='bbox 143 4222 261 4289; x_wconf 84' lang='lat' dir='ltr'>animis,</span> <span class='ocrx_word' id='word_1_506' title='bbox 285 4221 312 4279; x_wconf 89' lang='lat' dir='ltr'>si</span> <span class='ocrx_word' id='word_1_507' title='bbox 333 4239 421 4301; x_wconf 79' lang='lat' dir='ltr'>quen</span> <span class='ocrx_word' id='word_1_508' title='bbox 440 4221 471 4280; x_wconf 93' lang='lat' dir='ltr'>io</span> <span class='ocrx_word' id='word_1_509' title='bbox 495 4220 618 4281; x_wconf 78' lang='lat' dir='ltr'>alterno</span> <span class='ocrx_word' id='word_1_510' title='bbox 643 4227 802 4302; x_wconf 71' lang='lat' dir='ltr'>spectione</span> <span class='ocrx_word' id='word_1_511' title='bbox 858 4220 901 4280; x_wconf 87' lang='lat' dir='ltr'>tia</span> <span class='ocrx_word' id='word_1_512' title='bbox 920 4218 1007 4277; x_wconf 79' lang='lat' dir='ltr'>nobis</span> <span class='ocrx_word' id='word_1_513' title='bbox 1026 4217 1203 4297; x_wconf 87' lang='lat' dir='ltr'>praeberent</span> <span class='ocrx_word' id='word_1_514' title='bbox 1227 4218 1473 4289; x_wconf 76' lang='lat' dir='ltr'>instantissima,</span> <span class='ocrx_word' id='word_1_515' title='bbox 1498 4239 1551 4298; x_wconf 82' lang='lat' dir='ltr'>pro</span> <span class='ocrx_word' id='word_1_516' title='bbox 1577 4238 1660 4281; x_wconf 87' lang='lat' dir='ltr'>ruore</span> 
     </span>
     <span class='ocr_line' id='line_1_45' title="bbox 82 4305 1660 4393; baseline -0.003 -16"><span class='ocrx_word' id='word_1_517' title='bbox 82 4314 268 4383; x_wconf 79' lang='lat' dir='ltr'>advertisset,</span> <span class='ocrx_word' id='word_1_518' title='bbox 287 4324 319 4373; x_wconf 89' lang='lat' dir='ltr'>et</span> <span class='ocrx_word' id='word_1_519' title='bbox 338 4312 398 4381; x_wconf 89' lang='lat' dir='ltr'>ille,</span> <span class='ocrx_word' id='word_1_520' title='bbox 417 4318 448 4373; x_wconf 91' lang='lat' dir='ltr'>et</span> <span class='ocrx_word' id='word_1_521' title='bbox 468 4314 519 4391; x_wconf 83' lang='lat' dir='ltr'>qui</span> <span class='ocrx_word' id='word_1_522' title='bbox 539 4314 567 4373; x_wconf 92' lang='lat' dir='ltr'>ei</span> <span class='ocrx_word' id='word_1_523' title='bbox 586 4314 802 4377; x_wconf 80' lang='lat' dir='ltr'>auinoadbae·</span> <span class='ocrx_word' id='word_1_524' title='bbox 858 4312 967 4391; x_wconf 71' lang='lat' dir='ltr'>gentis.</span> <span class='ocrx_word' id='word_1_525' title='bbox 988 4305 1071 4390; x_wconf 86' lang='lat' dir='ltr'>lique</span> <span class='ocrx_word' id='word_1_526' title='bbox 1092 4310 1151 4391; x_wconf 88' lang='lat' dir='ltr'>ipsi</span> <span class='ocrx_word' id='word_1_527' title='bbox 1171 4308 1344 4385; x_wconf 74' lang='lat' dir='ltr'>(mandante</span> <span class='ocrx_word' id='word_1_528' title='bbox 1357 4308 1505 4391; x_wconf 82' lang='lat' dir='ltr'>Principe,</span> <span class='ocrx_word' id='word_1_529' title='bbox 1526 4318 1558 4371; x_wconf 94' lang='lat' dir='ltr'>ut</span> <span class='ocrx_word' id='word_1_530' title='bbox 1572 4312 1660 4393; x_wconf 87' lang='lat' dir='ltr'>pluri·</span> 
     </span>
     <span class='ocr_line' id='line_1_46' title="bbox 82 4403 1660 4483; baseline 0 -18"><span class='ocrx_word' id='word_1_531' title='bbox 82 4416 112 4479; x_wconf 83' lang='lat' dir='ltr'>t,</span> <span class='ocrx_word' id='word_1_532' title='bbox 132 4406 172 4467; x_wconf 92' lang='lat' dir='ltr'>do</span> <span class='ocrx_word' id='word_1_533' title='bbox 190 4405 290 4467; x_wconf 90' lang='lat' dir='ltr'>roedio</span> <span class='ocrx_word' id='word_1_534' title='bbox 315 4404 495 4465; x_wconf 87' lang='lat' dir='ltr'>tollerentur.</span> <span class='ocrx_word' id='word_1_535' title='bbox 536 4405 584 4465; x_wconf 81' lang='lat' dir='ltr'>Ae</span> <span class='ocrx_word' id='word_1_536' title='bbox 609 4412 708 4467; x_wconf 90' lang='lat' dir='ltr'>taraen</span> <span class='ocrx_word' id='word_1_537' title='bbox 734 4428 801 4467; x_wconf 89' lang='lat' dir='ltr'>cura</span> <span class='ocrx_word' id='word_1_538' title='bbox 826 4414 829 4433; x_wconf 94' lang='lat'>&#39;</span> <span class='ocrx_word' id='word_1_539' title='bbox 857 4406 916 4465; x_wconf 86' lang='lat' dir='ltr'>mic</span> <span class='ocrx_word' id='word_1_540' title='bbox 936 4404 1063 4471; x_wconf 85' lang='lat' dir='ltr'>lacrbus,</span> <span class='ocrx_word' id='word_1_541' title='bbox 1083 4410 1114 4463; x_wconf 90' lang='lat' dir='ltr'>et</span> <span class='ocrx_word' id='word_1_542' title='bbox 1133 4403 1247 4481; x_wconf 84' lang='lat' dir='ltr'>reliquo</span> <span class='ocrx_word' id='word_1_543' title='bbox 1265 4410 1407 4483; x_wconf 75' lang='lat' dir='ltr'>apparatu</span> <span class='ocrx_word' id='word_1_544' title='bbox 1426 4407 1660 4467; x_wconf 79' lang='lat' dir='ltr'>exorrmtisten·</span> 
     </span>
     <span class='ocr_line' id='line_1_47' title="bbox 82 4494 1660 4580; baseline -0.001 -21"><span class='ocrx_word' id='word_1_545' title='bbox 82 4520 142 4580; x_wconf 66' lang='lat' dir='ltr'>rep</span> <span class='ocrx_word' id='word_1_546' title='bbox 162 4520 201 4559; x_wconf 83' lang='lat' dir='ltr'>ex</span> <span class='ocrx_word' id='word_1_547' title='bbox 220 4516 351 4559; x_wconf 77' lang='lat' dir='ltr'>naerore</span> <span class='ocrx_word' id='word_1_548' title='bbox 376 4496 454 4569; x_wconf 80' lang='lat' dir='ltr'>(sive</span> <span class='ocrx_word' id='word_1_549' title='bbox 478 4496 648 4571; x_wconf 71' lang='lat' dir='ltr'>rliomctus)</span> <span class='ocrx_word' id='word_1_550' title='bbox 675 4498 802 4576; x_wconf 77' lang='lat' dir='ltr'>singulis</span> <span class='ocrx_word' id='word_1_551' title='bbox 825 4518 829 4551; x_wconf 77' lang='grc' dir='ltr'><strong>ι</strong></span> <span class='ocrx_word' id='word_1_552' title='bbox 857 4498 917 4579; x_wconf 92' lang='lat' dir='ltr'>plis</span> <span class='ocrx_word' id='word_1_553' title='bbox 935 4516 1052 4559; x_wconf 68' lang='lat' dir='ltr'>norun</span> <span class='ocrx_word' id='word_1_554' title='bbox 1065 4494 1213 4571; x_wconf 83' lang='lat' dir='ltr'>lacerent)</span> <span class='ocrx_word' id='word_1_555' title='bbox 1230 4502 1379 4573; x_wconf 69' lang='lat' dir='ltr'>regnunt,</span> <span class='ocrx_word' id='word_1_556' title='bbox 1398 4502 1430 4556; x_wconf 91' lang='lat' dir='ltr'>ut</span> <span class='ocrx_word' id='word_1_557' title='bbox 1443 4498 1591 4558; x_wconf 85' lang='lat' dir='ltr'>interesse</span> <span class='ocrx_word' id='word_1_558' title='bbox 1603 4498 1660 4557; x_wconf 81' lang='lat' dir='ltr'>rol·</span> 
     </span>
     <span class='ocr_line' id='line_1_48' title="bbox 82 4586 1658 4709; baseline -0.003 -56"><span class='ocrx_word' id='word_1_559' title='bbox 82 4594 140 4653; x_wconf 87' lang='lat' dir='ltr'>bus</span> <span class='ocrx_word' id='word_1_560' title='bbox 159 4591 198 4651; x_wconf 93' lang='lat' dir='ltr'>de</span> <span class='ocrx_word' id='word_1_561' title='bbox 218 4590 296 4651; x_wconf 89' lang='lat' dir='ltr'>lecto</span> <span class='ocrx_word' id='word_1_562' title='bbox 321 4594 471 4665; x_wconf 75' lang='lat' dir='ltr'>surgeret,</span> <span class='ocrx_word' id='word_1_563' title='bbox 495 4594 584 4669; x_wconf 74' lang='lat' dir='ltr'>ctqrre</span> <span class='ocrx_word' id='word_1_564' title='bbox 609 4590 648 4651; x_wconf 88' lang='lat' dir='ltr'>ad</span> <span class='ocrx_word' id='word_1_565' title='bbox 674 4592 801 4653; x_wconf 83' lang='lat' dir='ltr'>cubiculi</span> <span class='ocrx_word' id='word_1_566' title='bbox 825 4638 829 4709; x_wconf 75' lang='grc' dir='ltr'>Ι</span> <span class='ocrx_word' id='word_1_567' title='bbox 858 4592 962 4653; x_wconf 84' lang='lat' dir='ltr'>learns.</span> <span class='ocrx_word' id='word_1_568' title='bbox 983 4588 1065 4662; x_wconf 81' lang='lat' dir='ltr'>Qoto</span> <span class='ocrx_word' id='word_1_569' title='bbox 1086 4598 1117 4649; x_wconf 90' lang='lat' dir='ltr'>et</span> <span class='ocrx_word' id='word_1_570' title='bbox 1137 4586 1215 4647; x_wconf 92' lang='lat' dir='ltr'>idern</span> <span class='ocrx_word' id='word_1_571' title='bbox 1227 4588 1381 4669; x_wconf 85' lang='lat' dir='ltr'>Princeps,</span> <span class='ocrx_word' id='word_1_572' title='bbox 1400 4588 1658 4667; x_wconf 75' lang='lat' dir='ltr'>quinisbunloun</span> 
     </span>
     <span class='ocr_line' id='line_1_49' title="bbox 83 4681 1659 4765; baseline -0.004 -20"><span class='ocrx_word' id='word_1_573' title='bbox 83 4684 258 4745; x_wconf 83' lang='lat' dir='ltr'>cnaoibus</span> <span class='ocrx_word' id='word_1_574' title='bbox 277 4688 407 4760; x_wconf 82' lang='lat' dir='ltr'>reptans,</span> <span class='ocrx_word' id='word_1_575' title='bbox 427 4683 542 4757; x_wconf 68' lang='lat' dir='ltr'>magaria</span> <span class='ocrx_word' id='word_1_576' title='bbox 552 4685 691 4765; x_wconf 86' lang='lat' dir='ltr'>suspiriis</span> <span class='ocrx_word' id='word_1_577' title='bbox 703 4686 801 4751; x_wconf 85' lang='lat' dir='ltr'>editis.</span> <span class='ocrx_word' id='word_1_578' title='bbox 858 4684 988 4745; x_wconf 69' lang='lat' dir='ltr'>millibus</span> <span class='ocrx_word' id='word_1_579' title='bbox 1019 4684 1050 4743; x_wconf 93' lang='lat' dir='ltr'>in</span> <span class='ocrx_word' id='word_1_580' title='bbox 1081 4681 1180 4761; x_wconf 87' lang='lat' dir='ltr'>pluteo</span> <span class='ocrx_word' id='word_1_581' title='bbox 1203 4685 1317 4759; x_wconf 84' lang='lat' dir='ltr'>patenti</span> <span class='ocrx_word' id='word_1_582' title='bbox 1343 4682 1603 4747; x_wconf 80' lang='lat' dir='ltr'>conuenientibus.</span> <span class='ocrx_word' id='word_1_583' title='bbox 1627 4690 1659 4739; x_wconf 92' lang='lat' dir='ltr'>ut</span> 
     </span>
     <span class='ocr_line' id='line_1_50' title="bbox 82 4736 1661 4857; baseline -0.003 -19"><span class='ocrx_word' id='word_1_584' title='bbox 82 4800 90 4839; x_wconf 82' lang='lat' dir='ltr'>t</span> <span class='ocrx_word' id='word_1_585' title='bbox 110 4776 308 4837; x_wconf 71' lang='lat' dir='ltr'>cubiculariis</span> <span class='ocrx_word' id='word_1_586' title='bbox 328 4776 356 4835; x_wconf 94' lang='lat' dir='ltr'>io</span> <span class='ocrx_word' id='word_1_587' title='bbox 377 4774 558 4835; x_wconf 87' lang='lat' dir='ltr'>lectisternio</span> <span class='ocrx_word' id='word_1_588' title='bbox 574 4774 654 4835; x_wconf 87' lang='lat' dir='ltr'>burni</span> <span class='ocrx_word' id='word_1_589' title='bbox 674 4776 801 4857; x_wconf 88' lang='lat' dir='ltr'>depone·</span> <span class='ocrx_word' id='word_1_590' title='bbox 825 4736 830 4851; x_wconf 87' lang='lat' dir='ltr'>l</span> <span class='ocrx_word' id='word_1_591' title='bbox 858 4776 1059 4857; x_wconf 87' lang='lat' dir='ltr'>splendidiore</span> <span class='ocrx_word' id='word_1_592' title='bbox 1070 4774 1229 4853; x_wconf 79' lang='lat' dir='ltr'>nmjestnte</span> <span class='ocrx_word' id='word_1_593' title='bbox 1241 4791 1301 4831; x_wconf 76' lang='lat' dir='ltr'>ren</span> <span class='ocrx_word' id='word_1_594' title='bbox 1313 4771 1484 4843; x_wconf 85' lang='lat' dir='ltr'>illustraret,</span> <span class='ocrx_word' id='word_1_595' title='bbox 1501 4772 1661 4838; x_wconf 72' lang='lat' dir='ltr'>blesense.</span> 
     </span>
     <span class='ocr_line' id='line_1_51' title="bbox 101 4864 1659 4949; baseline -0.004 -18"><span class='ocrx_word' id='word_1_596' title='bbox 101 4872 160 4945; x_wconf 84' lang='lat' dir='ltr'>(sic</span> <span class='ocrx_word' id='word_1_597' title='bbox 179 4870 260 4931; x_wconf 90' lang='lat' dir='ltr'>eoira</span> <span class='ocrx_word' id='word_1_598' title='bbox 280 4874 394 4945; x_wconf 82' lang='lat' dir='ltr'>postea,</span> <span class='ocrx_word' id='word_1_599' title='bbox 416 4872 535 4943; x_wconf 86' lang='lat' dir='ltr'>recepto</span> <span class='ocrx_word' id='word_1_600' title='bbox 554 4869 669 4945; x_wconf 86' lang='lat' dir='ltr'>spiritu,</span> <span class='ocrx_word' id='word_1_601' title='bbox 694 4872 803 4929; x_wconf 75' lang='lat' dir='ltr'>oneratis</span> <span class='ocrx_word' id='word_1_602' title='bbox 859 4890 916 4931; x_wconf 79' lang='lat' dir='ltr'>suo</span> <span class='ocrx_word' id='word_1_603' title='bbox 936 4890 954 4928; x_wconf 94' lang='lat' dir='ltr'>o</span> <span class='ocrx_word' id='word_1_604' title='bbox 973 4866 1085 4949; x_wconf 77' lang='lat' dir='ltr'>palatio</span> <span class='ocrx_word' id='word_1_605' title='bbox 1109 4884 1174 4925; x_wconf 87' lang='lat' dir='ltr'>cura</span> <span class='ocrx_word' id='word_1_606' title='bbox 1195 4864 1401 4931; x_wconf 81' lang='lat' dir='ltr'>Scrmtoribos,</span> <span class='ocrx_word' id='word_1_607' title='bbox 1421 4872 1452 4925; x_wconf 88' lang='lat' dir='ltr'>et</span> <span class='ocrx_word' id='word_1_608' title='bbox 1472 4865 1659 4935; x_wconf 77' lang='lat' dir='ltr'>l&#39;roceribus,</span> 
     </span>
     <span class='ocr_line' id='line_1_52' title="bbox 82 4956 1660 5043; baseline -0.001 -22"><span class='ocrx_word' id='word_1_609' title='bbox 82 4982 104 5021; x_wconf 88' lang='lat' dir='ltr'>n</span> <span class='ocrx_word' id='word_1_610' title='bbox 130 4982 253 5043; x_wconf 74' lang='lat' dir='ltr'>sompnis</span> <span class='ocrx_word' id='word_1_611' title='bbox 278 4959 466 5039; x_wconf 75' lang='lat' dir='ltr'>quiescebat)</span> <span class='ocrx_word' id='word_1_612' title='bbox 491 4966 645 5038; x_wconf 72' lang='lat' dir='ltr'>prnrpterea</span> <span class='ocrx_word' id='word_1_613' title='bbox 671 4981 728 5019; x_wconf 85' lang='lat' dir='ltr'>nrm</span> <span class='ocrx_word' id='word_1_614' title='bbox 754 4960 803 5021; x_wconf 90' lang='lat' dir='ltr'>du·</span> <span class='ocrx_word' id='word_1_615' title='bbox 859 4960 1088 5039; x_wconf 69' lang='lat' dir='ltr'>(personantibus</span> <span class='ocrx_word' id='word_1_616' title='bbox 1107 4956 1324 5025; x_wconf 84' lang='lat' dir='ltr'>sacerdotibus,</span> <span class='ocrx_word' id='word_1_617' title='bbox 1346 4959 1537 5037; x_wconf 82' lang='lat' dir='ltr'>praelatoque</span> <span class='ocrx_word' id='word_1_618' title='bbox 1547 4957 1585 5021; x_wconf 85' lang='lat' dir='ltr'>B.</span> <span class='ocrx_word' id='word_1_619' title='bbox 1596 4956 1660 5019; x_wconf 79' lang='lat' dir='ltr'>t’o-</span> 
     </span>
     <span class='ocr_line' id='line_1_53' title="bbox 82 5048 1660 5133; baseline -0.003 -18"><span class='ocrx_word' id='word_1_620' title='bbox 82 5076 108 5115; x_wconf 74' lang='lat' dir='ltr'>:o</span> <span class='ocrx_word' id='word_1_621' title='bbox 127 5054 244 5133; x_wconf 81' lang='lat' dir='ltr'>quidam</span> <span class='ocrx_word' id='word_1_622' title='bbox 266 5052 722 5128; x_wconf 70' lang='lat' dir='ltr'>coriaogitareorriaroeoosilio.</span> <span class='ocrx_word' id='word_1_623' title='bbox 742 5055 804 5133; x_wconf 75' lang='lat' dir='ltr'>epd-</span> <span class='ocrx_word' id='word_1_624' title='bbox 860 5055 939 5129; x_wconf 73' lang='lat' dir='ltr'>ginis</span> <span class='ocrx_word' id='word_1_625' title='bbox 963 5052 1110 5129; x_wconf 72' lang='lat' dir='ltr'>imagine)</span> <span class='ocrx_word' id='word_1_626' title='bbox 1134 5048 1306 5117; x_wconf 72' lang='lat' dir='ltr'>uescenti,</span> <span class='ocrx_word' id='word_1_627' title='bbox 1331 5058 1363 5107; x_wconf 93' lang='lat' dir='ltr'>ut</span> <span class='ocrx_word' id='word_1_628' title='bbox 1388 5070 1445 5110; x_wconf 86' lang='lat' dir='ltr'>nos</span> <span class='ocrx_word' id='word_1_629' title='bbox 1469 5054 1499 5111; x_wconf 95' lang='lat' dir='ltr'>in</span> <span class='ocrx_word' id='word_1_630' title='bbox 1523 5051 1660 5129; x_wconf 79' lang='lat' dir='ltr'>tenplum</span> 
     </span>
     <span class='ocr_line' id='line_1_54' title="bbox 91 5142 1658 5225; baseline -0.004 -18"><span class='ocrx_word' id='word_1_631' title='bbox 91 5146 235 5225; x_wconf 61' lang='lat' dir='ltr'>maique.</span> <span class='ocrx_word' id='word_1_632' title='bbox 266 5148 293 5205; x_wconf 85' lang='lat' dir='ltr'>si</span> <span class='ocrx_word' id='word_1_633' title='bbox 318 5142 389 5223; x_wconf 77' lang='lat' dir='ltr'>quid</span> <span class='ocrx_word' id='word_1_634' title='bbox 415 5144 453 5203; x_wconf 83' lang='lat' dir='ltr'>rio</span> <span class='ocrx_word' id='word_1_635' title='bbox 481 5142 640 5205; x_wconf 80' lang='lat' dir='ltr'>Tbeodom</span> <span class='ocrx_word' id='word_1_636' title='bbox 664 5148 805 5207; x_wconf 75' lang='lat' dir='ltr'>euerrirct.</span> <span class='ocrx_word' id='word_1_637' title='bbox 862 5144 1036 5207; x_wconf 85' lang='lat' dir='ltr'>adduceret:</span> <span class='ocrx_word' id='word_1_638' title='bbox 1057 5146 1086 5203; x_wconf 91' lang='lat' dir='ltr'>in</span> <span class='ocrx_word' id='word_1_639' title='bbox 1105 5164 1164 5221; x_wconf 79' lang='lat' dir='ltr'>ouo</span> <span class='ocrx_word' id='word_1_640' title='bbox 1184 5142 1279 5203; x_wconf 75' lang='lat' dir='ltr'>locun</span> <span class='ocrx_word' id='word_1_641' title='bbox 1299 5143 1658 5221; x_wconf 84' lang='lat' dir='ltr'>pararilronorilieumjus·</span> 
     </span>
    </p>
   </div>
   <div class='ocr_carea' id='block_1_8' title="bbox 0 0 1876 5626">
    <p class='ocr_par' dir='ltr' id='par_1_10' title="bbox 0 0 1876 5626">
     <span class='ocr_line' id='line_1_55' title="bbox 0 0 1876 5626; baseline 0 0"><span class='ocrx_word' id='word_1_642' title='bbox 0 0 1876 5626; x_wconf 95' lang='lat' dir='ltr'> </span> 
     </span>
    </p>
   </div>
  </div>
 </body>
</html>
