3742 5626
527 228 656 291 vttau
676 224 859 290 loannis
879 217 1103 295 casanola,
1120 214 1248 283 utana
1266 214 1321 279 lll.
1719 212 1778 277 tab

175 395 251 456 lline
279 396 410 454 nimirum
438 397 598 470 generatae
618 391 715 452 Marte
735 391 904 450 Amazones
965 398 1022 457 nini
1044 398 1163 457 nininn
1181 393 1397 456 discedendum
1411 395 1542 473 puniant,
1562 392 1773 473 cogitabatque

100 494 219 549 nostrae
230 488 372 565 originem
386 484 518 555 trabunt,
531 506 608 565 qnae
621 484 770 564 Europam
787 483 904 543 Asiam·
965 496 1105 570 qnnntnnn
1129 510 1165 551 nn
1192 488 1313 548 cintoria
1335 488 1466 563 fructus,
1492 492 1633 567 quantum
1653 483 1773 564 gloriae,

99 602 158 661 qne
184 579 328 641 caedibus
353 583 384 638 et
412 581 558 655 sanguino
583 579 787 659 impleverunt.
829 575 907 635 lline
966 589 1104 663 quantun
1151 580 1319 663 splendoris
1359 578 1561 661 Reipublicae
1606 578 1769 640 nitidissct.

99 673 281 748 Martbesin,
302 672 372 732 hinne
401 670 534 747 orithia,
561 671 629 731 binc
648 672 785 750 Antiope,
806 670 905 729 menn-
967 676 1112 737 Sccntum
1155 673 1276 735 tandem
1314 679 1362 732 cst
1391 674 1540 733 comitium
1571 670 1777 735 Vnmaviensc

99 768 254 848 lippcque‚
286 764 356 825 biae
389 764 559 825 Thalestris
588 764 751 825 Alexandri
776 767 904 821 scortum
966 769 1145 838 nnnnndnnn,
1177 770 1206 827 in
1240 786 1299 846 qun
1332 765 1370 825 dc
1401 763 1600 825 continuando
1632 766 1775 825 victoriae

99 864 194 919 ortum
225 864 286 918 eut·
339 857 477 918 Profecto
508 867 623 933 autem,
654 857 906 929 buleuterium,
968 884 1075 939 eursu,
1103 860 1200 941 deque
1226 858 1403 921 conficiendi
1423 858 1493 919 belli
1516 857 1678 919 mtionibua
1699 875 1776 915 eona·

101 972 179 1012 aurae
204 951 303 1011 similo
328 951 446 1028 aliquod
471 951 576 1011 maltam
603 951 769 1011 cervicibus
793 949 907 1009 nostris
967 957 1044 1015 nnni
1064 955 1193 1014 nnninnn
1213 952 1352 1029 suffragio
1373 951 1635 1012 dniibnmtnmcst.
1679 947 1773 1009 Erant

100 1044 259 1126 impendet.
300 1044 380 1115 tinid
401 1046 479 1105 caim
500 1046 551 1104 isti
571 1044 736 1105 clamores?
755 1041 825 1123 quid
844 1061 907 1101 mu·
968 1048 1099 1109 nonnulli
1131 1049 1182 1127 qni
1214 1048 1346 1126 privatas
1381 1044 1533 1124 cupiditati
1566 1043 1673 1122 pntius-
1689 1058 1776 1120 quan

101 1139 203 1199 lichnis
235 1138 417 1220 nctntnnant
449 1137 518 1217 quid
551 1138 610 1197 eibi
636 1156 800 1197 concursus
830 1132 908 1193 lustu?
968 1143 1083 1202 bellicis
1096 1140 1232 1201 consiliis
1243 1141 1446 1219 obtemperare
1458 1138 1577 1207 vellent,
1597 1134 1776 1213 hostemque

101 1231 173 1312 qnid
204 1231 280 1293 haec
312 1232 373 1291 vult
402 1230 531 1291 seditiol
574 1231 623 1291 ubi
667 1236 715 1290 est
745 1229 908 1288 auctoritas
967 1234 997 1295 in
1018 1236 1113 1295 rastis
1136 1240 1168 1293 et
1188 1233 1394 1294 remotissimis
1412 1231 1584 1309 regionibus
1596 1228 1776 1289 habitantem

101 1326 222 1386 aosba‘l
240 1326 290 1385 ulai
303 1326 453 1402 imperinm
473 1324 681 1402 magistratus?
701 1322 771 1402 quin
787 1319 908 1380 tandem
968 1348 1025 1389 nnn
1046 1348 1118 1387 nnnn
1142 1327 1270 1407 nnpiinn
1289 1325 1498 1386 innnnnnnnnn
1517 1323 1666 1394 ninam,
1686 1340 1777 1400 qnnn.

103 1418 178 1478 llaec
204 1417 411 1477 conventicula
437 1416 611 1477 abolemus?
637 1417 723 1492 igliur
749 1435 787 1474 nn
806 1413 908 1473 lvarba·
969 1420 1007 1480 (lo
1038 1421 1089 1480 ille
1120 1420 1316 1481 adventitium
1343 1419 1504 1478 exercitum
1530 1414 1697 1477 cunctando
1726 1411 1778 1474 [gl.

104 1532 198 1571 rnrum
219 1511 439 1590 corrspiralioae
461 1509 688 1569 interficicnnrt
707 1508 773 1586 Ego
792 1506 909 1588 quidem
968 1515 1031 1575 innn
1049 1521 1173 1595 pingant,
1194 1519 1225 1572 nt
1244 1531 1368 1589 nngnnn
1388 1510 1477 1571 etinnn
1497 1528 1635 1570 nnnnnnn
1654 1507 1777 1569 diffinni.

103 1605 175 1663 mori
206 1603 304 1663 saalim
334 1624 422 1682 quam
453 1602 509 1663 bas
539 1601 733 1679 indignitates
761 1610 909 1682 spectare.
969 1613 1032 1679 tas,
1053 1614 1213 1685 certaeque
1231 1624 1327 1665 rerum
1346 1601 1568 1662 vicissitudines
1592 1622 1666 1682 spes
1687 1600 1777 1661 lan-i.

105 1695 252 1767 anninn
280 1702 379 1756 cutem
406 1698 505 1755 nivern
526 1714 630 1773 cogar,
653 1702 685 1753 ct
704 1697 842 1775 qnnninn
861 1713 908 1752 ve·
971 1718 1039 1760 num
1060 1717 1266 1777 nonnunquam
1294 1695 1414 1757 ctndsrc
1440 1696 1680 1755 consuevissent.
1720 1693 1778 1755 liis

104 1791 152 1851 bis
172 1793 260 1851 ctiam
281 1789 337 1848 bac
359 1789 435 1849 lucis
455 1808 545 1849 usura
565 1787 719 1847 fruendum
739 1786 838 1848 adbuc
853 1792 911 1857 est,
970 1792 1160 1874 opinionibus
1180 1790 1413 1872 praestantiores
1433 1788 1464 1847 in
1484 1788 1596 1867 populo
1608 1786 1778 1847 annnnffnn.

107 1886 288 1944 resuscitate
322 1900 435 1962 quaeso
470 1887 597 1962 aspectu
635 1880 725 1961 hujus
761 1880 911 1941 infortunii
970 1886 1017 1962 gia
1037 1883 1239 1966 opponebant,
1259 1903 1317 1942 aon
1339 1888 1397 1941 tam
1417 1880 1455 1940 do
1475 1878 1684 1961 persequendo
1698 1878 1776 1940 bello

105 1976 274 2036 debilitatos
299 1975 438 2054 spiritus,
462 1975 577 2034 utimini
603 1984 703 2034 vestra
726 1977 912 2044 auctoritate,
971 1998 1057 2059 quam
1085 1977 1123 2037 dc
1149 1978 1241 2037 rebus
1265 1974 1304 2035 ad
1332 1974 1361 2034 id
1387 1972 1618 2034 continuandam
1638 1990 1778 2035 necessa·

105 2076 136 2128 cl
155 2069 211 2129 bos
230 2089 344 2128 mecum
366 2069 512 2127 tumultus
535 2067 727 2146 compescite.
770 2065 911 2146 Perpessi
971 2073 1024 2131 riis
1049 2070 1248 2150 disputantes,
1294 2067 1355 2129 ΑΙίἰ
1380 2066 1612 2127 honestissimos
1632 2068 1712 2145 mgis
1731 2086 1777 2128 nn.

105 2182 209 2222 snmus
242 2160 454 2235 calamitatem,
483 2163 630 2241 jacturam
661 2160 912 2221 ornatissimorum
971 2169 1061 2223 natus
1084 2161 1251 2244 proditioue
1275 2161 1416 2221 remorari
1441 2160 1627 2238 cogitabant:
1654 2158 1777 2221 nefario·

105 2256 253 2315 bominum
286 2254 427 2323 facimus,
455 2272 556 2313 verum
588 2252 619 2312 id
648 2252 764 2331 quidem
796 2259 852 2329 cst,
883 2256 913 2312 ct
972 2278 1030 2337 quo
1050 2274 1176 2337 prorsus
1195 2253 1330 2324 consilio,
1351 2264 1382 2313 et
1402 2254 1509 2315 insana
1528 2251 1653 2314 audacia
1671 2254 1701 2312 in
1715 2270 1778 2333 por·

106 2356 260 2428 propterca
282 2349 366 2427 justo
392 2348 422 2405 iu
450 2346 530 2405 laetu
556 2366 717 2407 versamur.
758 2346 822 2406 Sed
843 2344 912 2406 dico
973 2352 1079 2410 aiciem
1100 2348 1269 2408 communis
1290 2348 1403 2427 patriae
1423 2348 1674 2428 conspiraverant.
1698 2344 1779 2404 Pria·

107 2442 192 2500 vobis
219 2432 277 2499 nnn
305 2439 391 2498 aliam
419 2458 492 2498 csso
516 2439 586 2499 belli
606 2439 767 2509 fortunam,
789 2460 844 2499 nee
863 2460 913 2501 res
972 2464 1046 2525 ceps
1067 2442 1122 2503 fuit
1143 2440 1307 2522 Gregorius
1329 2439 1493 2509 Oscbicus‚
1513 2438 1640 2499 boaesto
1660 2435 1781 2517 quidem

108 2532 278 2612 praeclarae
305 2533 366 2591 otio
391 2537 482 2611 atqua
502 2534 591 2614 joco,
615 2531 672 2593 scd
691 2534 790 2604 armis,
817 2535 913 2614 equis,
971 2556 1082 2616 genera
1114 2542 1216 2611 natus,
1248 2534 1304 2595 sed
1334 2554 1456 2612 corporo
1486 2553 1523 2594 ac
1546 2531 1665 2611 ingenio
1695 2530 1781 2589 inerti

54 2645 57 2658 ·
107 2628 193 2702 viris,
215 2627 354 2687 mortibus
368 2626 568 2706 perficiuntur.
595 2625 744 2686 Absoluta
764 2646 913 2698 sermone,
972 2630 1140 2711 praeditus,
1157 2628 1331 2711 judicioque
1356 2627 1493 2687 turbidus
1512 2631 1543 2686 ct
1561 2624 1650 2701 levia,
1668 2625 1711 2685 nti
1731 2621 1780 2683 bis

106 2722 204 2799 virgas
235 2723 263 2779 in
288 2720 460 2779 concionem
485 2726 517 2779 et
542 2718 659 2797 flagella
679 2718 787 2779 adferri
809 2720 912 2800 jussit,
973 2742 1066 2805 saepe
1096 2720 1220 2796 accidit,
1246 2723 1296 2801 qul
1324 2721 1363 2781 ab
1388 2719 1581 2781 exuberantia
1609 2724 1691 2779 atrae
1711 2716 1781 2777 bilis

107 2820 266 2892 ceteraque
293 2812 412 2872 servilis
437 2817 533 2871 metus
557 2810 679 2888 parandi
706 2812 910 2875 instrumenta.
972 2817 1108 2875 insaniae
1127 2815 1261 2892 proximi,
1288 2812 1357 2872 dura
1378 2813 1550 2890 praesentia
1568 2831 1627 2871 aon
1647 2810 1781 2889 probant,

108 2906 178 2977 Qua
201 2925 233 2964 rc
260 2911 372 2964 tantum
404 2904 534 2967 additum
562 2904 676 2962 timoris
701 2910 732 2962 et
756 2906 912 2981 angustiae
972 2907 1165 2968 immoderata
1190 2922 1220 2967 et
1240 2904 1373 2965 inaudita
1397 2904 1575 2982 cogitatione
1601 2920 1781 2985 persequun-

109 2998 227 3058 fcminis
259 3003 320 3067 est,
352 3006 385 3056 ut
417 2997 517 3057 statim
543 3016 562 3055 o
587 3002 753 3077 conspeetu
772 2998 911 3057 minantis
970 3008 1027 3061 tur.
1078 3000 1255 3077 Corruperat
1284 2998 1365 3058 avari
1409 3016 1445 3058 ac
1474 2998 1641 3078 pervicacis
1671 2991 1780 3072 ingenii

106 3089 221 3170 trepide
241 3090 431 3166 aufugerent,
451 3095 482 3149 ot
501 3091 606 3171 partim
626 3089 719 3161 ferro,
739 3090 842 3169 partim
862 3111 911 3151 su·
972 3092 1120 3153 bominem
1136 3090 1335 3153 Nasczolruus
1354 3088 1500 3151 Basilidis
1519 3089 1558 3153 ad
1578 3110 1678 3169 regem
1703 3088 1782 3167 lega·

105 3182 348 3262 spendiisttitam
368 3182 492 3242 linirent.
972 3197 1038 3256 tus,
1058 3187 1109 3266 qni
1129 3204 1196 3245 eum
1223 3204 1263 3245 ex
1282 3185 1330 3243 sni
1350 3184 1499 3265 Principis
1525 3183 1699 3245 liberalitato
1723 3202 1783 3243 ana·

973 3278 1112 3360 plissima
1135 3279 1265 3357 praemia
1284 3287 1513 3336 consecuturum
1534 3276 1656 3351 dixerat,
1686 3279 1714 3337 si
1734 3296 1782 3337 nc·

184 3368 284 3441 Quum
306 3371 382 3428 enim
404 3368 575 3429 infestiores
596 3388 669 3428 suos
682 3388 771 3449 quarn
785 3370 912 3431 bostium
974 3378 1061 3451 cepto
1082 3392 1165 3446 auro,
1188 3369 1404 3450 conductisque
1422 3376 1453 3430 ct
1473 3372 1628 3431 instructis
1649 3369 1784 3431 celeriter

107 3464 213 3524 lluccs
243 3463 445 3532 invenissent,
479 3462 508 3520 ia
538 3461 775 3543 desperationem
809 3462 914 3544 lapsae
974 3465 1070 3543 copiis
1090 3464 1118 3522 in
1141 3463 1277 3523 obseratio
1289 3461 1386 3542 Regis
1396 3462 1583 3525 Lilhuaaiam
1603 3463 1691 3541 longe
1709 3464 1782 3524 lale·

108 3556 244 3636 sibiipsis
277 3564 399 3614 mortem
424 3556 607 3614 conscivere.
654 3554 754 3635 Supra
784 3556 915 3617 diximus
974 3576 1032 3637 qne
1056 3554 1293 3635 depopularetur.
1348 3556 1422 3616 Carra
1453 3578 1561 3638 nempe
1592 3577 1649 3617 nec
1674 3554 1783 3617 bellum

107 3648 180 3729 qnid
197 3648 286 3709 Philo
301 3647 407 3716 Cmita,
423 3646 493 3725 quid
505 3645 740 3720 Ostrogiaellux
753 3648 782 3707 ia
797 3647 913 3709 bestico
975 3650 1050 3725 Regi
1072 3647 1263 3719 dissuadere,
1285 3668 1340 3708 aec
1365 3670 1431 3709 eum
1458 3648 1537 3708 domi
1558 3648 1707 3725 detinere,
1727 3670 1783 3711 nec

108 3742 243 3815 fecerint,
264 3760 318 3799 ces
338 3739 914 3818 secutusillocislaviousispraefectus,
974 3742 1090 3818 legatos
1115 3742 1332 3821 pacificationis
1364 3743 1457 3817 gratia
1481 3743 1637 3819 impetrare
1667 3748 1783 3823 posset,

105 3834 362 3912 daroslaviamqne
384 3850 561 3909 aggressus,
581 3831 752 3910 opulentum
772 3832 844 3892 illud
865 3854 915 3915 op·
974 3836 1094 3894 cunetis
1118 3832 1329 3893 admirantibus
1355 3832 1468 3893 diutius
1495 3833 1603 3894 Vilaac
1624 3832 1783 3907 haesitet

107 3927 205 4009 pidum
241 3925 373 3985 incendit
405 3930 436 3984 al
468 3925 586 3995 evertit,
619 3924 915 4006 populationibusque
976 3944 1033 3985 nou
1055 3931 1178 3985 vocatus
1200 3928 1229 3985 ia
1250 3934 1386 3985 senatum
1406 3945 1546 3986 reversus
1567 3934 1631 3998 est,
1656 3926 1695 3987 de
1714 3946 1782 3989 coa·

107 4020 283 4098 longissime
326 4021 355 4077 ia
388 4017 503 4078 bestico
536 4016 658 4097 prolatis
689 4018 777 4077 obvia
807 4026 913 4079 cauma
971 4019 1122 4100 juratione
1146 4020 1262 4079 interim
1286 4017 1498 4098 promovenda,
1524 4018 1563 4079 de
1595 4026 1726 4100 tempore
1753 4028 1784 4083 et

105 4120 255 4189 tauquam
273 4114 439 4191 tempestas
457 4107 603 4191 quaedam
625 4109 803 4190 profligavit.
845 4113 916 4192 lpse
976 4114 1057 4181 loco,
1077 4111 1487 4191 dequcasciscendissociis
1509 4111 1673 4192 quiidoaci
1693 4112 1782 4175 adid

105 4209 205 4264 autem
226 4203 294 4264 Rex
315 4204 414 4284 spatio
434 4203 547 4264 dicrum
569 4203 779 4283 qninquaginta
798 4208 915 4285 septem
976 4203 1147 4283 patrandum
1168 4205 1284 4265 facinus
1304 4204 1492 4276 viderentur,
1511 4208 1653 4289 majorem
1673 4208 1703 4269 in
1721 4228 1782 4269 rno-

106 4298 324 4358 muntani-:nn
355 4317 456 4372 arces,
488 4297 562 4357 mira
591 4315 725 4373 agrorum
756 4294 914 4371 fertilitate,
975 4296 1043 4357 dum
1062 4296 1224 4360 sollicitus.
1256 4296 1318 4357 Sed
1339 4318 1376 4357 co
1392 4297 1481 4359 Vilaa
1500 4298 1638 4379 digresso
1656 4300 1714 4363 llei
1734 4302 1783 4363 be·

105 4410 275 4469 magnaque
296 4389 444 4450 danninum
465 4390 682 4469 opportunitate
692 4388 845 4470 praeditas
868 4410 915 4449 oe·
975 4390 1082 4450 aefieio
1102 4388 1228 4451 Osclrici
1255 4392 1383 4453 coasilia
1408 4390 1600 4471 deteguntur,
1626 4394 1676 4475 qui
1692 4396 1783 4476 jussu

107 4485 244 4562 caperit,
264 4489 434 4563 tantamque
452 4482 510 4561 ipsi
532 4480 656 4541 Basilidi
677 4487 708 4540 ct
727 4482 915 4559 magnatibus
974 4482 1069 4559 Regis
1079 4482 1119 4543 ab
1128 4482 1275 4547 llussarls
1287 4492 1461 4567 occupatus,
1477 4492 1508 4546 ct
1527 4490 1629 4549 statim
1641 4488 1673 4547 ia
1685 4488 1782 4547 vineu-

106 4576 281 4639 bloscurnm
306 4576 532 4654 trepidationemr
558 4576 677 4657 injecit,
704 4585 736 4633 ut
766 4574 915 4655 Norogro·
976 4576 1171 4659 lncnajeetns
1184 4585 1240 4649 est,
1253 4578 1783 4659 comqueadbibitistormcatisegre·

107 4669 179 4731 diso
200 4670 327 4747 lllagane
347 4669 437 4746 legati
459 4668 583 4742 ivamus,
604 4668 640 4727 ll.
662 4666 916 4741 lllceislavicnsis,
975 4670 1024 4747 gie
1048 4672 1211 4741 tacuisset,
1233 4670 1359 4751 prolatis
1383 4670 1502 4732 demum
1529 4672 1650 4742 litteris,
1674 4692 1782 4753 nequa·

108 4771 143 4821 ct
173 4761 280 4822 dlildta
320 4762 357 4821 G.
400 4760 435 4821 F.
464 4759 695 4821 Romauovieius
732 4760 917 4822 Zaclvarinns
976 4782 1062 4842 qnam
1087 4765 1237 4825 iniciatus
1258 4783 1390 4836 manum,
1429 4769 1535 4824 cuneta
1556 4764 1729 4845 propalavit,
1750 4774 1781 4827 ct

111 4854 232 4930 scriptis
251 4854 290 4915 ad
317 4855 481 4918 Palatinum
504 4852 677 4914 Viluensem
697 4852 833 4934 aliosque
846 4853 916 4915 Pro·
977 4857 1077 4917 statim
1103 4857 1188 4916 sanct
1213 4874 1249 4917 ac
1276 4856 1435 4917 insolentis
1458 4858 1567 4935 ingenii
1594 4859 1641 4919 sui
1668 4878 1783 4941 poenas

112 4964 201 5007 ceres
232 4948 337 5009 litteris
365 4948 473 5009 bellum
500 4947 740 5028 deprecarentur.
785 4946 851 5007 Rex
875 4952 917 5009 ta·
977 4947 1069 5008 dedit.
1109 4946 1277 5009 Productus
1307 4950 1383 5008 enin
1414 4950 1444 5009 in
1476 4948 1670 5012 editissimam
1698 4952 1782 5015 nabis

115 5060 181 5101 meu
204 5040 292 5102 basto
311 5041 442 5103 noudum
462 5062 480 5101 c
498 5038 626 5101 Livnnia
644 5045 749 5100 canem
769 5041 808 5101 ab
827 5040 919 5103 armis
976 5040 1070 5101 locun
1091 5060 1156 5101 cu·
1178 5039 1295 5101 duobus
1316 5038 1487 5103 insidiarum
1507 5044 1649 5116 eousdis,
1666 5044 1783 5108 dadaeo
