3742 5626
166 210 185 266 d
221 122 264 189 Φ
893 203 1119 263 blOSCOVlAB.

166 367 358 425 transversim
391 366 498 446 positis
530 360 736 433 obstruuntur,
768 357 969 440 adhibitisque
1028 361 1147 436 giorum
1167 356 1395 428 mercatoribus,
1422 359 1452 418 in
1473 355 1658 419 Moscoviam
1678 358 1835 438 importan-

166 454 342 518 custodibns
364 454 403 518 sd
422 461 545 538 primam
564 459 662 518 noctis
684 455 795 526 facem,
822 457 863 515 its
884 450 968 512 obfir·
1028 459 1084 523 tur,
1104 449 1239 514 Pannum
1257 453 1353 512 omnis
1370 453 1500 530 generis,
1520 459 1608 531 atque
1625 448 1740 521 coloris,
1759 451 1829 510 item

165 557 289 621 mantus,
309 559 342 610 nt
362 553 470 611 nemini
492 547 591 612 aditus
609 553 638 609 in
657 567 721 609 eam
738 553 849 628 pateat.
883 544 969 606 Tem·
1028 541 1180 616 Sericum,
1205 551 1365 626 vestesque
1385 546 1534 614 sericeas,
1561 551 1592 602 et
1610 561 1683 604 auro
1701 543 1762 602 sive
1780 559 1824 601 ar·

164 660 223 722 que
236 639 394 703 admodum
410 642 507 703 lutosa
518 651 549 703 et
561 661 691 703 caenosa
702 648 758 711 est,
773 646 807 699 nt
818 640 847 697 in
859 636 968 718 plateis
1028 643 1117 714 gente
1137 639 1321 710 intertextas,
1346 632 1462 716 lapides
1478 638 1632 716 praetiosi,
1652 652 1752 698 aurum
1766 631 1825 694 tila-

165 743 273 816 pontes
297 739 411 827 passim
437 738 608 796 successario
636 735 760 795 extructi
787 733 863 801 sint,
890 748 968 789 nunc
1026 736 1105 801 tum,
1128 749 1279 809 gemmae,
1304 737 1336 791 et
1356 726 1387 791 id
1407 748 1503 808 genus
1530 727 1589 790 alia
1609 727 1731 790 metalla
1748 745 1826 808 prae·

164 836 264 889 umes
282 826 360 891 vallo
379 825 419 891 de
436 838 525 900 terra,
543 834 578 890 nt
594 825 705 897 audiri,
727 820 966 887 circumducitur.
1025 823 1114 889 tissa
1154 825 1296 904 insuper,
1328 822 1434 907 Piper,
1469 820 1601 892 Crocus,
1636 818 1773 900 singiber
1801 828 1830 879 et

240 920 337 983 Aroes
355 928 486 984 mutatae
509 919 586 981 duae
605 918 822 1000 amplissimae,
847 913 967 977 insimul
1006 916 1151 976 ‘meten
1186 908 1396 998 Interdumque
1420 912 1496 976 viles
1521 911 1666 995 quasdam
1696 932 1747 975 res
1774 931 1832 974 sno

162 1016 294 1077 civitatis
313 1013 436 1076 formam
455 1014 628 1085 referentes,
647 1029 769 1093 quanam
787 1028 846 1069 una
869 1006 964 1087 Kitaj·
1022 1013 1155 1088 tempore
1181 1007 1251 1070 illuc
1275 1012 1450 1091 important,
1474 1027 1510 1070 ex
1537 1006 1644 1088 quibus
1669 1002 1832 1087 aliquando

160 1106 271 1187 geret,
291 1107 385 1171 altera
404 1104 600 1186 Bolsigorod,
621 1100 771 1184 gentiliter
790 1098 963 1183 appellatam,
999 1096 1135 1163 lucrum
1162 1098 1297 1165 ailenrnt
1341 1099 1442 1183 Saepe
1468 1104 1556 1163 etiam
1583 1102 1694 1171 evenit,
1727 1107 1760 1160 nt
1788 1101 1831 1158 rei

162 1220 237 1281 quas
264 1200 302 1263 ab
321 1220 381 1262 nna
408 1209 493 1282 parte
512 1198 638 1259 Mesena
663 1194 783 1267 fluvius,
810 1194 849 1257 ab
871 1193 964 1256 altera
1022 1191 1150 1274 alicujus
1166 1190 1317 1256 desiderio
1338 1214 1441 1257 omues
1454 1193 1640 1256 Moscovitae
1659 1201 1831 1260 teneantur,

161 1292 318 1373 Neglinna‚
338 1297 439 1374 inqua
456 1287 624 1353 molendina
640 1289 764 1372 plurima
781 1297 860 1360 sunt,
879 1306 961 1368 prae·
1022 1303 1109 1364 quam
1125 1288 1175 1366 qui
1190 1295 1386 1350 mercatorum
1401 1291 1513 1370 primns
1526 1286 1664 1357 conterit,
1676 1286 1830 1367 plusinsto

159 1385 285 1458 tertiuit,
305 1385 453 1447 ccclesiae
472 1382 606 1445 divorum
625 1379 771 1465 lapideae,
792 1389 822 1441 et
837 1380 962 1461 ligneae,
1022 1378 1052 1436 in
1073 1396 1111 1439 ea
1136 1378 1275 1442 lucratur.
1317 1380 1398 1442 Dein
1424 1399 1490 1443 curn
1516 1378 1615 1461 plnres
1644 1387 1828 1442 mercatores

159 1476 311 1560 aedesque
331 1477 473 1538 nobilium
491 1483 712 1556 etmagrrstnm,
731 1477 762 1536 in
780 1469 961 1555 eaireqnen-
1020 1467 1181 1535 eamndem
1206 1490 1304 1535 rernm
1334 1492 1472 1555 magnam
1498 1476 1615 1556 copiam
1645 1469 1826 1543 advexerint,

159 1580 207 1633 tes
220 1581 300 1633 sunt.
333 1570 417 1632 Ultra
429 1568 606 1648 Neglinnam
619 1587 700 1641 vero,
719 1568 750 1628 in
763 1585 834 1646 agro
847 1563 983 1626 Nerbat·
1019 1568 1103 1624 tanta
1118 1582 1327 1646 nonnunquam
1343 1566 1444 1630 vilitas
1459 1585 1560 1630 earum
1576 1567 1775 1646 consequitur,
1793 1574 1827 1624 nt

159 1661 255 1738 dieto,
280 1663 319 1726 ab
339 1683 409 1726 arce
434 1661 474 1726 ad
495 1666 626 1741 sagittae
647 1664 777 1742 jactum,
801 1655 960 1719 modernus
1019 1655 1118 1736 isqui
1137 1677 1188 1719 ree
1206 1677 1280 1719 suas
1297 1662 1394 1739 primo
1417 1679 1525 1738 magno
1544 1655 1734 1730 vendiderat,
1760 1677 1825 1721 eas

159 1756 306 1838 Princeps
321 1756 457 1819 loannes
476 1753 661 1826 Basiliades,
683 1756 794 1814 curiam
813 1750 960 1832 amplissi·
1018 1743 1087 1810 dem
1105 1768 1209 1813 rursus
1226 1750 1392 1814 vilescente
1416 1755 1513 1833 pretio
1537 1749 1679 1824 redimat,
1706 1771 1824 1831 magno·

158 1866 234 1911 mam
242 1849 540 1915 AnnoDominilbdb
551 1849 702 1916 exstruxit,
716 1842 959 1926 qnae0pricnna,
1017 1860 1075 1923 que
1092 1861 1150 1905 suo
1169 1840 1324 1905 commodo
1343 1845 1374 1905 in
1392 1847 1519 1926 patriam
1539 1843 1673 1907 reducat.
1705 1842 1826 1906 Merces

158 1940 190 2002 id
205 1951 261 2014 est,
276 1945 413 2004 seorsiva
431 1941 577 2003 habitatio
596 1936 712 2010 dicitur,
732 1936 783 1998 ubi
797 1939 863 2019 ipse
875 1936 959 1998 Prin·
1017 1955 1088 1997 vero
1104 1957 1181 2019 qnae
1196 1933 1267 1999 inde
1277 1944 1467 2019 asportantur
1479 1947 1551 1999 sunt
1565 1937 1662 2020 pelles
1676 1941 1824 1999 vanorum

157 2055 231 2116 ceps
252 2055 318 2096 cnm
338 2035 505 2097 satellitum
529 2051 664 2102 snorum,
692 2032 833 2102 virorum,
860 2050 897 2091 ex
915 2050 959 2092 ro·
1018 2030 1186 2093 animalium
1205 2027 1353 2102 divense,
1379 2050 1466 2094 caera
1486 2051 1606 2114 qunque
1626 2040 1657 2093 et
1677 2030 1708 2093 id
1727 2052 1824 2112 genus

158 2127 343 2190 bostissimis
373 2126 549 2199 clamorum,
577 2140 736 2199 numerosa
760 2144 849 2187 manu
878 2127 962 2189 mna·
1018 2126 1283 2187 mercimoniorum.
1303 2122 1823 2207 ln'l'srtasiemautemsellaeequo·

158 2230 214 2292 tnr,
234 2241 310 2302 qnos
330 2202 379 2281 ille
398 2214 436 2280 ad
457 2215 578 2280 nitelam
599 2219 656 2289 sui,
676 2213 799 2298 perinde
816 2214 960 2279 nt'l'urca
1017 2235 1095 2287 rum,
1115 2215 1213 2290 irena,
1229 2222 1342 2290 vestes,
1359 2219 1493 2297 corrigia,
1506 2238 1588 2281 arma
1601 2228 1698 2280 autem
1718 2227 1749 2279 et
1765 2217 1822 2278 ser·

155 2314 331 2375 darriczaros
345 2311 434 2382 fovet,
454 2313 613 2392 vigintique
627 2308 689 2370 iere
706 2309 796 2371 millia
809 2317 959 2391 superant,
1017 2329 1081 2371 rum
1091 2313 1210 2372 nonnisi
1227 2308 1326 2371 furtim
1337 2318 1543 2394 apportantur,
1561 2312 1698 2373 cultellos
1710 2319 1821 2381 tamen,

156 2425 194 2466 ex
214 2404 272 2465 hiis
292 2407 387 2484 major
405 2422 475 2486 pars
494 2401 779 2483 sclcppettariorum,
800 2421 866 2462 eum
878 2399 958 2463 bom·
1016 2420 1154 2478 secures,
1175 2422 1264 2474 scus,
1283 2404 1422 2486 specula,
1439 2408 1602 2487 marsupia,
1622 2413 1652 2466 et
1672 2401 1703 2465 id
1722 2423 1820 2482 genus

156 2495 259 2559 bardis
272 2496 470 2577 longioribus:
487 2495 591 2576 reliqui
604 2515 670 2558 eum
682 2493 803 2556 frameis
819 2493 958 2557 arcubus·
1016 2495 1195 2561 aliaducere
1205 2498 1318 2561 licitum
1329 2504 1387 2561 est
1413 2496 1500 2560 Haec
1510 2505 1690 2575 autemgens
1700 2494 1821 2556 blosco·

154 2610 222 2673 qne,
242 2589 356 2652 lanceis
375 2598 405 2651 et
423 2589 524 2650 loricis
539 2591 643 2650 mmati
663 2585 812 2648 incedunt.
845 2585 957 2669 Nuper·
1016 2593 1107 2652 vitica
1132 2594 1212 2652 circa
1238 2593 1429 2654 mercimonia
1455 2589 1649 2654 musonius
1676 2598 1822 2660 versatur,

153 2704 213 2766 qne
232 2704 288 2745 eos
313 2679 472 2745 modernus
492 2679 639 2763 Princeps
659 2679 811 2742 adinvenit
835 2699 890 2762 pro
910 2701 957 2742 er·
1014 2686 1175 2766 praecipue
1190 2703 1260 2745 vero
1278 2704 1345 2747 cum
1359 2687 1519 2756 mancis,
1538 2702 1607 2746 nam
1624 2680 1694 2744 dum
1709 2679 1820 2763 aliquid

155 2774 264 2859 plends
285 2796 344 2840 sna
369 2772 533 2847 tirannide,
557 2783 645 2855 prout
663 2773 786 2837 interius
812 2777 843 2836 in
862 2777 958 2854 gestis
1014 2773 1153 2850 vendunt,
1170 2796 1231 2837 rem
1246 2781 1369 2840 minoris
1386 2785 1572 2841 constantem
1585 2773 1707 2839 dimidio
1723 2776 1820 2856 pretio

154 2869 234 2930 illins
254 2868 377 2949 patebit
1016 2867 1108 2950 (quod
1125 2878 1156 2931 et
1170 2869 1328 2932 Litbnanis
1346 2890 1427 2933 nnnc
1440 2870 1592 2951 peculiare
1610 2871 1674 2945 est)
1696 2871 1727 2930 in
1743 2866 1821 2930 irau-

232 2959 390 3021 Caeternm
407 2959 510 3021 urbem
530 2963 626 3042 ipsam
633 2959 788 3025 Moscvam
801 2980 867 3023 cum
879 2968 956 3024 utra·
1016 2959 1083 3024 dem
1096 2967 1238 3044 emptoris
1248 2971 1367 3026 auctam
1380 2966 1549 3038 assumam,
1566 2973 1598 3026 et
1609 2965 1823 3045 quamprimum

152 3074 212 3136 qne
227 3072 298 3116 arce
308 3051 427 3114 Tartari
443 3051 670 3134 Praecepeoses
684 3052 818 3115 funditas
837 3073 957 3116 exusse-
1011 3057 1114 3134 jurare
1129 3058 1282 3139 incipiunt,
1300 3064 1353 3119 aut
1369 3055 1513 3119 obtestari
1537 3060 1621 3119 scias
1639 3056 1708 3117 ilico
1721 3053 1824 3117 dolum

154 3155 230 3216 runt,
248 3146 340 3206 Anno
355 3142 476 3205 Domini
500 3145 572 3207 1571
594 3164 697 3207 mense
714 3145 799 3228 Majo
819 3147 887 3226 ipso
906 3142 957 3207 die
1015 3145 1056 3208 ibi
1076 3148 1184 3219 latere,
1206 3152 1305 3210 animo
1325 3152 1434 3211 etenim
1451 3147 1575 3213 {aliendi
1595 3170 1632 3211 ac
1650 3145 1824 3229 decipiendi

153 3239 353 3300 Asceosionis
365 3234 613 3300 Dominicae.nbi
628 3240 734 3317 ingens
752 3241 956 3299 etinnnmera·
1011 3241 1124 3321 jurant.
1160 3238 1225 3301 Sed
1245 3245 1357 3302 externi
1377 3263 1495 3324 quoque
1511 3247 1541 3305 in
1559 3228 1657 3304 rernm
1674 3250 1822 3325 permuta·

152 3328 223 3390 bilis
242 3324 399 3391 nutum
417 3329 535 3412 populi,
560 3332 590 3390 in
610 3328 684 3391 urbe
703 3338 735 3391 et
752 3349 821 3392 arce
841 3329 957 3392 flamma
1015 3333 1110 3403 bone,
1135 3330 1193 3392 boc
1212 3337 1338 3396 maxime
1364 3333 1541 3407 obscurant,
1567 3343 1601 3398 ut
1626 3332 1696 3396 dum
1720 3333 1822 3397 Mosei

153 3420 292 3503 fumoque
310 3419 456 3493 sodomi
475 3421 673 3484 etcombnsta
691 3429 747 3492 est,
767 3425 872 3503 paucis
886 3421 957 3502 iuga
1012 3423 1108 3505 pelles
1134 3423 1244 3506 alioqui
1273 3427 1324 3487 vili
1351 3432 1447 3508 pretio
1480 3437 1671 3501 mactantes,
1702 3427 1822 3509 plurimi

152 3513 276 3595 elapsis,
295 3520 327 3574 et
342 3511 559 3576 nnsduntasat
575 3511 820 3594 aeritnjgorod
838 3517 888 3578 vix
907 3513 955 3576 de·
1014 3518 1181 3587 aestimant,
1201 3517 1243 3578 illi
1263 3520 1396 3582 vicissim
1416 3519 1532 3583 illorum
1551 3521 1685 3602 mempio
1704 3541 1823 3583 merces

152 3605 237 3668 ferma
253 3613 309 3677 est,
326 3624 521 3688 magnamque
541 3609 742 3688 captivitatem
756 3606 874 3671 Tartari
886 3604 957 3669 inde
1013 3629 1087 3672 suas
1107 3613 1191 3692 pami
1213 3620 1401 3685 constantes,
1420 3617 1520 3677 carim
1542 3611 1689 3681 indicant,
1714 3616 1823 3695 sicque

149 3696 345 3762 abduxerunt
384 3696 450 3760 Sed
467 3696 508 3760 ad
528 3719 590 3761 rem
609 3696 712 3762 redeo.
1013 3721 1065 3765 ars
1089 3699 1238 3764 deluditur
1263 3712 1337 3767 arte.
1382 3704 1509 3769 Pellium
1533 3727 1642 3785 magna
1666 3716 1715 3768 est
1740 3704 1824 3788 apud

228 3790 343 3853 Omnes
367 3810 499 3864 mneos,
523 3812 719 3875 quaecunque
742 3792 782 3855 ab
807 3797 956 3858 amancio
1014 3814 1068 3857 eos
1085 3793 1252 3868 diversitas,
1271 3796 1493 3861 Zebellinorum
1513 3803 1592 3861 enim
1604 3796 1738 3878 nigredo,
1758 3798 1821 3861 lon·

151 3884 372 3949 inblosecviam
381 3884 551 3958 allermtur,
563 3888 706 3947 continno
716 3881 797 3967 apud
806 3883 956 3949 tbaelonei
1013 3884 1116 3966 gitudo
1133 3897 1165 3950 et
1178 3887 1314 3953 densitas
1334 3888 1473 3971 pilorum,
1492 3895 1690 3955 maturitatem
1708 3890 1821 3971 signib

149 3976 318 4057 praefectos
338 3975 482 4058 profiteri,
501 3998 540 4040 ac
557 3975 683 4041 indicari
705 3986 858 4057 cogimur,
879 3998 956 4061 quae
1014 3988 1072 4043 cat
1108 3981 1234 4064 Hacque
1258 3985 1384 4063 pretium
1409 3993 1527 4064 augent
1568 3983 1602 4047 ln
1632 3982 1822 4064 Ustingiensi

149 4066 222 4130 bora
244 4072 406 4131 cemttmta
431 4073 669 4151 conspiciantur,
695 4078 727 4133 et
751 4074 953 4145 amomum,
1011 4072 1534 4158 autemetDvinensi,Pecaoraeque
1548 4080 1722 4158 provinciis,
1734 4097 1821 4160 prae

149 4163 324 4223 assumus
343 4181 413 4221 vero
433 4182 520 4223 nemo
540 4183 598 4224 nee
616 4182 730 4236 emere,
749 4184 807 4226 nec
824 4163 955 4228 vendere
1011 4169 1173 4229 stantiores
1189 4170 1383 4249 reperiuntur.
1409 4166 1602 4232 Madanricae
1618 4170 1714 4253 pelles
1728 4191 1766 4233 ex
1779 4169 1821 4233 di·

147 4249 248 4323 mdet,
266 4254 325 4313 nisi
345 4255 428 4332 prins
448 4253 557 4317 inerint
574 4276 683 4336 magno
702 4255 781 4319 Duci
801 4264 952 4322 mtonsae.
1011 4259 1252 4343 versispnrtibns
1262 4260 1430 4323 afferuntur.
1452 4260 1499 4322 Ex
1511 4261 1819 4343 Suetiaeverorcgno

149 4341 219 4416 Quo
243 4342 277 4405 fit
301 4353 335 4405 nt
352 4354 533 4408 mercatores
559 4346 705 4410 interdum
729 4347 842 4413 diutius
867 4370 955 4432 quam
1012 4356 1142 4434 optimae
1152 4351 1345 4425 advehuntur,
1360 4353 1633 4418 ciroaltloscoviam
1642 4375 1714 4418 vero
1725 4355 1820 4436 major

147 4439 295 4509 convenit,
314 4455 381 4498 cnm
394 4455 451 4497 sno
471 4435 580 4500 damno
595 4436 793 4503 detineantur.
824 4439 953 4512 Quando
1012 4454 1060 4507 est
1086 4466 1187 4507 eorum
1215 4449 1317 4527 copia,
1343 4445 1589 4509 Hermellinorum
1619 4452 1709 4511 etiam
1736 4447 1822 4530 pelli·

146 4550 218 4592 vero
234 4550 271 4591 es
285 4528 446 4593 bitbnania
463 4532 494 4592 in
512 4530 698 4594 dioscoriam
720 4533 819 4613 legati,
839 4534 953 4616 aRege
1012 4537 1112 4607 culae,
1144 4558 1180 4599 ex
1205 4537 1339 4619 pluribus
1364 4542 1476 4621 pariter
1505 4541 1580 4603 locis
1607 4545 1761 4613 inversae,
1793 4545 1824 4603 in

146 4621 291 4684 Poloniae
311 4620 552 4703 proficiscunt,
578 4633 640 4685 nrm
666 4645 770 4688 omnes
796 4629 953 4708 cujuscun·
1012 4626 1166 4692 fasciculis
1187 4630 1354 4704 alienantur,
1377 4631 1546 4715 habentque
1565 4638 1652 4715 signa
1670 4631 1825 4714 quaedam

147 4735 205 4794 que
224 4718 353 4777 moenie
378 4724 577 4788 mercatores,
609 4720 640 4778 in
667 4717 830 4799 legatorum
856 4716 953 4792 fidem,
1013 4723 1093 4783 ebes
1106 4730 1197 4803 caput
1213 4723 1391 4798 etcaudam,
1407 4748 1444 4788 ex
1463 4726 1570 4808 qrribus
1590 4737 1825 4806 cognoscuntur,

148 4816 179 4866 et
196 4807 364 4871 clientelam
382 4813 528 4892 srmeepti,
541 4812 572 4872 in
588 4809 776 4875 bioscoviam
789 4814 856 4872 sine
872 4810 953 4874 tbae·
1012 4834 1053 4878 an
1072 4834 1202 4895 congruo
1222 4817 1270 4878 vel
1287 4821 1449 4898 incongruo
1471 4828 1604 4901 tempore
1624 4822 1686 4882 sint
1701 4828 1824 4901 captae.

148 4897 243 4958 loneie
264 4903 309 4961 ire
329 4912 469 4981 possunt,
495 4913 527 4965 et
545 4906 655 4966 vicum
681 4902 894 4978 sufficientem,
919 4926 956 4969 es
1014 4906 1172 4971 Castorum
1192 4929 1318 4993 qnoque,
1339 4920 1370 4974 et
1387 4910 1534 4991 Vulpinm
1546 4915 1696 4991 nigrarum
1715 4910 1826 4994 pelles,

149 4986 288 5049 tbmnro
308 4997 406 5071 mngrri
425 4995 601 5059 bloscoviae
619 4996 718 5059 Ducis
738 4995 858 5060 babent
889 4996 956 5063 Hae
1014 5003 1044 5064 in
1064 5021 1172 5081 magno
1191 5006 1287 5085 pretio
1305 5012 1386 5066 sunt.

150 5087 248 5142 autem
271 5086 449 5163 praecipuae
459 5098 532 5149 sunt
543 5109 668 5163 merces,
689 5111 766 5173 quac
782 5109 819 5152 es
834 5088 956 5155 thbua·
1091 5092 1249 5157 Provincis
1267 5096 1333 5185 ipsa
1351 5094 1554 5167 dioscorides,
1576 5118 1632 5158 nec
1652 5101 1716 5160 leta
1734 5101 1826 5163 nimis

154 5174 220 5242 nis,
248 5169 375 5245 Rrrssis,
400 5186 430 5237 et
450 5177 589 5251 Polonia,
610 5188 642 5245 ct
660 5204 679 5247 s
699 5190 882 5255 marum
897 5184 956 5247 lie·
1015 5206 1071 5250 nec
1091 5186 1197 5277 inediis
1215 5194 1273 5259 est,
1292 5189 1380 5267 cnjus
1391 5187 1531 5251 fertilitati
1543 5210 1614 5267 agor
1627 5192 1740 5272 ubique
1760 5214 1825 5255 are

1011 5388 1046 5461 ὅ
1159 5476 1164 5481 .
