3742 5626
147 176 201 235 raa
684 167 924 235 natalitium
943 166 1266 233 batuaastmtab

148 336 321 397 cohortibus
342 344 373 395 et
393 333 557 415 majoribus
571 336 727 395 tormentis
739 333 868 414 aliquot:
889 338 952 393 aut·
979 326 983 363 ¹
1013 352 1050 393 ex
1068 350 1127 413 quo
1151 330 1258 393 Velica
1279 329 1384 393 tluvius
1404 348 1440 390 se
1460 326 1599 389 derivans
1618 330 1715 409 primo
1737 324 1817 407 Opo-

148 427 214 490 dear
235 428 384 489 sollicitus
404 424 443 488 ds
464 436 571 487 eventu
591 424 774 502 obsidionis,
788 421 866 507 qued
887 426 952 495 iter,
979 376 984 503 l
1013 444 1094 499 eam,
1120 422 1190 487 iude
1209 422 1399 499 Ostroviam‚
1426 439 1463 483 ue
1483 418 1627 503 deinceps
1647 428 1735 481 recta
1756 418 1820 481 Pte-

149 518 394 602 quemadmodum
419 516 529 581 dictum
555 526 620 581 est:
653 518 752 581 tacere
772 518 822 579 illa
843 519 953 579 consti·
980 506 984 607 l
1012 518 1162 593 moriam,
1192 527 1283 599 atque
1309 516 1384 577 intra
1408 535 1444 577 ea
1464 517 1494 574 ln
1514 514 1609 575 lacum
1630 510 1762 573 Pelbam
1782 514 1821 573 in·

149 622 262 677 tueratr
281 613 469 677 Zamoseiunr
489 632 556 673 euru
575 614 613 673 iis
634 632 709 693 quas
732 608 879 685 babebat,
905 628 942 671 eo
981 610 986 627 '
1013 607 1087 685 llult,
1105 617 1245 691 tanquam
1265 614 1295 671 in
1315 611 1415 690 eapite
1439 609 1506 667 viae
1531 604 1763 667 Plescoviensis
1785 608 1821 665 ai·

151 710 209 789 piis
229 710 273 767 tre
293 726 329 767 eo
344 708 451 787 jussit.
491 704 564 783 ldie,
584 725 651 767 eum
669 706 786 787 aliquot
807 706 871 785 jare
891 701 955 763 mil·
1011 700 1277 779 tumescentem,
1306 722 1365 783 quo
1391 702 1526 781 suseepti
1551 698 1620 760 betti
1647 699 1751 759 series
1774 718 1821 779 pe-

150 800 191 863 lla
210 818 388 881 progressus
416 796 540 871 fuisset,
568 801 700 861 rrrrntium
718 794 834 861 reducti
853 798 884 857 in
903 814 956 877 po·
1012 794 1125 857 abutare
1145 792 1317 869 videbatur,
1347 796 1444 868 cunti,
1466 813 1526 853 non
1551 793 1693 871 exigerem
1713 810 1820 853 manui

150 900 289 955 testatem
310 888 451 973 praesidii
470 893 501 952 in
519 891 765 975 itinereaceepit.
786 890 956 953 Bernemis·
1013 885 1169 969 objectura
1188 888 1216 949 ei
1235 885 1401 950 videbatur.
1443 882 1533 963 Quod
1558 904 1597 945 eo
1622 884 1725 961 magis
1744 902 1819 965 prae·

150 1004 186 1047 sa
206 986 300 1061 errim,
324 991 482 1065 postquam
502 1003 540 1045 ee
558 984 707 1061 venisset,
732 1005 769 1046 ex
794 983 885 1064 priori
905 1000 956 1043 no·
1013 976 1179 1043 cavendum
1198 979 1243 1041 illi
1264 988 1340 1055 erat,
1359 976 1438 1059 quod
1457 980 1485 1039 si
1505 997 1559 1057 per
1579 979 1749 1038 continuas
1767 996 1819 1037 rer·

151 1086 278 1139 strorurn
301 1079 464 1159 paucitatis
484 1078 684 1141 contemtione
705 1074 845 1137 hostibus
862 1092 956 1136 eruar-
1013 1092 1081 1135 sum
1105 1074 1200 1137 silvas
1225 1070 1345 1133 Palatia
1376 1071 1564 1132 Plesceviarn
1591 1066 1819 1131 corroendeats·

152 1168 305 1251 pentibus,
323 1188 412 1231 marra
431 1172 499 1251 ipse
519 1188 586 1231 cum
607 1172 646 1231 iis
666 1186 865 1249 congressus,
884 1186 957 1229 non·
1014 1164 1129 1243 bostis,
1156 1163 1236 1249 quod
1255 1165 1401 1227 hactenus
1420 1165 1588 1239 omisisset,
1615 1166 1730 1225 itinere
1753 1160 1821 1225 torte

153 1261 300 1343 nullisque
318 1260 485 1325 interiectis
504 1266 583 1325 iutra
602 1264 780 1325 munitiones
805 1281 859 1324 eas
879 1280 958 1323 com·
1015 1257 1174 1341 probibere
1193 1261 1378 1331 institueret,
1409 1276 1475 1318 eum
1499 1254 1597 1317 locum
1625 1274 1768 1335 magua·
1786 1256 1820 1319 ad

152 1352 285 1435 pulcrat:
311 1352 384 1416 lade
410 1374 517 1434 magna
536 1352 691 1435 (litigantia
713 1356 744 1415 in
764 1356 957 1437 oppugnatio·
1017 1370 1083 1415 eam
1100 1371 1164 1413 rem
1183 1350 1355 1413 facultatum
1375 1350 1417 1411 illi
1443 1346 1603 1431 praebere:
1635 1366 1675 1409 eo
1704 1354 1821 1411 verosi

154 1466 220 1505 nern
241 1446 431 1521 incumbens,
458 1447 498 1509 ab
525 1469 562 1510 ea
586 1456 750 1531 parteque
773 1468 839 1509 eum
865 1448 958 1508 eonti-
1016 1446 1118 1527 potius
1138 1444 1255 1517 luisset,
1276 1443 1349 1505 nibil
1358 1443 1545 1505 Plescoriem
1556 1439 1620 1503 tere
1634 1461 1739 1523 usque
1748 1464 1822 1525 prae·

154 1546 244 1599 neate
262 1542 462 1619 conjungitur,
482 1543 614 1622 proxime
633 1540 762 1604 bostium
781 1541 960 1601 munitiones
986 1550 990 1639 p
1017 1548 1064 1600 ter
1082 1536 1254 1601 Ostreviam
1279 1536 1407 1599 loturum
1435 1533 1633 1614 intelligeret,
1664 1533 1751 1617 quod
1774 1540 1824 1597 iter

155 1634 280 1693 maximo
300 1631 403 1693 militis
422 1631 525 1695 labore
549 1632 650 1695 lassas
677 1640 881 1716 promoverat:
911 1652 959 1693 re·
1018 1634 1086 1713 ejus
1104 1632 1214 1693 morari
1233 1638 1350 1711 posset.
1374 1628 1561 1691 Occurrebat
1579 1626 1729 1690 omuibus
1748 1628 1825 1691 bisce

154 1732 235 1785 teres
254 1744 272 1783 a
293 1722 442 1787 Litbuane
462 1725 553 1787 milite
573 1727 696 1808 propius
716 1714 885 1799 institutas,
909 1742 958 1786 au·
1017 1724 1109 1787 rebus
1131 1744 1196 1786 cum
1217 1723 1447 1805 oppugnationis
1464 1720 1640 1797 difficultas,
1661 1742 1824 1805 quaesum-

154 1824 255 1889 xerat3
280 1838 405 1899 cumqrre
431 1822 572 1880 coritinuo
597 1818 699 1880 militis
718 1818 821 1881 labore
840 1814 880 1880 ad
900 1815 959 1878 los·
1019 1838 1067 1881 ara
1086 1814 1326 1901 proponebatur3
1350 1814 1430 1897 quod
1450 1814 1615 1877 Zavolocia
1640 1818 1773 1877 mamma
1790 1816 1824 1877 la·

155 1928 231 1985 sam,
251 1930 327 1990 qnae
339 1931 357 1973 a
369 1914 540 1973 continente
553 1919 684 1974 castrum
703 1908 864 1985 ambiebat,
884 1928 960 1991 opus
1019 1932 1057 1973 cu
1075 1908 1206 1992 undique
1226 1908 1422 1986 circumfusa,
1447 1908 1545 1969 nullos
1569 1910 1698 1971 omniuo
1719 1918 1824 1971 eterra

157 2004 370 2083 promovisset,
390 2024 554 2086 progressu
575 2008 605 2065 iri
630 2001 746 2067 validas
766 2005 960 2083 contignatio·
1018 2006 1078 2065 nisi
1098 2023 1152 2085 per
1172 2011 1292 2084 pontem
1311 2022 1400 2063 unum
1419 2022 1564 2064 accessus
1585 2000 1742 2066 babebat:
1772 2014 1824 2063 tum

157 2114 211 2156 nes
238 2101 420 2161 transversis
445 2098 536 2175 lignis
562 2094 758 2159 confibulatas
786 2100 961 2169 incurrerat,
1019 2100 1090 2159 antri
1110 2105 1227 2177 tempus
1249 2096 1363 2177 ipsun,
1392 2093 1473 2175 quod
1496 2098 1535 2156 iis
1560 2098 1593 2156 in
1620 2094 1705 2157 loeis
1733 2116 1824 2157 neure

157 2186 266 2268 quibus
298 2187 403 2251 decem
435 2188 531 2272 pedes
560 2191 590 2251 in
616 2188 802 2251 latitudinem
833 2189 872 2251 ab
902 2192 961 2250 ima
1016 2193 1080 2272 jam
1101 2187 1228 2251 Octobri
1247 2188 1324 2251 alias
1343 2187 1472 2269 pluvium
1497 2207 1535 2248 eo
1559 2190 1701 2269 majores
1726 2200 1823 2271 tempr-

155 2288 241 2361 parte
260 2279 299 2343 ed
320 2302 465 2343 summurn
484 2302 581 2364 nsque
601 2285 803 2364 superinjecta
822 2279 961 2343 bunola·
1020 2292 1117 2345 states
1138 2290 1227 2363 atque
1247 2278 1437 2343 incornrneda
1461 2280 1620 2343 allaturum
1641 2282 1823 2345 extra-atr·

157 2370 240 2431 brom
271 2372 373 2436 tossae
405 2374 510 2437 trustes
525 2378 716 2447 .urunieraut;
747 2371 963 2453 indelessoque
1021 2384 1085 2452 tur,
1114 2395 1173 2457 quo
1200 2376 1298 2435 arturus
1323 2373 1459 2435 imbrium
1488 2376 1624 2456 proxima
1651 2386 1761 2437 aestas
1784 2375 1823 2437 ba

158 2461 259 2525 studio
276 2465 434 2527 securibus
456 2469 578 2529 rnamrta
597 2463 717 2527 tandem
739 2475 853 2544 amum,
879 2474 962 2527 tento
1021 2468 1150 2530 buissel.
1190 2466 1283 2529 blittit
1299 2466 1489 2528 nihilominus
1508 2464 1707 2529 humetum
1733 2470 1825 2550 liujus·

157 2556 279 2620 silentio
300 2555 340 2617 ad
360 2560 539 2621 munitiones
558 2556 689 2620 bostium
713 2568 905 2640 perveneratt
929 2566 963 2619 ut
1021 2558 1099 2623 modi
1122 2579 1188 2620 curn
1208 2556 1368 2635 mandatis,
1387 2568 1421 2621 ut
1441 2559 1599 2621 consilium
1614 2562 1683 2643 ipss
1693 2570 1826 2641 proten·

159 2668 219 2709 riou
238 2650 321 2737 prius
341 2650 381 2715 ab
408 2651 467 2713 illis
493 2654 670 2723 seruaretur,
699 2672 786 2733 quam
811 2651 898 2715 miles
923 2648 963 2713 ad
1021 2673 1095 2736 pore
1120 2653 1237 2732 capiate
1266 2672 1303 2714 ae
1331 2650 1491 2733 potiendae
1523 2651 1638 2735 quiden
1669 2654 1741 2733 ejus
1773 2673 1828 2733 spe

159 2740 377 2805 incendendam
397 2748 538 2827 parietem
552 2748 673 2817 missus,
693 2743 849 2807 moenibus
867 2747 964 2825 ignem
1023 2744 1140 2821 oblata,
1169 2746 1329 2807 exereitum
1356 2748 1384 2807 ei
1409 2743 1580 2809 admoverit
1607 2742 1646 2807 ab
1666 2746 1748 2805 amai
1767 2764 1827 2825 spe

159 2834 333 2919 subjiceret.
356 2836 425 2917 Qua
445 2860 478 2901 re
498 2842 540 2901 ita
560 2838 665 2903 hostes
684 2836 814 2922 perculsi
837 2836 965 2909 luerurrt,
1023 2838 1177 2921 dejectus,
1195 2838 1300 2900 itinere
1320 2859 1411 2920 supra
1432 2857 1468 2899 se
1487 2860 1506 2901 a
1526 2834 1644 2901 dextera
1663 2844 1757 2917 eapte
1775 2837 1826 2899 Li·

158 2936 192 2990 ut
210 2928 311 2993 subito
335 2952 375 2993 ne
399 2930 558 3014 quidquam
585 2931 816 2994 reclamantibus
847 2928 966 2993 Praele-
1023 2933 1175 2995 tbuaniam
1194 2951 1300 2993 versus
1320 2952 1355 2993 se
1374 2932 1508 3011 recipiat.
1529 2928 1577 2991 llli
1595 2936 1686 2991 aucto
1706 2939 1827 2991 tarmen·

161 3024 219 3083 ctis
239 3020 419 3086 deditionem
440 3024 587 3087 tacerent:
607 3024 712 3107 ltaque
732 3044 879 3107 oppresso
898 3044 965 3085 mox
1023 3036 1119 3087 torum
1140 3044 1261 3085 numero
1281 3022 1320 3087 ad
1340 3024 1471 3105 reliquas
1497 3026 1621 3105 copias,
1649 3042 1729 3105 quas
1747 3022 1827 3085 labe

161 3112 299 3174 incendio
319 3117 434 3195 integra
455 3120 484 3178 in
504 3126 683 3199 potestatem
702 3120 792 3179 venit.
825 3115 965 3178 'l'ormen-
993 3154 997 3233 q
1025 3119 1086 3189 bat,
1106 3117 1285 3198 quingentos
1304 3114 1423 3197 pedites
1435 3115 1606 3195 ilungaros,
1623 3114 1746 3179 etatem
1756 3119 1826 3197 equi·

161 3210 257 3265 torum
276 3226 314 3268 ac
340 3208 444 3290 reliqui
468 3212 653 3271 instrumenti
681 3210 814 3271 militaris
838 3228 893 3289 pro
918 3230 965 3271 ea-
1024 3221 1101 3287 turn,
1122 3229 1209 3291 quarn
1230 3208 1355 3271 Gabriel
1379 3206 1529 3271 Belesius
1555 3208 1714 3291 Gasparis
1736 3208 1828 3271 delun

162 3306 213 3379 ptu
236 3300 353 3361 castelli
371 3304 475 3382 justus
497 3313 673 3383 apparatus:
695 3302 826 3383 pulveris
841 3310 966 3363 tormen·
994 3270 998 3315 Ι
1025 3306 1065 3365 eti
1085 3302 1177 3364 trater
1195 3300 1354 3376 ductabat,
1374 3302 1515 3363 attribuit.
1554 3302 1706 3365 Perfecta
1724 3306 1830 3365 intem

163 3394 229 3451 tarti
258 3400 376 3471 praeter
407 3392 589 3472 diligentiam
619 3396 842 3455 llloseevitiram
872 3399 967 3476 provi·
994 3328 998 3463 l
1025 3398 1187 3457 mrrrritionc
1205 3396 1286 3455 arcis
1306 3394 1471 3468 Lucensis,
1501 3414 1568 3455 eum
1588 3392 1664 3459 Rex
1683 3404 1829 3460 consuetu

161 3479 324 3543 ‹leardorum
350 3485 580 3566 praesidiorum,
610 3482 744 3567 quadiu
769 3487 849 3548 nulle
869 3486 968 3551 adbuc
994 3468 998 3611 Ι
1025 3487 1096 3551 rliue
1115 3507 1171 3549 sua
1191 3489 1258 3568 ipse
1277 3506 1397 3568 semper
1415 3486 1456 3548 ad
1481 3507 1558 3569 opus
1584 3498 1694 3563 esset,
1721 3490 1829 3551 milites

163 3584 312 3653 evenerat,
333 3598 391 3639 non
412 3577 481 3659 ptus
501 3576 655 3641 dimidiato
676 3599 748 3641 vase
768 3588 916 3662 repertum
937 3584 966 3641 in
1025 3601 1101 3662 eque,
1123 3601 1162 3642 ne
1182 3578 1261 3660 quod
1281 3588 1399 3661 ternpus
1425 3577 1464 3641 ad
1485 3600 1577 3661 opere
1598 3584 1830 3649 intermitteret.

163 3688 199 3729 eo
219 3667 324 3733 tuerat.
365 3670 431 3734 Rex
452 3676 554 3733 rrurrtio
574 3672 633 3733 boe
655 3670 817 3735 deditionis
841 3682 968 3756 accepto
1024 3675 1206 3738 hortaretur:
1226 3676 1828 3753 eaquetormentis,eomrneatu,aeeaui·

158 3762 281 3842 jande
308 3762 449 3827 discessu
474 3786 531 3827 suo
556 3786 593 3827 ac
619 3763 658 3826 do
683 3774 764 3828 statu
789 3764 968 3828 Provinciae
1026 3766 1083 3830 bus
1103 3766 1142 3829 ad
1162 3764 1366 3828 defensionem
1387 3768 1570 3829 necessariis
1590 3767 1691 3831 rebus
1706 3772 1828 3851 provisu:

162 3864 268 3937 captae
288 3855 499 3919 constituendo
520 3861 667 3939 cogitans,
687 3880 723 3921 ex
742 3858 968 3921 itinere'Zamo·
1029 3858 1249 3940 descriptisque
1269 3861 1319 3939 qui
1333 3863 1363 3920 iu
1375 3858 1526 3941 praesidio
1540 3880 1668 3923 meruere
1681 3858 1826 3925 debebant

162 3951 496 4013 aciuurrevocutllno
518 3952 674 4013 omninno
697 3954 861 4032 propinquo
884 3973 968 4034 prae·
996 4006 999 4029 ,
1026 3961 1087 4015 tarn
1117 3951 1268 4033 equitibus
1294 3972 1383 4033 qnam
1410 3950 1561 4034 peditibus
1596 3958 1701 4016 ternis
1734 3954 1825 4015 castil

162 4041 251 4113 sidia,
272 4043 511 4127 Toropcciense,
539 4065 576 4106 ae
600 4042 817 4105 Zavoloeiense
838 4047 968 4106 immine·
995 4038 999 4179 Ι
1026 4046 1172 4109 Nevclam
1197 4042 1266 4105 inde
1294 4044 1360 4107 Rex
1388 4048 1531 4127 pervenit,
1583 4044 1702 4111 Secuti
1731 4046 1823 4125 Reges

163 4135 250 4211 barat,
276 4158 351 4217 quae
376 4142 534 4198 rurivcrsae
559 4135 680 4199 ditionis
706 4139 773 4217 ejus
798 4140 968 4217 possessio·
1027 4137 1172 4201 Nevelanr
1197 4137 1316 4199 luerunt
1342 4139 1447 4217 Legati
1475 4136 1624 4211 bleselci3
1656 4142 1713 4221 qui
1739 4136 1824 4203 escili

163 4248 229 4288 rtem
250 4229 370 4291 turbare
390 4234 418 4290 ei
438 4238 585 4311 poterant.
626 4228 721 4291 Plebc
746 4238 902 4311 praeterea
922 4250 966 4289 ru·
1026 4230 1174 4295 lnrcensis
1195 4234 1253 4312 ipsi
1278 4240 1465 4313 spectatores
1490 4229 1626 4301 tulerant,
1658 4242 1695 4295 et
1721 4226 1823 4295 tund

162 4324 288 4395 silentia,
309 4331 341 4384 ut
362 4326 390 4383 in
413 4342 489 4383 novo
510 4325 633 4404 irnperio
645 4320 745 4383 infida.
778 4321 968 4385 laitbuanianr
1027 4325 1153 4399 litteras,
1174 4344 1250 4405 quas
1269 4327 1399 4405 scriptas
1419 4343 1510 4403 supra
1531 4330 1701 4389 ostensum
1721 4338 1778 4399 est,
1791 4344 1826 4383 rr·

163 4434 268 4476 versus
289 4417 423 4475 unanimis
444 4436 481 4476 ac
500 4418 681 4477 vastissimis
701 4414 912 4478 solitudinibus
926 4418 968 4476 in·
1026 4438 1140 4499 sponsa
1160 4438 1178 4478 a
1198 4416 1339 4498 Principe
1366 4438 1423 4479 suo
1452 4414 1669 4497 expectabant.
1713 4418 1826 4483 Nevelar

161 4509 306 4587 terjectis‚
328 4507 495 4589 'l'oropecio
521 4516 553 4570 et
573 4508 735 4571 Zavotocla
759 4507 878 4569 intentis
902 4508 967 4569 reti·
1027 4532 1080 4592 per
1100 4510 1212 4590 aliquot
1232 4508 1314 4582 dies,
1341 4520 1374 4571 ut
1392 4508 1622 4574 Zavolocieasis
1644 4514 1827 4597 oppugnatie

161 4605 228 4673 ctis,
250 4599 433 4682 praesidium
455 4602 551 4681 ipsum
570 4598 702 4681 undique
721 4601 760 4662 ab
778 4602 917 4663 hostibus
938 4610 968 4663 ct
1027 4604 1075 4664 nis
1096 4612 1232 4663 eventurn
1253 4610 1432 4681 expectaret,
1451 4601 1517 4663 Rex
1535 4601 1696 4669 substitit.
1729 4606 1827 4671 iareb

161 4694 386 4757 difficultatibus
408 4693 582 4767 obsessum,
605 4695 644 4755 ab
672 4698 809 4775 ourrriquc
831 4693 968 4756 snlrsidio
1028 4695 1174 4758 tabellarii
1194 4704 1226 4757 et
1243 4694 1339 4773 lle-gis
1359 4704 1390 4757 et
1409 4696 1590 4775 Legatorum
1616 4696 1662 4761 ab
1689 4696 1829 4763 obradiet

161 4789 352 4849 interclusum
373 4808 431 4849 non
453 4791 529 4851 satis
555 4796 620 4849 tuto
645 4788 686 4849 ibi
712 4787 839 4849 turturum
864 4788 969 4849 intelli·
1029 4789 1161 4851 ereeusi
1181 4792 1211 4849 in
1233 4788 1418 4851 bloscoviarn
1439 4789 1522 4850 nrmsi
1542 4800 1756 4859 revertuntur.
1786 4790 1831 4869 ψ’

161 4881 260 4955 gebat.
307 4882 467 4943 Zavoloeia
495 4890 698 4962 praeterquam
726 4878 805 4962 quod
838 4882 969 4945 liuccnsi
1029 4906 1047 4943 a
1066 4882 1152 4963 Rege
1171 4885 1283 4943 missus
1305 4880 1415 4957 lucrat,
1446 4883 1641 4961 longissimas
1667 4888 1832 4951 litter-ant

163 4972 313 5051 praesidio
335 4979 462 5035 rrrariuro
485 4973 672 5035 ineomrnodo
693 4974 790 5037 lutura
817 4984 896 5049 erat,
921 4997 969 5037 eo·
1028 4976 1109 5047 tulit,
1139 4978 1168 5035 in
1189 4976 1297 5056 quibus
1316 4978 1501 5057 superiorum
1521 4976 1700 5043 litterarum
1721 4984 1832 5045 oui·

162 5064 267 5139 gitanti
285 5067 347 5141 jani
371 5066 409 5127 rlc
429 5066 517 5127 turturi
543 5071 611 5130 arrrri
638 5066 841 5149 expeditione,
867 5092 968 5131 taceres·
1029 5078 1217 5147 emolliente,
1243 5089 1323 5129 more
1349 5088 1405 5129 stro
1427 5068 1515 5147 longe
1539 5074 1689 5137 oratione
1715 5074 1832 5157 repeda

161 5158 241 5219 sario
261 5160 349 5217 etiarn
378 5160 570 5223 rur-currebat:
610 5166 638 5219 in
667 5163 762 5227 iusrrla
801 5188 857 5225 rnrn
886 5165 969 5223 lacus
1030 5163 1264 5239 ‹pentaconinn
1285 5184 1301 5223 a
1326 5162 1408 5239 ltcpc
1427 5165 1597 5227 universam
1619 5172 1727 5249 repeti
1749 5166 1826 5231 intell
