3742 5626
108 202 148 261 oo
648 194 883 261 abluamur
904 194 1230 261 umususrstrut

110 386 205 449 perros
223 382 260 425 sc
279 364 429 441 Georgia,
454 358 524 421 inde
549 360 649 439 aliquo
669 369 803 441 tempore
824 363 914 421 inter·

106 464 193 542 jecto
211 457 339 517 illarum
358 450 538 537 suprabssdll
548 452 711 533 Georgium
722 452 831 533 Regno
847 472 914 515 con·

109 552 252 615 firmavit:
271 547 401 628 indeque
419 544 459 610 ad
479 546 537 607 boc
557 564 653 625 usqne
666 552 795 627 tenpus,
814 564 914 627 quam·

109 648 158 709 sis
179 640 339 725 aliquando
358 639 454 699 Bassi
473 640 604 699 universi
618 634 845 701 Susduliensem
864 640 916 699 ite·

110 760 175 801 rmn
194 735 259 797 dari
278 733 338 797 sibi
357 754 377 795 a
396 730 523 793 Tartaro
542 738 689 813 peterent,
710 740 854 813 perpetuo
873 738 915 793 ta-

110 852 177 895 men
197 833 227 891 iu
246 822 552 889 MoscoviacDucum
572 823 682 887 imuilia
700 824 795 885 boam
813 828 916 906 isper-

110 924 229 987 rnansit.
267 920 314 983 Er
332 918 442 999 quibus
461 937 550 999 quum
570 937 699 998 paroecus
725 918 815 1001 bajus
835 937 916 979 nenne

107 1036 204 1081 rermn
225 1013 347 1096 potitur,
366 1009 499 1074 Basilius
511 1010 617 1073 Basilii
630 1008 709 1072 iilius
719 1018 790 1092 post
800 1018 915 1091 patrem

107 1116 139 1173 el
158 1116 294 1191 patrnam
314 1107 543 1169 Constantinum
554 1108 743 1187 imperasset,
763 1106 915 1185 conspira-

106 1208 189 1267 tione
209 1200 397 1263 allemetrio
411 1198 535 1277 Georgii
555 1196 617 1259 lilio
636 1202 833 1277 cognomento
845 1199 914 1257 Sae-

107 1301 204 1361 miaca
230 1295 319 1357 Duce
344 1294 531 1367 Sereriensi,
554 1289 672 1352 Joaime
690 1288 834 1353 Arrdrcas
853 1288 915 1351 tilio

106 1391 330 1473 Mosajscense,
349 1384 477 1447 Borisso
496 1380 660 1447 Alexandri
680 1381 741 1445 filio
762 1381 915 1445 Trereusc

106 1482 243 1547 Ducibus
255 1486 438 1541 contraenm
458 1478 548 1553 iacta,
568 1476 675 1555 Regno
694 1474 734 1539 ab
746 1478 784 1539 iis
797 1484 914 1551 exertus,

107 1574 327 1653 luminibusque
356 1592 375 1634 a
407 1570 540 1651 Georgia
575 1570 757 1631 Serenenae
790 1567 913 1631 orbatas

107 1670 179 1735 luit:
191 1686 293 1729 verrem
306 1662 632 1742 aNocogardieusibus
646 1660 770 1743 adjutus
776 1660 913 1739 Regnum

105 1760 302 1843 recuperavit,
320 1764 486 1838 pacateqne
506 1754 615 1817 deinde
634 1754 665 1816 id
675 1754 811 1817 obtinuit·
839 1754 913 1817 Sue·

106 1858 204 1919 cessit
221 1852 291 1913 buic
309 1850 446 1911 loairnes
465 1848 555 1925 lilius,
574 1852 625 1930 qni
645 1848 759 1929 primus
779 1868 855 1920 cani,
873 1844 913 1907 ad

105 1968 195 2033 quam
226 1964 304 2007 rrrrnc
336 1948 544 2013 excreverant,
576 1945 738 2023 potentiam
768 1940 913 2003 fundarit.

105 2044 223 2107 Ducem
234 2037 427 2109 'l'vcrcnsem
448 2038 582 2116 quenuis
595 2054 714 2097 uxorem
728 2055 765 2095 ex
776 2054 812 2097 ca
824 2032 912 2096 domo

105 2135 238 2205 baberet,
248 2130 357 2207 Regno
367 2128 490 2210 pmpulit,
502 2130 757 2209 principatumque
770 2126 913 2189 obtinuit:

106 2226 185 2293 baud
199 2226 292 2287 multo
313 2232 381 2304 post
403 2230 433 2283 el
449 2220 641 2301 Nosogardia
652 2222 762 2300 lllagna
774 2242 827 2303 per
838 2220 912 2283 irain-

106 2320 176 2383 dem
195 2325 295 2399 capta,
314 2319 344 2377 in
366 2318 538 2375 servitutem
559 2333 624 2373 earn
645 2312 771 2393 redegit,
790 2322 822 2375 ct
836 2314 912 2376 alios

105 2416 291 2497 principatus
311 2416 427 2469 tesitare.
441 2409 555 2487 coepit:
577 2426 672 2485 coque
684 2410 835 2487 polentiae
847 2426 911 2487 per·

104 2510 195 2577 sensit,
216 2512 249 2563 nt
274 2502 384 2563 ceteris
410 2498 547 2559 [lancibus
569 2508 648 2561 sraela
667 2496 911 2571 concedentibus,

105 2618 194 2661 eremo
213 2596 264 2677 qni
286 2590 441 2674 cupiditati
462 2594 530 2673 ejus
549 2594 694 2653 resistere
714 2590 847 2663 erederet,
867 2612 911 2653 rc·

104 2692 260 2775 periretur.
281 2684 364 2747 ldem
385 2684 575 2747 Tartarormu
593 2687 699 2767 jugum
726 2688 838 2765 perimus
864 2704 911 2747 ex·

104 2786 213 2859 cussit,
232 2780 371 2863 conjugis
400 2778 532 2861 Sophiae
557 2778 696 2861 Graecae
723 2778 911 2841 ePalaeolo·

104 2899 206 2961 goram
228 2894 354 2955 genere,
378 2894 466 2953 qnam
494 2880 610 2935 rnmtna
629 2870 783 2934 Trerense
808 2891 911 2953 snper·

103 2971 274 3045 induxerat,
304 2970 434 3045 ingentis
464 2967 588 3045 spiritns
621 2966 753 3027 rrinlieris
786 2966 911 3026 vocibus

104 3062 262 3147 impulsus.
302 3058 391 3123 ilaud
413 3056 552 3119 dissimili
574 3056 684 3119 deinde
703 3056 910 3121 rationalibus

102 3162 170 3241 ejas
199 3152 335 3219 Basilius
366 3152 539 3233 potentiam,
571 3154 659 3232 cnjus
691 3159 778 3232 pater
807 3148 909 3211 lurida-

101 3260 201 3316 menta
219 3252 347 3331 jecerat,
359 3248 388 3307 in
400 3248 574 3306 immensum
591 3242 655 3305 lere
676 3246 769 3305 anxit.
789 3240 841 3306 Ad
862 3263 908 3315 ca,

99 3368 177 3429 quac
202 3352 288 3425 pater
313 3346 484 3421 pepererat,
522 3336 784 3397 Snmlcnscenscm
811 3336 908 3397 linca-

101 3450 164 3503 tnm
177 3437 347 3507 dissimum,
366 3452 404 3493 ac
424 3426 567 3510 quidquid
577 3430 767 3491 Sereriensis
786 3426 907 3491 ditionis

100 3532 247 3612 reliquam
268 3533 342 3597 crat,
361 3521 492 3604 adjecit:
522 3522 661 3583 Cmarnos
687 3524 760 3583 rnrari
780 3530 811 3583 et
830 3532 907 3584 terra

100 3626 242 3695 teritaeit‚
272 3620 430 3699 l'rincipcs
455 3634 560 3675 ornrrcs
587 3622 716 3691 ageratos
742 3613 907 3677 ditionibus

99 3722 165 3781 suis
185 3724 300 3787 exutos,
320 3720 383 3773 tum
404 3708 649 3770 Plescoviensem
675 3710 825 3771 civitatem
847 3730 906 3771 nra

99 3814 208 3877 rimam
227 3812 258 3871 in
277 3808 452 3869 servitutem
471 3800 599 3881 conlegit.
640 3800 800 3865 Successit
827 3806 855 3865 ci
876 3805 905 3863 in

100 3908 223 3989 imperio
243 3903 303 3976 bic,
317 3902 366 3981 qni
388 3918 465 3959 sinric
485 3916 583 3957 rcrrnn
602 3898 729 3977 potitur,
753 3893 906 3957 Joarmes:

98 4004 196 4083 quiet
215 4000 281 4077 ipse.
291 3994 429 4073 Regnum
447 3988 663 4071 amplissimum
682 4010 702 4049 a
717 3997 802 4070 patre
821 4010 905 4051 acce·

97 4102 190 4175 plum,
212 4090 330 4151 lortnna
355 4106 392 4147 ac
420 4082 567 4145 industria
594 4080 716 4163 adjutus
748 4080 840 4143 medlo
873 4080 905 4143 id

97 4185 170 4247 lecit
188 4182 326 4262 amplias.
354 4180 530 4239 Casanenac
549 4182 582 4235 ct
599 4176 826 4237 Astrncancnse
846 4174 904 4237 lle·

96 4296 155 4355 gna
175 4296 194 4335 a
213 4282 298 4355 palm
317 4272 441 4331 strennuis
461 4266 576 4327 viribus
596 4276 766 4349 oppugnata
786 4272 905 4330 cininicu-

97 4368 193 4431 lorum
213 4370 244 4426 el
263 4362 415 4445 pulverum
435 4362 576 4429 uranicae,
601 4379 678 4439 qnos
704 4360 849 4423 cuniculis
874 4366 903 4422 in

98 4460 214 4523 urbium
242 4450 516 4538 oppugnationibus
541 4448 728 4529 subjecerat,
758 4472 835 4513 eroso
866 4454 904 4515 iis

96 4550 282 4636 temporibus
302 4544 383 4630 apud
402 4544 470 4607 illas
495 4548 601 4623 gentes
627 4542 752 4605 artilicio
772 4542 905 4624 adjutus,

97 4653 127 4711 in
147 4646 290 4710 ditionem
308 4640 439 4721 redeg't:
459 4639 590 4717 ararique
611 4636 688 4695 emm
704 4634 827 4717 Caspio,
846 4658 904 4698 una

98 4762 166 4803 cum
187 4745 225 4803 iis
251 4741 281 4801 in
302 4740 481 4819 potestatem
508 4736 649 4811 accepto,
683 4726 723 4791 ad
747 4728 903 4793 Persidem

98 4831 160 4893 lere
180 4834 333 4913 imperium
354 4824 489 4911 protulit:
512 4824 656 4887 livoniae
673 4826 826 4885 rammam
840 4844 904 4907 par-

96 4932 157 4985 tem
178 4944 232 5003 per
249 4922 458 4985 dissensiones
470 4920 614 4981 bisonem
635 4918 808 4999 occupavit:
829 4916 903 4977 Sne·

97 5036 152 5078 cos
174 5016 273 5075 mediis
284 5035 376 5095 saepe
387 5009 524 5073 cladibus
535 5008 649 5072 ailccil:
670 5008 822 5071 l'olociam
832 5020 903 5073 tern-

98 5106 221 5193 poribns
242 5102 425 5183 Sigisnrnndi
446 5106 575 5181 elergersti
597 5105 692 5185 cepit:
714 5104 903 5185 cuniqueSe-

97 5205 193 5283 lyrnns
215 5198 377 5261 Turcarum
398 5198 561 5275 lurperalor
579 5196 704 5259 'lorraine
717 5196 822 5260 betunen
837 5218 901 5257 cuin

974 358 1042 421 lllm
1061 360 1180 423 donnino
1201 365 1338 437 ruasirno,
1358 382 1445 443 quem
1466 362 1560 425 Rrrssi
1576 361 1711 442 Volgam
1731 382 1782 423 sua

975 452 1075 533 lingua
1094 452 1185 516 bodie
1194 455 1357 536 appellant,
1376 458 1559 536 corrinngerc
1568 458 1744 529 statuisset,
1754 466 1783 517 ul

975 544 1076 609 classe
1094 566 1132 610 ex
1151 544 1251 609 Ponto
1271 548 1388 611 Eernino
1407 546 1535 611 adverso
1555 546 1654 612 Tanai
1675 548 1782 611 iullba

974 639 1120 715 inmotus,
1127 638 1350 705 Astracbannm
1361 644 1391 704 in
1407 646 1487 706 ostio
1500 641 1780 725 daminiserqquo

975 734 1006 791 in
1025 752 1107 793 maro
1127 732 1270 815 Caspium
1290 735 1394 810 inlinit,
1413 738 1513 809 sitnm,
1532 756 1570 799 ac
1589 756 1647 817 per
1667 732 1703 797 id
1724 740 1780 799 uni·

973 844 1093 887 versum
1111 846 1193 887 marc
1214 827 1358 909 Caspium
1378 832 1539 911 potestatis
1558 850 1636 893 snae
1659 826 1779 903 iaceret,

975 915 1092 979 ancao
1110 924 1308 1000 quoqucvicti
1326 920 1406 984 lania
1425 920 1681 1003 eiqnaesitaiuit.
1709 918 1780 985 Nan

977 1028 1043 1071 earm
1063 1008 1194 1073 Seliams
1214 1033 1233 1075 a
1253 1012 1600 1097 sigismnndoaugmto
1622 1036 1680 1097 per
1695 1014 1779 1077 lbrai·

974 1122 1052 1163 mum
1074 1104 1249 1179 Cbansium,
1277 1110 1326 1187 qui
1347 1129 1383 1170 ex
1402 1106 1494 1169 nobili
1521 1112 1718 1171 Strassorum
1744 1108 1778 1172 fa·

974 1195 1054 1257 milia
1079 1200 1109 1257 in
1130 1196 1255 1261 l’olonia
1285 1208 1390 1275 rrabrs,
1422 1222 1440 1263 a
1469 1204 1597 1283 pueritia
1628 1206 1779 1285 inpietate

975 1288 1103 1354 'lurciea
1123 1289 1270 1365 imbutus,
1297 1296 1488 1357 conanimis
1508 1292 1619 1357 deinde
1638 1298 1778 1379 praemiis

973 1381 1013 1442 ob
1034 1386 1144 1462 ingenii
1165 1384 1344 1463 elegantiam
1369 1387 1494 1450 allectus
1519 1387 1634 1461 iuerat,
1658 1410 1718 1471 per
1740 1387 1777 1451 di·

972 1478 1072 1539 tiones
1099 1480 1167 1558 ejus
1187 1479 1343 1539 transsitnm
1363 1482 1504 1541 exercitui
1524 1482 1731 1563 postulasset,
1754 1486 1778 1545 is

972 1590 1043 1630 vcro
1061 1590 1079 1631 a
1099 1568 1291 1651 sigismundo
1304 1574 1444 1651 alirgnste
1465 1584 1593 1653 erogatus
1615 1577 1645 1637 ei
1666 1574 1779 1643 luisset.

973 1662 1112 1741 Selymus
1138 1662 1330 1725 nibilominus
1356 1686 1411 1747 pcr
1430 1665 1597 1729 Tartariam
1623 1666 1665 1731 ad
1686 1670 1779 1753 perio·

974 1752 1113 1817 dicndnm
1133 1758 1261 1838 spatium
1282 1757 1398 1831 istlnni,
1418 1758 1499 1841 qnod
1517 1762 1595 1821 inter
1620 1759 1683 1823 duo
1708 1762 1779 1826 bace

972 1846 1090 1911 domina
1101 1850 1348 1929 arngustissimnm
1365 1862 1429 1915 csta
1441 1854 1565 1935 jamque
1575 1852 1778 1919 Moseositieo

971 1940 1039 2001 solo
1060 1945 1238 2017 continetur,
1261 1947 1421 2005 exercitam
1443 1948 1540 2021 misit;
1565 1950 1617 2028 qni
1640 1970 1708 2011 cum
1727 1970 1776 2033 per

971 2036 1160 2097 vastissimas
1180 2034 1360 2099 solitudines
1380 2039 1502 2113 ivisset,
1535 2038 1674 2105 Tartaris
1704 2046 1776 2127 ipsis

972 2128 1073 2189 insitis
1093 2132 1244 2209 negotium
1265 2127 1552 2205 uclrrrinislrantibns,
1571 2154 1610 2195 ac
1629 2146 1702 2199 aitte
1720 2140 1774 2199 sia-

971 2240 1035 2281 rnm
1054 2220 1250 2283 incommodis
1271 2226 1393 2285 attritus
1408 2223 1527 2285 dloseis
1546 2224 1689 2307 objectus
1708 2228 1774 2291 luis·

970 2322 1029 2379 set.
1048 2314 1130 2375 nullo
1149 2318 1357 2397 operaepretio
1376 2315 1511 2398 perlecto
1532 2316 1693 2385 discedere
1713 2344 1775 2385 coa·

971 2414 1039 2467 ctus
1060 2405 1124 2467 luit.
1165 2410 1210 2469 lta
1241 2416 1365 2489 repente
1398 2409 1527 2471 collecta
1555 2417 1692 2493 potentia
1721 2436 1775 2477 noir

970 2497 1102 2559 linitionis
1123 2498 1213 2561 modo
1225 2501 1371 2575 orientibus,
1392 2500 1447 2563 sed
1460 2505 1672 2569 remotioribus
1691 2510 1776 2571 etiam

971 2590 1138 2673 quibusque.
1160 2592 1332 2657 nationibus
1354 2598 1458 2657 terrori
1474 2594 1603 2658 llloscus
1619 2602 1685 2680 jam
1698 2611 1775 2664 erat:

970 2705 1065 2768 coque
1085 2684 1183 2747 fastris
1203 2689 1233 2747 in
1254 2694 1337 2749 tanta
1364 2684 1463 2749 lirnium
1489 2708 1526 2750 ac
1552 2711 1652 2753 rernm
1680 2706 1774 2773 gesta·

969 2798 1034 2839 rum
1061 2776 1256 2859 amplitudine
1282 2792 1488 2861 processerat,
1515 2792 1548 2845 nt
1574 2804 1681 2849 onrrres
1698 2786 1771 2849 alios

969 2870 1128 2953 Principes
1148 2891 1221 2953 prae
1240 2892 1276 2933 sc
1287 2880 1506 2937 contemnerctr
1525 2874 1695 2961 senilemque
1707 2901 1773 2961 gen·

968 2972 1029 3027 tem
1048 2985 1119 3027 esse
1140 2966 1332 3037 existimaret,
1353 2986 1429 3045 qnae
1450 2965 1559 3049 opibus
1580 2990 1617 3032 ac
1639 2976 1774 3053 potentia

969 3054 1150 3119 contendere
1169 3075 1272 3117 secmn
1290 3067 1409 3139 posset.
1434 3064 1508 3123 Cum
1529 3062 1676 3125 antebac
1697 3066 1774 3129 Crue-

968 3152 1096 3223 sioram‚
1117 3148 1236 3211 lineum
1256 3152 1374 3213 scilicet
1393 3156 1527 3231 nomine,
1544 3158 1639 3233 magni
1659 3176 1771 3235 cogno-

967 3250 1083 3317 mento,
1101 3262 1160 3323 quo
1181 3262 1250 3315 cos,
1276 3246 1326 3325 qni
1345 3246 1421 3325 ipsis
1441 3244 1595 3327 parebant,
1615 3250 1771 3329 praeirent

966 3334 1081 3411 addito,
1101 3338 1148 3397 risi
1169 3344 1288 3396 essent:
1314 3338 1406 3397 l‘ater
1426 3336 1513 3417 liniris
1529 3336 1665 3401 Basilius
1683 3360 1772 3423 repe-

965 3432 1020 3491 tito
1040 3450 1077 3489 cx
1095 3428 1307 3509 interpretibus
1333 3429 1462 3493 Slavicis
1485 3450 1634 3493 sacrarum
1659 3432 1772 3497 littera·

965 3541 1029 3581 rum
1054 3522 1182 3593 normae,
1202 3524 1316 3603 prinms
1337 3524 1478 3599 t'iarinm,
1497 3520 1579 3605 quod
1596 3522 1712 3605 Regem
1724 3548 1771 3590 eo·

965 3634 1029 3675 reim
1049 3613 1149 3693 lingua
1169 3612 1334 3692 signifieat,
1353 3614 1495 3697 appellari
1516 3638 1552 3679 sc
1577 3618 1684 3681 volarit:
1724 3640 1771 3683 eo·

966 3728 1023 3787 qac
1043 3730 1062 3769 a
1080 3706 1283 3769 blasianiliano
1304 3709 1372 3787 ejas
1398 3712 1528 3771 rio-irris
1556 3710 1659 3773 Primo
1678 3714 1771 3795 lurpe·

964 3810 1062 3863 ratorc
1082 3800 1263 3883 appellatum
1282 3822 1318 3859 se
1333 3798 1481 3879 jactabat.
1522 3800 1574 3867 Ad
1599 3804 1770 3884 religionem

965 3893 1164 3955 Christianam
1189 3914 1207 3953 a
1234 3892 1347 3953 Basilio
1375 3892 1504 3975 qinodam
1530 3896 1771 3981 elrcbiepiscopo

965 3984 1294 4067 Constantinopolitano
1305 4006 1410 4046 nomen
1417 3986 1578 4049 Russicnm
1585 3989 1770 4071 perductum,

963 4081 1119 4161 sacrisque
1140 4078 1374 4141 Christianorum
1397 4082 1543 4141 initiatum
1570 4084 1700 4163 ipsonnu
1721 4106 1769 4147 an·

963 4172 1057 4247 reales,
1080 4192 1118 4232 ae
1136 4172 1301 4251 Byzarrtina
1320 4174 1407 4232 ctiam
1428 4172 1552 4236 historia
1572 4173 1675 4237 babet.
1715 4174 1769 4239 lla·

963 4286 1021 4349 quc
1039 4274 1074 4329 nt
1092 4266 1186 4347 pirineo
1206 4262 1357 4343 religionis
1377 4274 1481 4327 neuere
1501 4268 1638 4344 Graeco,
1658 4290 1695 4331 ac
1716 4268 1768 4331 ire·

962 4358 1121 4441 quenlibus
1141 4354 1250 4418 deinde
1270 4360 1347 4419 inter
1367 4356 1501 4420 Graecos
1528 4368 1559 4421 et
1579 4360 1700 4423 Russos
1718 4382 1770 4445 per

961 4452 1111 4513 Moesiam
1130 4472 1167 4511 ac
1187 4450 1328 4531 illyrium,
1354 4472 1431 4531 qnae
1456 4474 1474 4512 a
1499 4454 1670 4517 slavonicis
1690 4456 1768 4537 ejus·

963 4544 1091 4625 demque
1111 4544 1233 4623 linguae
1250 4542 1393 4621 gentibus
1416 4544 1604 4623 tenebantur,
1625 4556 1687 4608 tum
1699 4546 1768 4611 llio·

962 4640 1050 4713 siam,
1070 4659 1146 4717 qamc
1172 4656 1226 4717 per
1250 4636 1467 4715 Borysthenem
1495 4659 1561 4701 cnm
1586 4640 1685 4700 Ponto
1711 4636 1768 4700 Eu-

962 4731 1031 4791 xino
1041 4730 1240 4811 coinjerngilur,
1260 4734 1457 4807 continuemus,
1469 4752 1535 4791 cum
1548 4730 1666 4793 litteras
1676 4730 1769 4793 Grae·

963 4844 1026 4899 eas,
1048 4832 1108 4883 tnm
1128 4824 1204 4883 ritus
1223 4844 1241 4883 a
1262 4820 1416 4885 liumanac
1443 4822 1600 4886 Ecclesiae
1626 4825 1771 4887 institutis

963 4916 1101 4978 diversos
1122 4936 1230 4995 magua
1250 4938 1287 4977 cx
1297 4925 1383 4998 parte
1395 4920 1536 4979 retinent:
1558 4926 1590 4979 ut
1602 4936 1663 4979 non
1674 4936 1769 4999 panea

962 5022 1061 5073 tannen
1083 5032 1119 5071 ex
1139 5010 1198 5071 illis
1219 5010 1296 5091 ipsis
1322 5030 1388 5069 cirin
1409 5018 1543 5093 tempus,
1568 5020 1629 5071 tum
1656 5012 1769 5073 uleus·

963 5104 1119 5185 politorum
1139 5122 1176 5163 ac
1195 5102 1318 5163 aliorum
1338 5100 1556 5185 Episcopurmu
1568 5104 1701 5185 l’rineipi
1713 5124 1770 5165 suo

962 5194 1146 5277 obsequendi
1166 5192 1296 5256 studium
1319 5192 1497 5277 depramrit.
1538 5198 1640 5276 Leges
1660 5194 1771 5275 quibus
