3742 5626
98 220 155 283 t'lt

637 218 874 286 narsitem!
893 218 1220 287 limosasr'atan

101 384 155 451 iis,
187 403 265 462 quae
291 403 310 444 a
335 380 423 461 Rege
447 382 537 442 aruris
562 388 645 463 parta
670 380 899 461 possidebantur
930 412 935 470 p
961 390 1031 447 aute
1060 384 1221 447 Turcarurn
1252 384 1341 447 arnis
1372 380 1528 453 exclusus,
1561 402 1579 443 a
1606 384 1681 445 arari
1709 384 1772 443 tero

97 472 213 545 lauces,
233 474 435 553 Zavolecian,
456 472 626 547 Ostrovaru,
638 474 793 553 Nevelarn,
814 474 901 538 Circi·
937 498 941 505 ’

99 586 189 637 mana,
214 574 276 630 tura
301 568 340 629 ab
371 568 498 647 ipsamet
516 566 617 629 deleta
650 570 786 642 castelle,
814 570 901 632 Cras·

101 680 180 735 nana,
193 658 459 731 Crasnelreredura,
479 660 693 739 Veronaeiunr,
704 662 823 725 Veliam
833 664 903 725 sela

97 754 252 833 reciperet.
281 752 405 825 Quibus
423 760 521 815 tanen
542 756 571 814 in
591 756 728 817 omnibus
748 756 902 818 alatrinen-

97 846 139 907 tis
177 844 287 906 raulluna
325 846 465 907 fortassis
495 850 591 929 majus
629 852 745 911 censeri
784 850 904 921 debeat,

99 958 186 1017 quern
223 936 304 1018 qued
338 940 482 1019 portubus
518 942 637 1003 cunctis
668 940 776 1003 Baltici
813 944 903 1006 maris

98 1032 238 1107 amissis,
258 1052 276 1091 a
296 1026 497 1113 Borysthenis
517 1040 615 1097 auten
635 1036 824 1115 aar'igatiene
838 1039 901 1119 jaar

962 478 1041 539 oruni
1075 482 1192 559 praeter
1221 496 1307 559 quarn
1342 475 1459 555 glaciali
1489 476 1771 556 inportuosissima.

962 592 999 633 ac
1023 570 1291 653 periculosissime,
1324 576 1415 649 atque
1438 568 1560 629 aliarum
1587 568 1652 629 tere
1680 570 1772 629 natio·

964 685 1032 727 nunr
1051 662 1294 735 occidentalium,
1322 682 1359 723 ac
1378 660 1610 723 meridionaliunr
1630 682 1772 723 conarer·

965 760 1021 821 ciis
1040 760 1071 818 in
1092 756 1263 837 penitiorem
1283 754 1469 815 ltlosceviam
1495 760 1638 833 tanquam
1661 756 1771 833 relega·

963 862 1029 915 tus:
1062 848 1283 931 compedesque
1318 864 1378 925 que
1405 846 1504 908 ninus
1540 846 1637 909 libere
1670 850 1770 927 vagari

963 948 1075 1029 pessit,
1093 944 1224 1026 injectae
1243 942 1273 1003 ei
1291 939 1455 1002 videantur.

730 1218 1112 1247 ——fflo---
1127 1227 1130 1231 ·

677 1534 882 1615 LIBER.
926 1532 1189 1613 SEXTUS.

830 1774 1034 1801 «αι’...-

178 1972 290 2035 Pacate
321 1996 386 2037 eura
413 1974 451 2039 ad
477 1972 613 2055 modona,
642 1994 730 2057 quern
751 1972 905 2057 superiore

100 2066 174 2128 libre
194 2066 476 2139 demandavimus,
496 2070 617 2145 Mosco,
643 2068 715 2131 nibil
736 2068 817 2148 prius
836 2066 904 2125 Rex

100 2160 212 2231 babuit,
232 2180 320 2241 quarn
339 2166 373 2221 ut
382 2162 552 2242 provinciae
565 2160 791 2223 constituendae
803 2180 905 2230 causa,

99 2252 166 2329 ipse
196 2254 225 2313 in
255 2252 408 2314 Livoniarn
441 2254 548 2333 lliganr
586 2275 682 2335 usque
719 2252 903 2337 precederet.

101 2342 199 2415 Quam
230 2368 296 2407 euar
329 2346 367 2403 12
398 2348 511 2409 mensis
539 2346 640 2407 lilartii
670 2348 719 2407 die
749 2348 905 2427 ingressus

100 2436 227 2507 luisset,
258 2436 403 2518 postridie
433 2440 611 2501 Zamesciua
642 2438 682 2499 ad
715 2461 783 2501 euna
813 2440 903 2499 venit.

99 2528 166 2591 Jnn
184 2534 254 2591 aute
273 2534 371 2589 autcnr
396 2532 445 2591 alii
471 2530 562 2593 etiarn
584 2530 750 2593 Senatores
770 2530 904 2593 l‘oleniel

100 2620 224 2703 nllquet,
243 2642 280 2683 ac
296 2620 466 2685 Litbuanici
486 2626 563 2687 satis
584 2624 755 2707 trequentes
776 2624 905 2685 comitati

100 2734 138 2774 ce
157 2712 273 2793 Regem
294 2714 419 2779 lucrant.
449 2717 499 2779 Ad
518 2738 574 2779 ees
593 2720 707 2779 Ducem
728 2714 906 2779 Curiandiae

100 2826 137 2869 ac
160 2826 199 2867 cx
224 2806 385 2869 Nobilitate
409 2808 555 2873 Livenica
584 2832 672 2891 quana
703 2808 905 2889 trequentissi·

101 2919 167 2961 aros
186 2900 257 2965 Rex
283 2902 390 2964 litteris
418 2910 539 2965 evocat:
566 2926 702 2986 quaeque
727 2902 766 2965 ad
792 2902 906 2983 provin·

101 2994 168 3055 eine
200 2998 268 3079 ejus
297 3000 408 3056 statuar
439 2998 588 3078 pertinere
618 2996 807 3067 videbantur,
838 3014 904 3055 curn

101 3086 240 3145 erunibus
267 3088 304 3147 iis
325 3090 563 3169 conmunicatis,
589 3094 622 3150 ut
647 3090 759 3171 scripte
785 3095 905 3149 seuten-

100 3178 170 3239 tlnr
190 3198 273 3239 suan
288 3180 478 3263 explicarent,
498 3178 701 3243 bortulusees
718 3180 782 3243 luit.
802 3180 904 3251 Erant,

99 3268 138 3331 de
158 3272 267 3351 qulbus
287 3272 517 3351 deliberabatur,
537 3274 723 3355 capitalaaec
735 3274 903 3353 potissima:

100 3363 139 3423 de
154 3362 274 3443 templis
287 3364 428 3443 cultuque
443 3366 542 3427 divine
559 3366 767 3428 instaurando:
787 3364 905 3445 deEpi·

100 3474 193 3535 scepe
210 3454 411 3515 restituendo:
427 3458 578 3541 previncia
585 3460 697 3521 ordinis
712 3458 903 3543 judiciorum-

100 3566 257 3627 quecausa
269 3548 407 3631 inpartes
419 3556 518 3613 certas
529 3550 703 3614 dividenda:
723 3550 903 3629 Magistrati-

100 3641 158 3703 bus
178 3662 214 3703 ac
227 3642 340 3703 aerario
361 3644 478 3723 publico
497 3645 720 3718 constituend03
740 3644 903 3725 dequibus

99 3754 165 3795 cunr
176 3734 246 3817 quid
256 3738 384 3819 quisque
394 3740 528 3813 sentiret,
551 3736 743 3813 ostendisset,
764 3738 902 3799 Rexetsl

100 3850 159 3891 nen
180 3832 336 3909 ignoraret,
355 3852 374 3892 a
394 3832 556 3913 rrrajeribus
575 3833 640 3893 suis
661 3834 750 3893 etiarn
770 3832 837 3893 siue
859 3848 902 3891 er-

100 3922 202 3983 diuunr
214 3926 390 3985 auctoritate
401 3926 568 4005 provincias
577 3926 616 3986 ab
627 3926 665 3985 iis
676 3934 779 4007 partas
790 3926 903 4005 privato

100 4015 224 4077 consilio
244 4020 437 4081 constitutast
466 4040 525 4101 que
544 4028 642 4081 tarueu
661 4020 775 4099 gratius
794 4016 902 4079 benefi-

101 4110 183 4169 cium·
196 4130 283 4171 suurn
304 4122 404 4191 esset,
429 4114 457 4173 si
483 4132 550 4174 cunr
576 4134 682 4173 omncs
701 4132 822 4195 operam
842 4116 902 4170 stu·

102 4200 240 4281 diunrque
265 4224 351 4263 saura
376 4204 414 4266 ud
440 4227 504 4268 eaaa
529 4208 706 4289 provinciam
727 4224 903 4287 recuperan-

102 4291 169 4353 dam
201 4294 413 4371 contulissent,
445 4320 481 4358 ex
508 4301 637 4360 uranium
664 4299 790 4359 consilio
824 4302 905 4357 certa

101 4388 168 4469 ejus
195 4388 320 4449 termula
342 4388 573 4467 describeretur,
601 4394 632 4453 in
658 4392 788 4453 Caralitin
812 4396 903 4451 totana

99 4500 162 4541 rern
183 4479 312 4543 distulit:
337 4482 471 4561 Legatos
496 4490 609 4545 tantuna
634 4488 741 4567 partim
763 4506 798 4545 ex
818 4484 905 4543 cerni-

100 4578 162 4635 tatu
189 4596 262 4647 sue,
287 4576 391 4657 partiar
419 4596 457 4637 cx
477 4576 638 4641 Nobilitate
657 4580 802 4643 Lirenica
826 4576 904 4635 desi·

99 4670 215 4747 quasit,
244 4670 294 4747 qui
313 4670 494 4751 provinciam
520 4674 687 4733 uuircrsaur
707 4672 905 4753 inspicerent:

99 4780 188 4839 agros
207 4760 381 4843 reditusque
401 4784 501 4825 eorum
522 4786 636 4841 earnes,
655 4786 692 4827 uc
706 4768 774 4849 jura
794 4762 904 4823 descri-

102 4852 220 4929 berent,
246 4858 444 4941 omnibusque
471 4858 509 4919 iis
534 4856 572 4919 de
591 4860 682 4921 rebus
701 4858 740 4919 ad
760 4878 796 4918 sc
816 4854 903 4917 reler-

101 4950 181 5005 rentr
208 4968 266 5026 qao
291 4953 404 5013 rectius
430 4952 573 5032 deinceps
601 4954 630 5012 in
651 4952 788 5013 Comitiis
814 4950 904 5011 statui

101 5036 140 5097 de
168 5036 205 5097 iis
234 5050 349 5119 posset.
389 5044 624 5107 Possessionunr
649 5053 746 5109 autera
772 5045 903 5105 earnium

100 5136 224 5209 quatuor
234 5150 345 5209 genera
365 5134 500 5199 iacienda
516 5138 687 5223 judicabat3
705 5158 825 5219 quorun
846 5136 909 5219 pat:

98 5244 176 5285 anun
198 5232 292 5293 esset,
313 5228 392 5303 qued
411 5228 448 5289 ad
460 5232 609 5311 publicam
627 5234 818 5293 securitatem
839 5248 901 5309 per·
929 5292 932 5299 ,

962 1968 1084 2045 tirrerei,
1110 1970 1294 2031 tinitimanrrn
1322 1972 1449 2035 arcium:
1475 1992 1614 2053 quaeqae
1635 1973 1677 2033 ad
1697 1972 1772 2039 illas.

963 2070 996 2125 ut
1015 2084 1052 2123 ex
1072 2064 1196 2143 propriis
1215 2066 1408 2144 proventibus
1426 2066 1541 2135 muniri,
1560 2068 1705 2127 emrribus
1727 2088 1772 2127 ne·

963 2160 1106 2219 cessariis
1125 2156 1163 2218 ad
1184 2156 1388 2219 detonsionem
1400 2158 1492 2219 rebus
1511 2160 1620 2234 ornari,
1640 2162 1771 2219 retineri·

964 2270 1022 2329 que
1047 2256 1188 2333 possent,
1212 2248 1399 2332 adjiciendae
1425 2258 1544 2311 usserat:
1575 2272 1680 2313 eanrnr
1702 2254 1771 2313 alte·

964 2364 1041 2419 rura,
1068 2344 1177 2423 quibus
1202 2348 1263 2403 tuna
1289 2342 1492 2425 Episcopatus
1517 2344 1681 2425 cultusque
1702 2344 1771 2405 diri·

964 2456 1036 2507 nus,
1061 2442 1123 2497 turn
1148 2436 1291 2497 aerarium
1317 2436 1464 2517 publicum
1490 2436 1691 2499 stabiliretur:
1717 2450 1771 2497 ter·

964 2530 1034 2588 tiun
1054 2548 1154 2589 earunr
1176 2548 1247 2589 esse
1268 2528 1378 2589 debere
1398 2528 1557 2601 statuubnt,
1578 2550 1662 2609 quac
1680 2532 1770 2613 prire-

963 2622 1004 2680 tis
1025 2626 1106 2681 certe
1127 2623 1197 2701 jure
1216 2620 1409 2697 deberentur,
1435 2626 1487 2683 aut
1504 2640 1572 2683 cunr
1593 2622 1719 2691 liutem,
1744 2624 1771 2683 si

964 2712 1160 2775 hereditariae
1192 2716 1407 2793 possessiones
1439 2732 1539 2775 eeruan
1573 2713 1771 2797 Reipublicae

965 2828 1059 2869 causa
1079 2808 1191 2869 restitui
1216 2810 1255 2869 iis
1276 2829 1334 2869 uen
1353 2810 1494 2889 possent,
1519 2816 1769 2887 pcmutarentur:

964 2898 1136 2962 Extremum
1160 2900 1271 2981 quibus
1292 2900 1484 2961 benemeriti
1504 2902 1679 2981 etquerurn
1701 2922 1770 2980 prae

964 2994 1074 3054 ceteris
1099 2994 1128 3053 ln
1148 2992 1207 3055 bec
1229 2992 1306 3053 bello
1325 3012 1415 3074 opera
1435 2986 1623 3063 ea'riuuissct,
1653 2994 1770 3055 rlrtutia

964 3106 1057 3147 causa
1082 3086 1270 3147 donarentur.
1311 3084 1385 3148 lnde
1408 3084 1549 3147 militibus
1564 3084 1768 3163 Magistratus

964 3178 1227 3258 praefecturacquc
1251 3200 1329 3261 quac
1360 3180 1506 3241 secabant
1532 3176 1669 3259 wdatacr
1700 3180 1765 3257 qui-

964 3272 1091 3333 busdam
1119 3272 1269 3350 stipendia
1297 3272 1452 3349 assignata
1475 3272 1603 3351 fierunt.
1636 3266 1672 3330 1ιι
1700 3277 1767 3331 tuto

962 3371 1062 3426 autem
1081 3362 1140 3425 bec
1161 3364 1240 3425 belle
1261 3364 1291 3425 id
1310 3386 1329 3427 a
1349 3364 1645 3449 negantemque
1664 3362 1770 3435 lucrat,

963 3460 1042 3519 atsi
1062 3458 1160 3539 quiin
1180 3478 1217 3517 eo
1237 3458 1407 3539 periissent,
1428 3461 1479 3541 qui
1489 3456 1629 3537 publicas
1647 3476 1769 3539 pusses-

962 3552 1066 3613 sioues
1091 3553 1160 3633 jure
1190 3550 1288 3631 ulique
1323 3560 1476 3629 tenerent,
1511 3546 1638 3611 casalem
1670 3550 1772 3611 liberis

962 3664 1065 3705 aeruna
1085 3646 1222 3724 rpuunrvis
1242 3644 1420 3719 infantibus,
1450 3644 1558 3725 partina
1580 3644 1672 3705 etianr
1691 3644 1769 3725 puel-

962 3736 1000 3797 lis
1031 3736 1232 3813 cendrnruret3
1261 3738 1365 3797 nudtis
1394 3738 1486 3798 etiarn·
1515 3756 1555 3797 ex
1588 3736 1679 3815 plebe
1707 3756 1769 3795 cura

962 3830 1167 3911 superioribus
1191 3830 1448 3911 expeditionibus,
1478 3836 1539 3891 turn
1566 3830 1697 3891 masinae
1715 3828 1771 3889 liar

963 3922 1001 3981 ob
1037 3923 1186 4001 praeclara
1222 3924 1353 3985 iocinera
1387 3924 1488 4003 aliqua
1515 3920 1692 3983 Nobilitatia
1715 3922 1770 4003 jus

963 4014 1063 4075 daun
1090 4014 1161 4075 suit:
1188 4016 1237 4097 qui
1264 4038 1329 4077 curn
1354 4016 1489 4097 plerique
1513 4036 1532 4075 a
1552 4014 1717 4076 Zanrescia
1739 4016 1771 4075 in

962 4108 1155 4185 insigniorum
1181 4112 1415 4169 communionem
1441 4108 1531 4188 recipi
1558 4128 1596 4168 se
1625 4114 1771 4191 peterent.

963 4202 1035 4263 viris
1060 4200 1186 4263 sortibus
1213 4224 1269 4263 aen
1296 4202 1407 4262 invitus
1431 4202 1548 4271 tribuit,
1575 4206 1609 4261 ut
1629 4222 1701 4263 cura
1719 4200 1770 4281 ipsi

963 4300 1032 4355 ante
1052 4295 1158 4355 virtute
1177 4316 1233 4357 sua
1246 4294 1408 4355 Nobilitate
1427 4294 1535 4373 dIgnea
1555 4314 1593 4353 se
1616 4296 1771 4357 fecissent.

964 4409 982 4448 a
1003 4390 1155 4465 sugentis
1179 4410 1254 4449 suae
1280 4388 1447 4467 insignibus
1474 4408 1531 4446 non
1562 4386 1683 4465 indigni
1700 4384 1773 4471 judi·

964 4486 1116 4542 curentur:
1140 4482 1237 4561 iisque
1256 4484 1410 4562 aliquare
1430 4480 1540 4550 auctis,
1568 4480 1621 4541 uei
1645 4478 1774 4551 minutis,

964 4580 1015 4634 aut
1035 4574 1216 4652 aliquantum
1236 4574 1412 4645 immutatis,
1439 4576 1487 4653 qai
1512 4570 1542 4632 id
1571 4592 1591 4633 a
1611 4594 1653 4633 se
1675 4574 1773 4655 petiis

964 4672 1040 4739 sent,
1062 4666 1220 4747 plerosque
1241 4668 1369 4728 aloaraait.
1397 4668 1515 4738 Quibus
1534 4666 1578 4727 ita
1598 4666 1774 4727 constitutis

964 4778 1029 4821 cunr
1049 4758 1234 4840 Bigerrsibus
1254 4762 1292 4823 de
1317 4763 1356 4823 lis
1377 4764 1483 4831 rebus,
1513 4780 1591 4838 quaa
1613 4760 1649 4819 in
1670 4756 1773 4821 adren-

964 4860 1026 4915 turu
1045 4854 1141 4934 Regis
1167 4858 1296 4939 rejectas
1321 4876 1413 4937 supra
1437 4852 1648 4927 ostendimus,
1679 4856 1773 4913 actu·

964 4948 1029 5009 tuit.
1070 4946 1241 5031 Occuparet
1262 4951 1368 5009 civitas
1388 4970 1407 5009 a
1426 4952 1519 5007 merle
1539 4942 1774 5029 Arclriepiscupi

964 5042 1115 5113 Vilbelnri,
1136 5064 1202 5105 cunr
1222 5042 1306 5105 seriis
1319 5062 1355 5103 ac
1375 5042 1475 5121 ternpli
1491 5036 1774 5119 Arcblcpiscupalis

963 5138 1204 5213 possessiouem,
1223 5142 1282 5197 tuna
1305 5136 1404 5195 emnia
1424 5154 1510 5213 quan
1529 5130 1570 5193 ad
1589 5132 1625 5191 id
1648 5134 1772 5211 pertine

963 5234 1042 5287 rent.
1075 5230 1143 5309 jura
1171 5250 1208 5289 ac
1237 5234 1413 5311 preventus:
1443 5227 1541 5305 adque
1574 5226 1773 5299 amaran-e
