3734 5610
100 217 157 275 no
699 178 1280 279 narnnonnrnmnnnsramn

100 386 280 451 netrassent,
299 386 382 442 tanto
402 388 434 441 et
453 378 563 440 titurius
580 378 744 456 haererent,
758 381 902 441 etrestin·
927 378 931 417 ¹
961 386 1091 460 sumpto,
1111 375 1191 459 apud
1211 380 1352 458 majorem
1369 376 1516 439 exercitus
1528 383 1645 459 partem
1659 395 1768 455 magna

97 469 208 550 guendi
229 474 277 533 sui
297 470 468 537 facultatem
488 470 550 532 tere
569 472 678 534 nullam
693 426 930 553 relinquerent,l
960 471 1028 552 ojus
1047 490 1165 550 quoque
1184 472 1228 531 rei
1247 470 1350 551 inopia
1369 470 1558 532 laboraretur.
1598 470 1723 529 itineris
1742 470 1767 529 is

98 563 148 626 vel
166 568 292 627 maxime
318 572 381 625 turn
406 562 589 626 laedebatur.
630 563 830 638 Commeatus,
850 583 900 645 pa·
925 544 930 613 l
959 562 1032 623 ordo
1043 563 1264 639 observabatur,
1283 573 1317 623 ut
1336 563 1366 623 tn
1387 563 1478 641 primo
1498 562 1616 640 agmine
1624 559 1767 623 Litbaani

100 654 178 729 buli,
204 657 335 737 pulveris
354 659 534 719 tonuentarii
555 662 776 738 apparatusque
801 656 900 718 bellici
960 657 1017 716 sub
1038 655 1175 717 Palatino
1203 655 1339 718 Viloensi
1364 655 1467 730 Duce,
1492 660 1523 716 ot
1548 652 1766 735 Cbristoplroro

100 757 213 811 tantum
233 757 380 830 repartum
400 749 470 821 tuit;
491 758 523 809 ut
541 757 676 811 recreato
699 749 836 810 omnibns
857 769 901 808 re·
961 747 1019 807 tilio
1039 749 1181 808 limitanei
1201 750 1306 809 militis
1318 747 1477 808 Praefecto
1491 746 1766 829 proficiscerentur:

99 842 157 904 bns
176 841 224 905 bia
242 845 391 916 exercitu,
411 850 551 923 qnantum
577 839 728 923 praesidio
753 844 830 904 satis
857 860 903 901 es·
960 838 1018 902 bos
1042 840 1178 903 loannes
1202 841 1368 902 Zborovius
1395 839 1588 901 Castollauus
1607 838 1764 901 Gnesnen

96 944 161 1006 aet,
193 934 382 996 nihilomiuus
407 934 630 1017 relinqueretur.
676 933 744 995 Rex
769 934 903 1004 Surasai,
960 933 1006 993 sis
1025 934 1113 995 aulici
1137 933 1241 996 militis
1260 933 1451 1008 Praefectus,
1480 934 1531 1012 qui
1551 934 1615 1014 jan
1640 944 1705 993 tum
1728 933 1765 995 ad

99 1048 159 1109 quo
178 1029 294 1089 iuterim
305 1036 490 1108 pervenerat,
511 1025 580 1087 dum
595 1027 903 1109 inDunaponscom·
960 1024 1077 1104 Regem
1097 1031 1234 1097 venerat,
1261 1035 1445 1106 sequoretur.
1483 1023 1560 1085 Post
1579 1025 1666 1087 illurn
1685 1026 1763 1087 fluo·

96 1129 267 1203 poneretur,
291 1128 324 1181 et
337 1119 376 1182 de
393 1128 501 1183 aventu
519 1118 902 1201 oppugnationisVelisien·
961 1120 1080 1198 gericus
1105 1125 1165 1181 tarn
1190 1120 1341 1199 equitatus
1365 1140 1452 1199 qnam
1476 1118 1626 1199 peditatus
1649 1118 1764 1179 incedo

98 1217 144 1277 sis
164 1222 372 1292 cognosceret,
391 1213 561 1275 srrbsistere
571 1216 781 1275 constituerat:
800 1213 903 1272 nuntio
961 1213 1021 1272 bat.
1061 1211 1127 1273 llos
1146 1212 1216 1274 Rex
1236 1233 1301 1273 cum
1320 1214 1425 1273 robore
1450 1212 1601 1273 exercitus
1618 1213 1764 1293 sequaba-

97 1307 156 1369 boc
175 1326 242 1368 enm
260 1305 443 1377 Praefectis,
469 1307 520 1386 qni
546 1309 577 1365 in
602 1302 753 1386 praesidio
778 1305 904 1377 inerant,
960 1312 1017 1365 tur.
1061 1303 1178 1385 Regem
1215 1305 1351 1366 Joaaues
1387 1305 1570 1366 Zbaraseius
1610 1302 1765 1367 Palatinus

97 1398 286 1462 aZamoscio
298 1407 434 1477 accepto,
454 1417 490 1458 eo
501 1398 617 1469 laetior,
636 1394 717 1478 quod
736 1395 774 1458 de
791 1416 828 1459 ea
839 1416 904 1475 gra·
961 1394 1183 1459 Braslaviensis
1208 1418 1274 1469 eun.
1295 1399 1427 1477 equitatu
1449 1397 1608 1458 Pulsuioot
1632 1397 1762 1460 arnna·

93 1491 250 1564 tralatione,
271 1491 373 1561 castri,
392 1488 473 1571 quod
493 1494 618 1553 maxime
638 1492 785 1569 integrum
805 1493 834 1549 in
853 1508 904 1571 po·
945 1509 1066 1568 ‘agaen
1088 1489 1231 1553 Nicotaus
1259 1488 1431 1551 Sioniarius
1451 1490 1650 1552 Russiearum
1671 1492 1763 1572 copia·

96 1591 236 1645 testatem
256 1600 341 1643 snanr
365 1582 521 1664 pervenire
544 1583 700 1665 cupiebat,
728 1581 904 1643 detrimento
961 1602 1022 1641 rum
1051 1581 1230 1644 Praefectus
1259 1582 1434 1655 claudebat3
1461 1584 1512 1663 qui
1541 1583 1621 1662 quod
1651 1587 1763 1663 pacatis

95 1676 169 1739 nihil
190 1674 307 1737 fortuna
326 1673 513 1751 diminuerat,
534 1673 602 1737 dum
623 1696 700 1757 pons
720 1697 756 1737 ex
766 1673 904 1735 lintribus
961 1681 1025 1733 turn
1050 1674 1183 1736 Tartaris
1210 1675 1284 1736 nihil
1309 1675 1451 1736 tumultus
1478 1677 1517 1737 ab
1543 1677 1602 1737 illia
1627 1688 1762 1758 expecta

96 1779 168 1833 uota
187 1771 302 1829 ratione
315 1771 512 1849 componitur,
532 1766 573 1829 ad
584 1766 745 1829 videndum
756 1767 903 1828 Velisium
962 1774 1056 1836 retur,
1089 1768 1189 1829 itidem
1217 1768 1257 1828 ad
1285 1767 1401 1846 Regem
1433 1788 1468 1828 sc
1497 1769 1680 1831 contulerat:
1709 1778 1763 1830 tor-

97 1866 242 1927 excurrit:
281 1879 407 1939 moxque
437 1860 600 1920 Surmzum
630 1880 667 1921 se
695 1863 815 1941 rccipit3
845 1860 902 1921 snb
961 1865 1076 1930 menta,
1096 1860 1234 1941 aliusque
1255 1862 1383 1922 bellicus
1403 1867 1564 1942 apparatus
1589 1864 1690 1925 omnis
1708 1884 1763 1923 uuo

98 1955 176 2019 idem
197 1964 314 2034 tempus
335 1953 452 2013 litterae
472 1973 490 2015 a
508 1952 617 2014 Mosco
636 1952 812 2014 afferuntur:
841 1956 902 2033 qui·
961 1971 1025 2012 cun
1055 1975 1108 2025 eo,
1140 1974 1228 2034 quem
1260 1954 1438 2014 Zamoscius
1472 1955 1511 2015 ob
1543 1958 1762 2033 oppugnatione

97 2049 156 2111 ltus
176 2045 347 2118 demissius,
368 2062 457 2126 quam
476 2053 509 2106 ut
535 2065 594 2106 non
624 2043 766 2107 simulata
796 2045 835 2107 ab
866 2066 902 2106 co
964 2046 1121 2107 i'elisiensi
1147 2048 1186 2107 ad
1205 2047 1321 2125 Regem
1341 2048 1509 2116 remiserat,
1534 2067 1588 2125 per
1608 2045 1761 2109 Usaiatanr

97 2141 248 2204 humilitas
269 2137 428 2210 videretur,
449 2137 644 2217 significabat,
661 2140 724 2219 jam
751 2159 787 2201 se
807 2139 902 2217 Lega-
960 2137 1086 2200 aduerso
1117 2140 1236 2201 tlumlnc
1265 2139 1465 2201 trahebantur.
1517 2139 1592 2200 Cum
1623 2139 1763 2202 Litbuaui

98 2244 148 2296 tos
169 2232 207 2295 de
228 2253 303 2315 pace
323 2252 390 2292 curn
409 2230 526 2292 idoneis
548 2231 711 2306 marnlatis,
737 2231 903 2312 quibusque
961 2230 1147 2292 ferramentis
1167 2233 1204 2293 ad
1224 2234 1319 2293 siluas
1331 2230 1502 2292 caedendas
1520 2252 1557 2291 ae
1573 2232 1762 2311 aperiendam

99 2327 319 2389 controversias
341 2327 431 2385 minui
455 2344 549 2405 prosam
574 2326 772 2397 existimaret,
799 2333 902 2384 eontm
961 2325 1038 2384 viam
1058 2325 1174 2385 idoneis
1195 2326 1330 2387 destituit
1338 2324 1450 2385 tardius
1463 2322 1675 2404 procederent:
1697 2324 1761 2387 Rex

99 2428 130 2482 et
149 2438 233 2479 suam
254 2425 285 2477 at
304 2419 447 2495 majorum
467 2436 587 2477 suorum
607 2413 850 2477 consuetudinem
862 2414 902 2475 di·
961 2415 1096 2477 delectos
1116 2439 1154 2479 ex
1164 2418 1332 2497 ilungarico
1343 2418 1472 2498 peditatu
1484 2422 1638 2478 trecentos
1656 2418 1697 2478 ad
1715 2438 1761 2479 cx-

100 2512 237 2582 nrisisse;
256 2512 325 2589 quia
344 2507 407 2569 lieri
427 2516 526 2569 tamen
546 2510 660 2589 possit,
684 2516 717 2569 ut
736 2511 833 2569 miurus
853 2506 901 2568 ad·
961 2508 1124 2587 plicandam
1151 2511 1277 2571 celerius
1301 2530 1369 2570 cum
1392 2509 1551 2570 Litbuanis
1580 2511 1656 2570 riam
1686 2532 1762 2591 prae

100 2604 159 2667 buc
178 2609 306 2663 mentem
326 2600 420 2679 Regis
447 2603 648 2681 perspexerit,
681 2599 807 2679 ideoque
832 2622 902 2662 non·
961 2602 1055 2673 misit;
1082 2623 1101 2662 a
1127 2604 1234 2682 quibus
1254 2623 1361 2681 niagno
1385 2602 1536 2662 celeritate
1557 2604 1605 2663 ria
1625 2604 1763 2681 expedita

100 2694 171 2758 dum
191 2696 270 2757 omui
290 2699 430 2774 exparte
450 2692 583 2772 caRegi
610 2693 813 2755 satisfaciant:
853 2715 902 2775 pe-
960 2695 1084 2774 primum
1126 2694 1339 2755 Litbuanornm
1383 2715 1489 2772 agmen
1536 2694 1572 2753 18
1619 2695 1762 2756 Calendis

99 2799 164 2852 tere
193 2810 245 2864 se,
279 2794 313 2848 ut
337 2793 388 2847 aut
408 2784 475 2847 Rex
494 2806 578 2847 arram
598 2784 637 2850 dc
658 2786 703 2845 liis
724 2791 903 2849 sententiam
960 2784 1149 2867 Septembris
1168 2786 1207 2847 ad
1228 2786 1383 2849 Uariatam
1403 2788 1551 2867 pervenite
1572 2786 1640 2848 Rex
1658 2789 1761 2849 decem

99 2882 217 2966 planius
237 2901 291 2962 per
310 2879 426 2940 litteras
445 2882 575 2960 aperiat,
604 2888 657 2940 aut
681 2881 806 2959 legatis
837 2885 902 2943 suis
961 2880 1000 2940 ab
1028 2900 1066 2939 ea
1085 2880 1214 2941 millibus
1238 2900 1380 2959 passuum
1400 2877 1546 2940 consedit.
1587 2879 1716 2943 Usriata
1734 2885 1761 2942 in

98 2973 131 3037 id
150 2974 251 3039 iacere
270 2974 435 3054 permittat:
475 2991 541 3032 cunr
566 2975 669 3052 primis
697 2982 796 3035 autem
822 2983 902 3035 ante-
962 2971 1076 3032 modico
1091 2970 1167 3033 colle
1180 2974 1254 3033 intra
1274 2973 1351 3034 duos
1371 2973 1456 3033 lacus
1473 2991 1512 3032 ac
1528 2972 1636 3035 tlunen
1658 2973 1762 3035 Usvia·

98 3088 187 3149 quam
206 3068 340 3143 Legatos
357 3061 470 3139 audiat,
490 3065 569 3125 intra
587 3062 663 3126 fiaes
681 3069 842 3128 exereitum
860 3087 904 3129 re·
960 3072 1020 3125 tam
1034 3065 1101 3135 sita,
1121 3066 1159 3126 ab
1178 3065 1332 3126 occidente
1352 3065 1479 3127 Usriata
1498 3067 1574 3135 lacn,
1593 3066 1762 3128 oboriente

100 3157 201 3234 ducat,
221 3157 319 3237 abque
340 3159 418 3216 omrri
444 3159 475 3215 in
500 3176 574 3217 snos
599 3159 708 3237 injuria
732 3158 904 3237 probibeat;
961 3156 1054 3216 altero
1074 3156 1217 3229 Ueriata,
1241 3180 1259 3219 a
1279 3158 1399 3219 meridie
1418 3158 1537 3219 tlumine
1555 3157 1689 3237 ejusdem
1710 3179 1760 3217 no·

97 3251 157 3315 sub
176 3251 264 3313 finem
274 3242 661 3319 litterarumacrudelilate,
672 3249 802 3311 locorum
824 3252 903 3313 Seri·
960 3250 1063 3321 minis,
1083 3253 1134 3329 qui
1153 3271 1206 3331 per
1224 3256 1377 3331 utrumque
1396 3250 1493 3313 lacurn
1511 3248 1670 3309 decurrens
1689 3250 1760 3310 ade-

99 3353 203 3426 pturae
230 3343 344 3403 Sacrae
369 3342 575 3401 nomrullorum
601 3344 792 3418 auctoritate,
823 3365 904 3405 mora
961 3341 1124 3403 Surasaunr
1144 3345 1174 3402 in
1193 3342 1314 3404 Dunam
1335 3344 1438 3415 inlinit,
1456 3340 1605 3403 clauditur.
1645 3340 1762 3424 Coepe-

98 3456 155 3498 suo
174 3455 211 3497 ac
230 3434 320 3493 solito
346 3435 450 3511 majori
477 3431 661 3509 laudandae,
686 3455 773 3514 quam
802 3435 903 3498 obser·
961 3440 1006 3497 rat
1030 3434 1070 3496 ad
1096 3455 1192 3496 arcem
1219 3437 1377 3498 admouere
1396 3435 1572 3497 munitiones
1595 3435 1690 3515 jussu
1709 3437 1762 3498 Pa·

100 3526 216 3590 validae
236 3528 303 3606 ejus
323 3522 424 3586 studio
444 3524 558 3603 Regem
579 3524 799 3589 dehortabatur.
837 3529 903 3592 Rex
960 3528 1044 3588 latini
1064 3527 1218 3589 Vilnensis
1236 3551 1303 3590 cum
1324 3529 1484 3590 Lithuanis
1502 3526 1652 3606 Georgius
1672 3527 1765 3591 Soco-

99 3623 130 3682 in
155 3616 259 3681 eadem
288 3617 487 3690 simulatione,
519 3638 577 3698 qua
596 3627 664 3681 ante
695 3639 768 3681 nsua
799 3621 905 3702 iuerat,
961 3621 1093 3682 linscins.
1135 3622 1214 3683 Huic
1234 3642 1300 3683 cunr
1321 3622 1456 3701 Hungari
1481 3639 1516 3681 se
1544 3619 1763 3701 adjunxissent,

99 3715 263 3796 persistere
283 3709 485 3786 namnidans,
506 3710 602 3773 tribus
622 3713 764 3793 pontibus
789 3719 902 3777 univer·
962 3720 1050 3794 atqua
1077 3736 1136 3776 una
1162 3723 1250 3776 nocte
1279 3715 1451 3777 admirando
1470 3713 1574 3773 labore
1594 3713 1633 3773 ad
1653 3722 1762 3794 portam

97 3827 166 3869 sum
185 3806 345 3868 exercitum
366 3808 396 3866 in
416 3804 583 3866 ulteriorem
595 3805 703 3867 Dnnac
722 3810 816 3888 ripam
835 3829 903 3870 mox
961 3814 1021 3867 tam
1045 3829 1149 3888 propo,
1179 3809 1259 3868 unda
1285 3808 1376 3868 telum
1409 3807 1500 3889 adjici
1525 3813 1648 3887 posset,
1678 3806 1762 3869 tussa

99 3897 238 3962 traduxit.
278 3898 429 3959 Postridie
448 3900 505 3960 iter
523 3897 644 3959 facienti
664 3902 770 3962 iterum
788 3901 903 3963 litterae
962 3899 1113 3980 perducta,
1134 3903 1294 3962 continenti
1306 3900 1598 3981 scloppetorunrictu
1618 3901 1761 3960 neminem

99 4014 118 4055 a
138 3991 246 4053 blosco
266 3989 400 4053 redditae
419 3990 552 4053 inerunt:
573 3992 706 4070 Legatos
726 4011 800 4054 snos
815 3997 903 4057 maai·
962 3995 991 4052 in
1010 3992 1138 4055 adversa
1156 3997 1228 4055 turri
1245 3996 1413 4055 consistere
1430 4001 1619 4073 paterentur:
1644 3994 1763 4053 nomine

100 4087 157 4145 mis
183 4081 337 4144 itineribus
364 4082 513 4164 progredi,
549 4094 720 4165 expectaret
738 4090 902 4159 venientes,
961 4087 1048 4147 simul
1069 4095 1100 4147 ct
1119 4087 1248 4147 aduentu
1269 4088 1376 4165 Regio,
1396 4106 1484 4164 quom
1506 4107 1546 4146 ox
1565 4085 1634 4146 latis
1655 4091 1761 4146 castro·

99 4197 137 4237 nc
157 4172 246 4236 tridui
268 4195 379 4236 moram
398 4197 505 4254 magno
525 4173 700 4238 detrimento
726 4179 818 4241 rebus
836 4184 901 4241 suis
961 4198 1024 4237 rum
1051 4181 1160 4260 apiariis
1191 4181 1230 4240 ab
1260 4179 1384 4241 castello
1413 4180 1443 4238 io
1473 4199 1578 4239 omnes
1609 4179 1762 4260 sulijectos

99 4266 226 4328 tunnam
251 4269 406 4345 cogitaret.
447 4267 561 4346 Regem
587 4271 659 4330 nibil
686 4270 725 4331 dc
751 4273 902 4334 celeritate
961 4290 1082 4349 campos
1101 4271 1274 4350 despectum
1295 4272 1641 4349 babentccognoverant.
1663 4272 1762 4341 territi,

100 4366 245 4421 consucta
264 4361 413 4420 remittere
433 4364 602 4441 cupientem
621 4361 761 4425 tardabat
779 4363 902 4426 dillicul-
960 4365 1010 4442 qni
1031 4365 1061 4423 in
1082 4365 1232 4445 pracsidio
1252 4371 1350 4440 erant,
1379 4365 1559 4425 deditionem
1585 4361 1687 4421 codem
1713 4362 1764 4421 dia

98 4461 147 4515 tas
168 4453 295 4523 uiaru1n3
316 4450 397 4532 qnod
415 4453 549 4524 bloscus,
571 4475 617 4531 eo,
637 4454 677 4517 de
695 4476 754 4536 qao
774 4467 844 4519 ante
860 4457 901 4519 di·
959 4456 1104 4518 iecerunt.
1142 4456 1211 4517 Rex
1240 4458 1280 4517 ab
1303 4456 1431 4522 Usi'iata
1452 4458 1557 4520 Lucos
1575 4469 1678 4513 versus
1697 4456 1763 4513 ten·

97 4546 206 4616 ximus,
226 4547 363 4607 instituto
383 4565 403 4606 a
421 4543 515 4607 Lucis
536 4550 623 4608 etiarn
637 4546 826 4612 Litbuaniam
839 4572 902 4611 ver·
960 4549 1037 4610 dens
1061 4550 1206 4631 principio
1236 4550 1341 4612 eadem
1366 4572 1484 4613 rursum
1511 4550 1618 4610 viam·
1646 4549 1761 4623 asperi·

96 4656 152 4700 sas
177 4645 295 4699 centnm
329 4646 360 4699 et
382 4639 486 4717 viginti
517 4637 580 4700 iero
607 4639 729 4702 millium
758 4660 901 4723 passuum
959 4647 1036 4718 tate,
1065 4643 1219 4724 perpetuis
1238 4644 1325 4705 silvis
1350 4645 1543 4709 densissimo,
1571 4637 1760 4715 quemadmo-

97 4734 198 4812 apatio
220 4729 419 4794 darsissimas
437 4731 531 4794 silvas
551 4731 675 4795 aluerat.
719 4733 824 4817 ltaque
852 4737 901 4798 bic
960 4734 1029 4796 dum
1055 4743 1124 4797 ante
1148 4736 1350 4809 ostendimus,
1375 4740 1451 4799 later
1467 4752 1503 4794 so
1522 4729 1696 4807 implicatis,
1722 4731 1761 4794 ad

98 4842 216 4904 quoque
235 4824 386 4886 silvestria
406 4830 491 4886 erant
510 4825 592 4901 loea,
619 4831 669 4889 vix
687 4829 813 4909 singulis
836 4850 900 4912 per·
957 4827 1037 4888 baro
1061 4828 1128 4889 solo
1153 4848 1284 4892 coenoso
1310 4840 1343 4891 et
1366 4823 1589 4909 impeditissimo
1617 4830 1760 4901 exceptus

97 4917 164 4977 viar
182 4924 304 4997 propter
324 4917 446 4980 crebras
465 4927 564 4981 autem
583 4917 710 5001 paludes
726 4925 900 5004 interjectas
959 4920 1023 4981 tuit.
1051 4922 1127 4983 Post
1147 4925 1346 4986 commodiora
1362 4923 1511 5002 miqnauto
1530 4916 1579 4975 tlt
1599 4935 1675 4975 1¹S¹¹S
1696 4916 1760 4988 suli,

98 5023 204 5083 uragua
223 5018 378 5087 praeterea
398 5032 434 5072 ex
458 5022 544 5094 parte
570 5033 716 5091 coenosa,
745 5036 798 5096 per
824 5038 899 5098 quae
958 5014 1085 5076 aridiore
1104 5036 1141 5076 ac
1161 5034 1289 5078 arenoso
1307 5034 1384 5098 pona
1403 5010 1481 5074 solo.
1521 5008 1641 5089 Ubique
1660 5014 1760 5071 tamen

98 5117 187 5179 aegre
203 5101 337 5179 jumenta
358 5102 528 5166 evaderent.
551 5105 728 5169 Accedebat
738 5109 806 5184 buc,
819 5109 898 5190 quod
958 5112 991 5167 ut
1015 5128 1069 5188 per
1096 5108 1161 5170 loca
1186 5110 1298 5170 inculta
1321 5127 1360 5168 ae
1383 5106 1504 5167 deserta
1522 5122 1662 5181 magnam
1682 5121 1760 5162 com·

97 5211 116 5249 a
136 5194 239 5272 primia
258 5197 337 5254 omrai
356 5196 476 5276 pabulo,
496 5199 619 5277 siquod
640 5200 716 5260 forte
736 5210 809 5273 crat,
829 5222 897 5260 con·
956 5205 1075 5260 meatus
1100 5203 1229 5283 inopium
1254 5201 1404 5263 exercitus
1428 5198 1661 5280 perpetiebatur.
1701 5194 1761 5255 Rc·
