3742 5626
797 193 1059 259 flotoevttlca,
1737 210 1753 263 r

82 364 188 417 cantes
206 353 383 426 ineruisse
410 373 507 433 aequa
531 354 619 426 utile,
644 374 743 434 aeque
768 356 887 415 omnino
947 353 1106 415 Oceanum
1129 355 1286 435 pertineat,
1311 376 1366 438 per
1392 378 1498 420 manos
1522 358 1646 423 audites
1671 363 1749 424 aeci·

80 448 241 528 damonae
251 467 379 527 unquam
390 448 594 510 existimarint.
621 449 644 508 li
656 446 887 509 candidissimas
944 448 1039 526 piant.
1076 446 1186 507 Permii
1212 454 1243 508 et
1262 448 1381 511 Peeerri
1407 453 1496 532 paulo
1525 459 1595 515 ante
1621 461 1750 517 aetatem

79 541 188 623 pelles,
208 561 287 620 quas
306 540 464 602 armellaas
482 559 722 611 rocennaco·
741 542 812 601 varii
836 560 885 619 ge
943 548 1073 609 matram
1104 560 1185 601 nore
1222 542 1374 619 gentilium
1407 544 1496 605 idolis
1527 546 1749 608 sacrificabant:

80 636 162 696 oerls
173 634 371 694 mercimoniis
379 639 561 714 permutant:
580 635 627 694 sic
636 639 745 705 tamen,
755 639 787 693 ut
795 652 884 692 ornae
943 652 1020 693 nunc
1040 654 1110 693 vero
1130 635 1229 694 ileum
1250 633 1402 697 Christum
1422 638 1531 699 colunt.
1554 638 1601 699 Ad
1615 639 1747 717 lougros,

78 726 883 808 mereatrmumcolloquia-conspectumquedotogient,
942 723 1161 806 Ugolicesqne,
1194 747 1246 804 per
1276 748 1403 806 asperos
1425 736 1544 791 montes
1569 730 1747 810 perventur,

79 819 158 881 adeo
177 825 211 880 ut
232 824 329 880 matus
348 838 443 880 rernm
462 817 611 881 venalium
622 819 782 880 collatione
794 817 883 889 iacta,
940 819 988 898 qui
1008 818 1138 879 sortasse
1156 818 1343 898 Hyperborei
1361 823 1527 905 antiopaitus
1551 822 1678 883 fuerunt.
1711 825 1746 885 lu

78 921 111 973 et
131 913 243 975 relictis
259 910 359 973 medis
376 914 407 973 ln
427 912 495 973 loco
513 911 658 993 pellibus,
684 932 750 972 cun
775 912 882 971 ahsen-
939 930 1041 971 eorum
1060 913 1141 991 iugis
1160 913 1336 974 nobilissimi
1356 913 1492 977 falcones
1509 917 1680 994 capiuntur3
1704 934 1745 979 ex
1791 984 1795 993 ,

77 1007 159 1067 tibus
177 1012 208 1067 et
219 1006 336 1084 ignotis,
355 1004 638 1086 syncerissimalide
649 1005 881 1086 permutationes
939 1004 978 1064 iis
996 1024 1094 1081 genus
1114 1023 1202 1065 unum
1219 1013 1270 1067 est
1288 1006 1456 1078 candidum,
1480 1010 1604 1086 guttatis
1628 1010 1744 1085 pennis,

78 1101 286 1178 transigantur.
326 1096 413 1161 Ultra
439 1097 582 1178 hapoaas
606 1099 636 1159 iu
715 1098 724 1115 ⁹
805 1098 883 1157 inter
939 1096 1019 1176 qnod
1049 1095 1212 1159 Herodian
1241 1096 1355 1162 dicum.
1394 1099 1472 1160 Sunt
1502 1106 1533 1161 et
1558 1100 1744 1172 hierosalchl,

78 1192 425 1271 tbmmethquilonem,
434 1195 579 1271 perpetua
590 1210 736 1271 oppressa
792 1190 882 1268 igine,
936 1188 1094 1249 ardearum
1113 1189 1230 1262 hostes,
1255 1196 1287 1253 et
1309 1193 1402 1263 mori,
1427 1199 1459 1253 et
1484 1194 1640 1273 peregrini,
1666 1212 1743 1272 quoa

75 1285 246 1365 Pygmaem
265 1282 397 1366 reperiri,
422 1281 514 1361 aliqui
537 1282 664 1343 eximiae
688 1280 758 1342 idai
784 1286 881 1342 testes
938 1283 1123 1362 antiquorum
1144 1284 1308 1363 principum
1337 1284 1428 1347 luxus
1461 1287 1491 1345 in
1522 1286 1657 1365 aucupiis
1682 1304 1741 1345 non

76 1378 254 1439 retulerunt:
274 1378 326 1457 qui
345 1379 501 1454 postquam
519 1373 558 1435 ad
580 1394 727 1434 summum
742 1372 880 1434 adoleve-
937 1376 1070 1452 agnovit.
1110 1372 1196 1437 Ultra
1212 1395 1277 1448 eos,
1296 1398 1373 1456 quos
1392 1378 1480 1438 modo
1502 1379 1663 1448 nominavi,
1689 1399 1739 1459 po·

77 1472 144 1541 rint,
162 1470 311 1530 nostratis
331 1468 413 1547 pueri
432 1466 541 1526 denum
560 1486 702 1527 annorum
713 1486 880 1527 mensuram
936 1467 1035 1547 pulos,
1060 1467 1237 1528 bloscovitis
1269 1471 1390 1547 regibus
1427 1471 1538 1532 tributa
1564 1470 1741 1549 pendentes,

80 1563 131 1623 rix
163 1561 326 1623 excedente
363 1561 568 1620 meticulosum
599 1578 696 1637 genos
719 1559 881 1630 hominnm,
936 1559 1016 1619 aliae
1041 1565 1112 1619 suot
1137 1561 1273 1621 nationes
1298 1569 1450 1623 extremae
1475 1563 1633 1635 bominum,
1660 1563 1741 1625 nulla

78 1660 111 1714 et
128 1656 238 1733 garritu
263 1672 429 1715 sermonem
454 1654 635 1733 exprimens,
659 1651 736 1712 adeo
761 1658 793 1712 ut
816 1656 878 1712 tam
937 1656 1018 1712 certa
1049 1650 1279 1714 dioscoritarum
1313 1655 1549 1734 peregrinatione
1584 1657 1738 1733 cognitae:

72 1747 179 1807 simiae
197 1747 363 1828 propinqui,
383 1765 470 1824 quam
490 1749 604 1806 stabrra
622 1765 660 1805 ae
678 1745 822 1805 sensibus
838 1745 877 1806 ab
935 1744 1055 1825 quando
1072 1766 1157 1805 nemo
1171 1746 1211 1806 ad
1224 1744 1378 1808 Oceanum
1390 1749 1572 1828 pervenerit:
1591 1748 1648 1807 sed
1660 1748 1739 1809 sama

69 1841 174 1922 justae
202 1840 389 1921 proceritatis
422 1835 543 1897 homine
576 1839 684 1898 remoti
711 1838 875 1905 videantur.
934 1843 1057 1908 tuntum,
1074 1858 1110 1898 ac
1124 1840 1201 1920 ipsis
1213 1841 1376 1921 plerunque
1385 1839 1531 1901 sabulosis
1543 1849 1736 1903 mercatorum

71 1932 122 1992 Ab
131 1931 282 2012 Aquilone
300 1950 372 1992 vero
391 1929 621 1991 innumerabiles
637 1930 737 2011 populi
758 1930 877 1992 hlosce·
935 1931 1152 1992 narrationibus
1185 1933 1315 1994 auditae.
1361 1933 1445 1994 Satis
1477 1939 1574 1994 tamen
1605 1939 1736 2005 constat,

71 2025 192 2085 vitarum
213 2025 335 2105 imperio
361 2026 475 2102 parent,
494 2023 544 2102 qui
564 2023 603 2084 ad
625 2023 779 2085 Oceanum
800 2024 876 2102 Scy·
932 2022 1092 2085 lliriduam
1113 2026 1342 2087 innumerabiles
1360 2025 1527 2087 trahentem
1545 2046 1667 2097 amnes,
1693 2028 1734 2085 in·

71 2115 190 2188 thicon,
209 2118 313 2177 itinera
327 2117 415 2176 trium
434 2112 498 2175 iere
509 2116 653 2177 ιοιιεὶιιι
666 2115 877 2177 extendentia.
933 2119 1015 2195 genti
1036 2136 1126 2177 cursu
1145 2117 1185 2177 ad
1206 2119 1384 2200 Aquilonem
1404 2119 1522 2191 deterri,
1542 2139 1681 2198 mareque
1694 2118 1734 2179 lbi

71 2207 214 2270 Proxima
233 2208 430 2270 hloscboviae
448 2209 531 2286 regio
551 2213 600 2269 est
618 2206 798 2287 Colmogora
817 2209 875 2270 tru-
934 2211 1101 2288 esselenge
1112 2211 1323 2281 vastissimum,
1337 2212 1378 2271 ita
1390 2220 1423 2271 ut
1433 2213 1513 2273 illinc
1524 2212 1564 2272 ad
1575 2211 1735 2293 Catbajum

69 2301 158 2378 gibus
175 2301 342 2371 abundans,
361 2320 451 2381 quarn
470 2302 601 2362 interluit
622 2301 873 2372 Diridaadurio-
932 2302 1059 2382 legendo
1079 2324 1159 2363 oram
1178 2302 1272 2363 dextri
1290 2302 1406 2375 littoris,
1426 2307 1483 2365 nisi
1503 2315 1583 2366 terra
1608 2305 1734 2371 intersi‘‚

69 2414 132 2454 rum
150 2396 244 2454 totius
263 2393 580 2475 Septentrionislonge
596 2394 807 2476 amplissimus,
822 2396 872 2474 qui
931 2397 1059 2457 mribus
1077 2398 1224 2477 perveniri
1244 2415 1347 2476 posse,
1366 2399 1537 2458 certissima
1563 2400 1735 2480 conjectura
1796 2456 1800 2461 .

67 2487 155 2548 alteri
174 2484 263 2547 huvio
281 2488 384 2547 minori
393 2486 423 2548 in
435 2507 516 2549 nare
528 2486 685 2549 Baltbeum
697 2489 872 2568 erumpenti,
930 2489 1110 2550 credendum
1136 2489 1186 2547 sit
1231 2487 1386 2549 Pertioeot
1418 2491 1497 2549 enim
1523 2487 1662 2572 Catbajni
1694 2487 1734 2550 ad

69 2599 179 2640 nomen
199 2578 291 2641 dedit.
329 2580 362 2640 ls
387 2582 476 2641 statis
501 2585 532 2641 et
554 2579 696 2641 Niloticis
722 2581 871 2641 similibus
929 2589 1089 2643 extremm
1109 2579 1244 2640 Orientis
1262 2580 1389 2660 plagam,
1408 2581 1447 2640 ad
1468 2579 1614 2641 Threciae
1641 2582 1733 2642 ferme

66 2673 266 2745 incrementis,¹
296 2691 353 2732 nec
372 2672 495 2732 incertis
523 2674 593 2733 anai
612 2675 798 2753 temporibus
818 2675 870 2733 cir·
929 2674 1111 2755 parallelum,
1136 2672 1292 2732 Lusitanis
1318 2673 1348 2731 in
1378 2670 1463 2731 ludia
1492 2674 1611 2750 cogniti,
1643 2694 1731 2751 quum

66 2766 223 2849 rmnjectos
251 2764 376 2826 inundat
400 2784 536 2845 campos,
562 2767 722 2846 pinguique
752 2767 869 2837 alluvio,
929 2768 1057 2847 proxime
1086 2765 1126 2826 ad
1153 2762 1315 2824 coemenda
1346 2768 1477 2823 aromata
1502 2784 1554 2843 per
1579 2765 1731 2842 regionem

66 2858 196 2936 algentis
214 2857 291 2917 eneti
310 2859 435 2940 injuriis,
458 2859 618 2938 saevisque
637 2860 799 2938 Aquilonis
819 2859 869 2920 lla-
928 2861 1076 2929 Sinerem,
1096 2855 1262 2919 Molucham
1282 2876 1379 2936 usque
1401 2853 1440 2915 ad
1461 2874 1582 2918 auream
1603 2854 1729 2917 Cherso

66 2952 151 3011 tibus
168 2950 289 3010 nirihce
308 2951 439 3013 resistit:
460 2970 549 3030 quum
575 2952 692 3011 nivibus
716 2952 869 3011 imbribus·
928 2973 1033 3013 nesam
1053 2951 1227 3029 navigarint,
1247 2954 1410 3029 vestesque
1429 2969 1467 3009 ea
1477 2949 1631 3011 rebellicis
1648 2948 1729 3031 pelli·

65 3064 128 3123 qne
145 3048 252 3104 auctus
272 3041 482 3114 indatur,adeo
498 3045 560 3103 lato
572 3044 657 3103 alveo
670 3043 699 3102 in
713 3042 868 3104 Oceanum
927 3048 986 3106 bus
1005 3044 1170 3106 attulerint:
1199 3063 1259 3122 quo
1287 3041 1336 3102 vel
1360 3061 1419 3101 uno
1450 3048 1637 3120 argumento,
1671 3062 1730 3103 non

65 3156 120 3217 per
136 3136 304 3213 incognitas
313 3141 420 3214 gentas
438 3136 469 3196 io
488 3136 620 3215 speciem
634 3137 763 3213 ingentis
772 3135 867 3217 pelagi
925 3141 1014 3218 longe
1035 3138 1074 3199 ab
1094 3135 1249 3215 Scythicis
1273 3135 1420 3195 littoribus
1445 3136 1603 3218 Cathajum
1626 3136 1730 3195 urbem

64 3227 205 3299 deimtnr,
223 3236 258 3288 ut
276 3229 416 3309 expedito
436 3229 555 3307 navigio
580 3229 668 3290 unius
696 3229 754 3290 diei
782 3230 866 3290 remi·
925 3233 1037 3293 abesse
1068 3235 1213 3309 putamus.
1259 3228 1417 3288 Caeterum
1443 3248 1508 3289 cum
1533 3249 1554 3289 a
1577 3227 1729 3288 Demetrio

64 3321 189 3399 gationa
206 3321 332 3381 hansire
352 3328 495 3401 nequeat3
520 3321 570 3381 ubi
590 3332 662 3381 reto
681 3344 777 3403 aquae
797 3343 866 3383 mox
926 3342 1146 3404 quaereremus,
1172 3342 1210 3383 an
1237 3318 1317 3402 apud
1344 3320 1429 3400 ipsos
1455 3320 1516 3381 nlla
1540 3319 1580 3381 de
1606 3319 1729 3381 Gottbis

63 3413 248 3486 mederum,
266 3417 372 3474 vastae
391 3414 505 3493 passim
525 3415 640 3474 insulae
653 3414 804 3477 fertilitate
816 3436 867 3476 no·
924 3417 1044 3498 populis
1063 3416 1108 3476 vel
1129 3415 1208 3475 lama
1227 3433 1280 3494 per
1298 3432 1404 3474 manus
1417 3414 1607 3495 amajoribus
1622 3413 1730 3475 tradita

64 3506 144 3567 biles
162 3504 374 3585 relinquuntur.
413 3504 605 3566 Frumentum
625 3528 752 3586 namque
770 3515 866 3568 terrae
924 3510 973 3570 vel
992 3530 1031 3570 cx
1051 3509 1126 3589 ipsis
1145 3509 1292 3568 literarum
1313 3507 1509 3567 monumentis
1520 3506 1661 3567 memoria
1679 3527 1727 3566 su·

62 3596 211 3670 traditum,
231 3597 311 3659 nullo
330 3599 419 3658 aratri
441 3599 584 3658 beneficio
605 3602 750 3680 prouenit,
776 3600 865 3662 admi·
924 3606 1071 3684 pcresset
1103 3601 1152 3679 qui
1176 3605 1247 3659 ante
1277 3598 1359 3659 mille
1386 3618 1483 3658 annos
1513 3603 1544 3657 et
1564 3597 1728 3659 Caesarum

62 3691 865 3771 rablllquaoeleritataenaturaefestinantis,aenovam
925 3695 1088 3777 imperium,
1108 3698 1138 3752 et
1169 3691 1272 3752 urbem
1296 3690 1422 3752 Romam
1448 3690 1588 3748 omnibus
1613 3691 1728 3770 injuriis

62 3783 186 3867 superbi
205 3785 301 3844 amois
328 3785 464 3865 injuriam
483 3785 630 3855 timentis,
657 3786 748 3846 oritur
775 3786 864 3846 simul
924 3787 1121 3848 deformatam
1134 3785 1329 3847 evertissent:
1348 3781 1557 3860 respondebat,
1568 3787 1600 3840 et
1613 3780 1725 3840 Gotthi-

64 3887 97 3937 et
115 3876 272 3947 adolescit,
290 3886 381 3956 atque
401 3878 430 3935 in
450 3878 559 3937 adstas
579 3877 723 3938 educitur.
764 3881 797 3938 ln
814 3878 864 3939 lli·
924 3901 977 3942 cae
997 3881 1096 3959 gentis
1115 3885 1146 3938 et
1167 3876 1286 3937 'l'etilae
1305 3876 1385 3951 regis
1405 3893 1512 3933 nomeu
1532 3872 1641 3934 clarum
1654 3892 1727 3933 esso

60 3969 179 4031 vidnam
199 3969 505 4046 iolluitlugaamnis:
526 3969 556 4028 iu
575 3971 703 4050 ipsoque
715 3970 864 4030 conflueu·
923 3979 1015 4051 atque
1036 3971 1162 4038 illustre,
1187 3969 1216 4026 in
1236 3985 1331 4044 eaque
1350 3964 1569 4045 expeditionem
1595 3967 1726 4027 coivisse

59 4063 136 4123 tium
153 4064 263 4140 angulo
283 4061 401 4123 celebre
420 4063 648 4139 estemporium,
667 4062 865 4125 nomineUst·
923 4062 1024 4145 plures
1043 4060 1180 4142 populos,
1200 4063 1308 4118 etantc
1322 4057 1413 4131 alios,
1431 4058 1630 4120 Moscovitas:
1665 4080 1725 4120 cre·

54 4158 141 4238 juga,
159 4175 179 4216 a
196 4154 303 4216 hlosca
328 4155 410 4232 regia
436 4155 509 4215 urbe
528 4157 682 4216 sexcentis
701 4156 864 4215 miliaribus
922 4158 1065 4234 visaeque
1085 4173 1153 4213 eum
1173 4151 1334 4212 exereitum
1345 4171 1382 4212 ex
1398 4151 1724 4214 colluviehivooiorum

58 4248 189 4310 distans.
226 4246 259 4307 lo
281 4247 437 4328 Ustjugam
456 4247 622 4318 aPermiis‚
636 4249 783 4319 Pecerris,
800 4249 863 4308 lau·
922 4255 952 4310 et
966 4246 1275 4323 Circumvolgaaorum
1287 4242 1726 4328 Tartarommtsedproptorea

58 4342 129 4418 gris,
151 4338 296 4417 ligantias,
316 4339 517 4419 Piunagisque
530 4341 717 4401 ulterioribus
737 4342 862 4422 populis,
921 4362 1025 4401 omnes
1036 4337 1167 4398 Gotthos
1178 4336 1454 4421 luisseappellatos‚
1468 4343 1604 4420 quoniam
1613 4340 1725 4410 Gotthi,

60 4434 214 4512 preciosae
244 4432 338 4510 pelles
372 4444 545 4503 martorum,
582 4436 861 4514 rebelliuorumquo,
921 4437 971 4516 qui
992 4434 1118 4495 insulam
1139 4430 1301 4493 islandiam
1321 4432 1386 4493 sive
1399 4431 1596 4494 Scandaviam
1616 4432 1724 4492 incole·

58 4526 191 4606 luporum
211 4527 415 4595 curvarierum,
441 4532 472 4585 et
498 4528 643 4603 nigrarum
669 4529 861 4608 albarumque
920 4534 993 4600 rent,
1014 4535 1155 4588 auctores
1171 4528 1239 4608 ejus
1263 4524 1461 4605 expeditionis
1481 4527 1660 4586 extitissent.
1684 4524 1724 4582 lis

59 4618 190 4700 vulpium
209 4625 429 4700 comportantur,
448 4625 478 4677 et
497 4619 536 4676 ab
557 4621 595 4679 iis
615 4622 695 4681 vario
711 4624 860 4681 mercimo·
920 4622 1044 4683 maxime
1066 4620 1174 4680 finibus
1192 4616 1381 4678 hloscoritae
1399 4637 1437 4676 cx
1454 4617 1531 4675 omui
1545 4623 1628 4696 parte
1646 4616 1722 4675 clau·

58 4712 98 4772 nii
118 4732 228 4790 genere
240 4716 448 4791 permutantur.
468 4710 642 4770 Zebellioos
654 4734 732 4784 vero,
752 4714 859 4774 levium
919 4717 1036 4784 duntur,
1057 4733 1135 4791 quos
1153 4709 1300 4771 lllodecus
1320 4708 1490 4768 Ptolemaeo
1515 4707 1612 4767 luisse
1631 4706 1722 4767 credi·

56 4805 180 4885 pilorum
193 4807 274 4865 tenui
288 4804 402 4866 canicie
415 4803 861 4883 probatissimos,quihusnune
919 4827 1002 4869 mus:
1028 4804 1117 4865 bodie
1136 4814 1235 4864 autem
1255 4823 1273 4862 a
1293 4799 1400 4861 Mosco
1419 4820 1505 4860 amoc
1530 4798 1609 4859 haud
1634 4801 1724 4862 dubie

56 4899 222 4979 principum
242 4899 337 4958 vestis
359 4896 488 4966 fulcitur,
509 4899 539 4953 et
565 4892 694 4954 delicata
717 4902 860 4959 matrona·
919 4901 965 4960 sic
991 4897 1071 4967 dicti,
1097 4897 1197 4974 quiet
1218 4894 1318 4971 regiae
1344 4891 1419 4959 urbi,
1454 4910 1542 4969 quam
1575 4892 1722 4967 interfluit,

56 5012 119 5051 run
139 4990 227 5061 colla,
246 5010 388 5068 expressa
400 4990 486 5050 vivae
499 4988 659 5049 animantis
673 4987 781 5066 siligio,
792 5009 860 5049 con·
920 5008 1004 5051 auum
1025 5008 1142 5067 quoque
1162 5005 1270 5044 nomen
1291 4981 1437 5041 indiderit.
1459 4983 1505 5046 Ea
1525 4991 1573 5046 cst
1593 4990 1722 5051 omniurn
1793 5048 1796 5053 ⁴

54 5088 202 5161 teguntur,
222 5082 333 5144 Permii
348 5080 508 5143 etPecerri
529 5080 687 5163 praebent:
708 5078 763 5141 sed
784 5102 861 5159 quos
919 5081 1092 5144 hloscoviae
1105 5075 1315 5152 urbiumlonge
1327 5074 1502 5151 clarissima,
1514 5082 1722 5162 tumsituipso‚

55 5176 113 5254 ipsi
131 5176 171 5236 ab
192 5176 397 5236 remotioribus
421 5176 510 5237 otiam
536 5174 692 5252 gentibus,
718 5194 796 5253 qoae
822 5174 860 5235 ad
919 5176 970 5256 qai
983 5171 1113 5250 regionis
1122 5167 1240 5231 medius
1251 5189 1324 5231 csse
1337 5170 1530 5245 existimatur,
1541 5179 1601 5236 tum
1614 5174 1721 5249 insigni
