3742 5626
491 196 547 259 DE
568 194 706 260 usum
726 190 1036 267 MOSCOVl'l'lCO,
1058 192 1181 257 LlBlill
1202 193 1256 256 lll.
1660 199 1713 258 121

55 360 173 422 divilum
205 362 313 423 Palatii
341 356 558 420 blorscbslcuru
590 361 692 420 statim
722 363 856 431 vocatus,
914 354 1028 434 Regem
1054 352 1248 416 interficiendi
1272 353 1383 419 fecisse
1402 355 1504 418 lassus
1522 377 1559 417 eo
1579 356 1714 422 decurre·

55 452 211 517 custodissa
229 451 357 516 traditus
378 450 442 528 huit,
461 451 538 512 ulmo
558 449 680 527 indicat,
700 468 855 532 quaecum
914 447 976 517 bat,
996 457 1028 509 ut
1047 456 1183 526 egestate
1202 467 1239 508 oc
1256 450 1335 509 aeris
1353 447 1442 509 alieni
1453 451 1656 529 magnitudine
1665 457 1715 515 im.

55 546 175 608 Ribinio
205 555 294 608 arrtca
323 546 567 617 conrannicarat,
597 563 697 605 eorum
728 544 856 603 omnium
914 540 1032 622 pulsum
1054 538 1084 600 id
1104 548 1263 621 spectasse
1282 560 1317 600 sc
1343 537 1472 618 diceret,
1501 553 1536 606 ut
1559 544 1598 606 sb
1629 546 1717 610 beate

55 638 313 701 bartholomaeum
332 633 477 718 quendam
490 639 654 698 ministrum
667 633 775 697 Oscilri
788 654 857 695 con·
915 636 1072 713 pecuniam
1091 632 1218 712 aliquam
1238 631 1296 692 hac
1313 634 1428 693 ratione
1438 645 1627 715 emurrgerets
1647 658 1715 721 sup.

54 735 148 793 scium
170 728 310 792 ostendit.
349 728 415 791 Rex
448 738 573 809 quatuor
602 729 678 791 solis
710 729 857 809 primariis
914 723 1040 806 plexque
1061 726 1177 785 verriana
1203 724 1334 805 petebat.
1374 724 1421 785 De
1447 726 1588 791 confesso
1607 733 1717 814 suppli·

55 824 236 885 consiliariis
264 820 406 884 adhibitis
436 841 496 882 rem
528 819 682 883 deliberat.
742 819 789 881 Ex
818 820 857 878 iis
916 820 993 877 cium
1014 835 1095 877 more
1114 819 1275 897 majorum,
1294 837 1330 879 ac
1356 815 1394 879 de
1413 816 1531 880 Judsco
1550 824 1619 882 item
1639 843 1716 886 sum·

56 916 210 978 Palstinus
230 915 385 977 Viluensis
418 912 620 996 prehendendi
652 915 736 993 ejus,
764 913 792 972 si
827 912 857 970 in
916 918 978 969 turn
998 906 1068 969 luit:
1089 909 1231 970 ministris
1252 909 1290 970 ob
1310 907 1451 972 indicium
1469 914 1550 973 vitae
1570 916 1717 992 mitola.

55 1008 128 1070 urbe
149 1012 205 1084 sit,
224 1010 375 1087 negotium
396 1009 534 1087 suscipit.
575 1004 629 1066 llle
655 1004 763 1066 Trocis
795 1012 858 1064 tum
917 1010 976 1062 ctu.
996 1000 1131 1062 Venerat
1149 1003 1264 1062 interim
1284 1001 1405 1065 Vilnaru
1424 1003 1612 1084 lluugaricus
1637 1006 1718 1089 pedi·

55 1120 125 1162 esse
145 1099 314 1173 dicebatur3
347 1102 501 1160 mittuntur
521 1118 587 1160 mox
618 1117 655 1159 eo
688 1095 859 1177 frequentes
916 1101 1007 1154 tatus.
1047 1092 1134 1155 Hunc
1160 1092 1227 1155 Rex
1257 1092 1420 1157 Postovsm
1449 1103 1584 1160 terrestri
1613 1101 1719 1163 itinere

55 1193 160 1269 aulici,
186 1197 235 1275 qui
257 1190 502 1273 comprehensum
528 1188 696 1263 retrahant;
728 1186 858 1250 adducto
916 1188 959 1245 irc
975 1187 1110 1265 jussum,
1144 1185 1253 1249 ibidem
1280 1206 1344 1247 cum
1370 1192 1534 1262 tormentis,
1556 1200 1586 1252 ct
1605 1191 1720 1273 reliquo

56 1291 85 1346 in
106 1286 285 1348 hlarschalci
311 1282 438 1345 aedibus
464 1282 557 1344 libera
578 1280 716 1344 custodia
746 1285 858 1343 circun·
917 1280 1052 1356 graviore
1074 1276 1142 1339 belli
1153 1281 1347 1341 instrumento
1358 1280 1484 1343 nasibus
1494 1285 1662 1364 impositum
1672 1305 1718 1345 se·

56 1377 150 1439 (latras.
191 1378 289 1439 llatnr
308 1376 376 1437 aliis
402 1378 569 1454 negotium,
596 1376 646 1455 qui
665 1371 860 1434 diversorium
919 1366 1016 1430 cundo
1037 1368 1154 1431 flumine
1174 1370 1316 1432 Disnasr:
1338 1370 1408 1435 iude
1428 1394 1495 1436 cum
1516 1375 1719 1438 aliistormen·

55 1490 91 1529 ac
111 1490 161 1531 res
181 1472 250 1550 ejus
271 1471 457 1550 perquirsnt3
481 1471 632 1549 reperiunt
651 1468 680 1526 in
702 1485 771 1526 arce
790 1484 860 1545 quo·
919 1465 969 1536 tis,
989 1482 1065 1542 quae
1085 1462 1203 1524 Polotia
1227 1462 1347 1527 rediens
1372 1475 1460 1529 arrtea
1486 1467 1526 1529 ibi
1551 1468 1720 1550 reliqueret,

57 1560 125 1622 darn
146 1564 213 1624 alba
224 1561 408 1623 diuersorum
430 1560 608 1621 Senatorum
621 1559 720 1620 anulis
731 1560 860 1635 signata,
918 1574 972 1634 per
1002 1552 1159 1616 adversum
1193 1555 1309 1618 llunam
1337 1555 1523 1621 Vitebscism
1555 1565 1719 1642 praemisit.

58 1654 285 1734 nominibusque
310 1657 458 1735 scriptura
482 1671 583 1712 eorum
609 1654 765 1724 ementita,
792 1648 860 1710 sub·
918 1644 1027 1707 Vllnae
1051 1646 1165 1708 Paulus
1185 1646 1389 1720 Ucbanscius,
1420 1653 1470 1731 qui
1502 1651 1541 1713 ad
1569 1653 1720 1717 Summum

56 1749 183 1827 scripta:
205 1747 410 1827 plerorumque
430 1748 500 1805 item
519 1747 607 1822 signa
622 1742 800 1804 Senatorum
822 1738 860 1804 ad
919 1738 1094 1802 Pontificem
1116 1760 1134 1801 a
1154 1740 1239 1820 Rege
1258 1742 1369 1802 missus
1401 1739 1510 1817 luerat,
1542 1744 1582 1807 ud
1607 1747 1721 1827 Regem

57 1858 157 1899 verum
177 1859 331 1920 expressa,
351 1837 458 1918 quibus
479 1835 528 1897 ille
538 1838 659 1916 majoris
669 1833 739 1897 tidei
752 1834 861 1896 lacien·
920 1852 1071 1907 reversus,
1090 1852 1192 1893 ensem
1218 1833 1300 1894 notis
1326 1838 1522 1896 caeremoniis
1552 1836 1721 1903 dedicatum

59 1930 115 1992 dac
136 1951 243 2001 causa,
270 1951 328 2012 quo
355 1950 421 1990 cum
441 1929 509 1989 aliis
533 1925 708 2010 proceribus
735 1926 861 1988 consilia
920 1944 938 1985 a
969 1926 1090 1985 Summo
1119 1924 1266 1987 Pontifice
1296 1924 1373 2005 Regi
1402 1928 1519 1990 obtulit.
1565 1928 1723 1993 Proiectus

58 2027 115 2085 ista
136 2027 263 2084 miscere
283 2022 442 2093 videretur,
463 2018 692 2101 apudllloscum
712 2018 860 2080 utebatur.
920 2014 991 2076 inde
1016 2015 1117 2091 Vilna‚
1146 2015 1185 2079 ad
1206 2016 1361 2086 scidutum
1385 2018 1484 2081 villam
1514 2024 1644 2103 quinque
1677 2027 1722 2087 cis

58 2116 119 2176 Alii
141 2117 341 2177 Covarescum
363 2118 392 2175 in
417 2111 570 2195 praedium
591 2114 687 2193 ipsius
707 2109 862 2171 duobusa
922 2110 1100 2170 Ciasniciom
1131 2108 1261 2171 millibus
1288 2129 1446 2192 passuum,
1472 2120 1579 2175 octavo
1605 2117 1724 2177 circiter

10 2208 14 2220 '
59 2207 147 2269 Vilna
161 2207 333 2282 miliaribus,
349 2205 399 2267 ubi
413 2214 474 2267 tum
485 2204 732 2266 Bartholomaeus
751 2207 777 2264 is
790 2210 864 2273 erat,
922 2203 1033 2263 mensis
1054 2201 1126 2262 Julii
1155 2199 1205 2263 die
1238 2204 1386 2283 pervenit,
1416 2204 1598 2287 reliquisque
1627 2212 1723 2291 copiis
1792 2213 1795 2217 ’

58 2300 153 2373 missi,
174 2302 339 2372 materiam,
370 2298 509 2370 malleos,
530 2316 567 2360 ac
587 2304 687 2358 cetera
707 2292 862 2356 cudendae
920 2314 974 2374 per
992 2296 1107 2355 viciuos
1127 2313 1216 2373 agros
1236 2295 1363 2376 sparsis,
1382 2299 1449 2377 ipss
1468 2318 1515 2373 so,
1535 2300 1585 2381 qui
1606 2297 1727 2361 demon·

58 2400 194 2454 monetae
214 2394 409 2453 instnrmenta
434 2390 574 2451 relcrunt.
613 2386 861 2451 Bartholomaeus
920 2394 1034 2449 stratus
1053 2396 1110 2462 est,
1129 2388 1159 2448 in
1179 2386 1256 2462 loco,
1276 2387 1423 2451 consedit.
1463 2389 1508 2452 lbi
1530 2390 1599 2453 dum
1620 2396 1725 2474 copiae

58 2483 183 2545 consilia
204 2504 270 2544 cum
290 2483 398 2544 Mosco
420 2483 503 2543 illum
530 2484 663 2557 sociare,
689 2481 861 2561 litterasque
920 2478 1006 2554 aliae,
1027 2498 1103 2559 quae
1124 2479 1367 2561 expectabantur,
1380 2487 1582 2559 consentirent,
1601 2483 1640 2548 do
1653 2485 1724 2547 belli

57 2578 96 2638 ab
118 2598 153 2638 eo
173 2579 320 2657 occipere,
340 2583 371 2637 et
387 2578 452 2656 iam
472 2584 541 2637 ante
554 2576 716 2654 interregni
727 2583 862 2656 tempore
920 2569 1146 2635 adruinistrandi
1166 2578 1293 2649 ratione,
1313 2594 1350 2636 ac
1376 2594 1434 2656 quo
1460 2581 1648 2657 potissi-um
1667 2579 1725 2641 bac

57 2671 105 2731 bis
124 2668 163 2731 ad
182 2668 320 2730 Moscum
342 2669 512 2730 missitasse
532 2666 649 2729 latetur.
690 2667 746 2729 llis
767 2666 862 2728 dere·
921 2663 1111 2744 expeditione
1137 2684 1204 2725 cum
1231 2668 1363 2727 exercitu
1388 2688 1423 2728 se
1454 2679 1655 2743 converteret,
1685 2670 1723 2733 ad

57 2764 115 2823 bus
136 2782 202 2823 curn
224 2762 388 2825 Senatores
409 2759 540 2822 normulli
562 2758 602 2820 ad
622 2780 688 2821 eum
710 2763 795 2820 missi
815 2778 861 2820 es·
920 2758 1076 2818 consilium
1097 2756 1207 2816 retulit.
1249 2757 1327 2818 Tres
1348 2762 1525 2839 potissimae
1551 2762 1608 2823 bac
1633 2759 1724 2824 dere

58 2863 137 2930 serit,
158 2853 354 2931 proditionem
373 2852 518 2930 negabat:
556 2854 653 2929 signis
686 2850 793 2911 alionis
823 2848 863 2911 ad
920 2847 1056 2909 diuersae
1076 2851 1243 2909 sententiae
1261 2857 1362 2910 erautt
1382 2869 1449 2911 cum
1468 2849 1728 2931 abiPlescouiom,

57 2953 229 3007 contractus
249 2942 465 3025 subjiciendos,
485 2952 516 3004 et
535 2946 679 3025 privatum
707 2952 863 3024 quaestum
922 2938 1129 3002 Smolenscam
1150 2940 1215 3002 alii:
1235 2943 1314 3015 tertii
1334 2942 1463 3024 llagnos
1479 2943 1581 3007 Lucos
1598 2944 1726 3009 eundum

58 3044 88 3099 iu
105 3036 231 3117 judiciis
251 3056 286 3097 se
305 3054 392 3096 usum
412 3035 575 3099 fatebatur:
596 3044 733 3099 monetae
752 3038 863 3097 odmen
922 3040 1088 3094 censerent
1109 3034 1219 3109 Prima,
1236 3032 1521 3115 quasPleseoviam,
1540 3036 1647 3100 iisdem
1664 3044 1726 3121 qui·

58 3136 87 3192 in
109 3127 257 3191 Judaeum
278 3127 434 3210 quendam,
455 3131 543 3209 cujus
562 3149 654 3210 opera
670 3136 702 3190 et
713 3131 801 3209 sigua
812 3126 865 3189 illa
922 3124 980 3185 bus
991 3133 1090 3203 antes,
1100 3146 1167 3188 cum
1179 3124 1219 3189 ad
1229 3125 1378 3189 Polotianr
1388 3130 1489 3204 iretur,
1498 3131 1665 3194 rationibus
1674 3130 1725 3195 du-

57 3222 177 3303 sculpta
198 3220 335 3291 haberet,
364 3221 548 3283 conferebat.
590 3220 751 3284 Adductus
770 3223 800 3280 in
817 3222 865 3301 iu.
923 3219 1026 3281 ccbut:
1042 3217 1148 3281 iisdem
1167 3222 1267 3297 etiam,
1285 3220 1393 3302 quibus
1404 3229 1466 3282 tum
1479 3223 1652 3304 impugnata
1664 3225 1723 3289 lue.

59 3315 169 3377 dicium
196 3316 331 3395 ipsisque
356 3311 535 3395 proditionis
561 3319 591 3376 et
615 3317 657 3375 rei
685 3316 867 3375 monetariae
925 3328 987 3381 rat:
1016 3314 1095 3399 quod
1124 3317 1181 3377 iter
1201 3317 1231 3375 iu
1251 3314 1398 3377 hosticum
1417 3316 1622 3399 longinquius:
1647 3320 1727 3403 quod

60 3407 265 3469 instrumentis
293 3409 322 3466 in
351 3403 467 3486 judicio
496 3405 652 3479 exhibitis,
682 3404 867 3489 respondero
924 3423 1008 3493 terga
1020 3419 1065 3473 tot
1083 3408 1220 3472 castellis
1240 3410 1403 3472 hostilibus
1422 3410 1503 3473 nullo
1523 3413 1553 3473 iu
1563 3417 1729 3497 propinquo

56 3504 165 3581 Jussus
184 3498 248 3560 luit.
275 3496 416 3577 Negabat
435 3496 577 3561 defensor
596 3503 663 3580 ejus
683 3496 868 3581 respondere
925 3504 1075 3589 praesidio
1085 3505 1198 3567 relicti
1207 3501 1403 3567 nudarentur:
1422 3502 1668 3586 quodLithuauia
1680 3505 1730 3567 ho·

61 3612 128 3653 eum
153 3595 247 3653 libell
278 3594 425 3652 ⁰⁰¹⁰¹¹¹¹1¹¹l
449 3592 614 3653 ¹¹⁰ltllll⁸ll⁸
635 3595 719 3672 jure,
749 3611 809 3671 (1¹¹⁰
837 3593 866 3649 ln
926 3599 1026 3662 stibus
1045 3598 1241 3678 objiceretur:
1262 3600 1387 3659 maxime
1399 3596 1728 3679 quodoPlescovlsusi

61 3704 228 3766 quenquam
249 3704 286 3745 ex
304 3682 476 3760 nobilitate,
502 3688 562 3746 nisi
581 3684 714 3763 legitime
733 3686 817 3765 prius
836 3685 867 3743 ia
925 3694 973 3755 via
993 3692 1111 3770 longius
1128 3692 1191 3770 jam
1217 3708 1371 3751 recessum
1399 3697 1497 3750 esset:
1538 3692 1643 3751 iterum
1670 3711 1729 3752 non

57 3780 112 3858 jus
131 3787 283 3848 vocatum,
309 3778 410 3856 quaeri
435 3784 560 3838 vetetur.
601 3777 676 3838 com
707 3778 789 3839 varis
817 3794 868 3837 res
925 3793 986 3846 um
1005 3780 1178 3864 repudiata,
1204 3800 1293 3861 mam
1323 3783 1352 3841 m
1383 3779 1464 3842 atiud
1494 3788 1613 3863 tenpus
1638 3780 1731 3845 dinsa

62 3871 137 3931 haec
157 3889 175 3929 a
195 3867 393 3931 Senatoribus
413 3872 608 3950 acciperetur,
629 3866 795 3951 acquidam
807 3888 867 3930 uon
926 3877 990 3938 ruit.
1031 3876 1091 3952 Qui
1111 3871 1319 3933 Smoleuscam
1338 3869 1467 3934 eundum
1486 3873 1661 3951 censebant,
1673 3874 1731 3936 loci

62 3959 251 4024 minuendam
272 3960 407 4042 exemplo
426 3960 593 4023 libertatem
613 3961 778 4023 nobilitatis
800 3981 867 4023 cen·
927 3970 1062 4051 inprimis
1081 3964 1265 4040 celebritate,
1285 3972 1317 4025 et
1334 3963 1544 4045 amplitudine:
1575 3984 1673 4028 rerum
1693 3988 1731 4029 eo

60 4061 180 4115 secerne
207 4049 288 4132 apud
308 4052 468 4134 plerosque
493 4053 650 4135 plurimum
675 4062 793 4136 tempus
817 4076 867 4117 va·
926 4064 993 4126 loco
1013 4067 1164 4140 gestarum
1183 4055 1278 4119 lama:
1297 4058 1433 4119 instituto
1452 4056 1580 4141 denique
1601 4058 1672 4120 belli
1682 4080 1733 4123 res

62 4148 134 4207 luit:
159 4153 192 4205 ut
216 4145 300 4223 Rege
320 4147 351 4205 in
370 4144 441 4208 belli
461 4143 731 4220 administratione,
759 4172 795 4213 ac
821 4170 868 4213 cs·
927 4154 1045 4217 ablatas
1064 4147 1218 4233 repetendi
1238 4147 1448 4211 movebantur:
1470 4149 1588 4232 siquod
1602 4172 1732 4237 copres·

61 4241 138 4300 stris
164 4236 226 4298 iere
245 4246 401 4314 versante,
429 4260 489 4300 nou
513 4248 575 4302 tam
602 4238 752 4319 ordinarii,
781 4266 869 4326 quarn
928 4245 1007 4309 sidio
1026 4242 1179 4326 adjuncto,
1201 4250 1264 4305 tota
1285 4240 1731 4327 Secedeusisditlolougeam·

63 4332 198 4392 militaris
215 4331 292 4410 juris
312 4332 443 4409 cognitio
463 4331 628 4409 videretur3
653 4332 693 4396 ad
719 4335 794 4399 haec
815 4358 868 4401 cos
928 4341 1065 4424 piissima
1084 4356 1144 4398 una
1163 4340 1193 4400 iu
1212 4340 1393 4418 potestatem
1406 4344 1532 4400 recurro
1552 4348 1647 4402 esset.
1679 4340 1732 4405 lli·

62 4423 149 4485 solos
171 4424 406 4504 praescriptione
426 4423 483 4486 hac
499 4428 598 4507 iuvari
619 4446 728 4508 posse,
756 4434 805 4512 qui
826 4434 870 4492 in·
930 4434 1074 4497 cebantur
1093 4438 1197 4492 contra
1218 4428 1292 4491 haec
1311 4428 1419 4506 abiis,
1439 4432 1490 4512 qui
1510 4430 1612 4495 Lucos
1632 4441 1733 4514 peten-

63 4526 147 4597 tegra
170 4515 248 4579 lama
269 4523 383 4591 essent,
404 4514 632 4594 ostendebatur;
662 4540 785 4602 quorum
805 4543 870 4587 sco·
930 4526 987 4589 dos
1006 4521 1190 4587 suadebant:
1212 4522 1328 4585 allona
1348 4520 1476 4596 llomiue,
1497 4522 1734 4604 atquebirouia,

64 4609 113 4671 lus
132 4610 162 4669 in
182 4616 228 4670 tot
248 4608 366 4687 flagitiis
393 4616 424 4670 et
449 4612 569 4692 propria
593 4611 785 4679 confessione
811 4638 869 4681 ma·
930 4639 1053 4703 quorum
1071 4612 1291 4682 liberandorum
1310 4634 1404 4678 causa
1428 4615 1538 4676 bellum
1564 4612 1624 4675 hoc
1642 4618 1734 4696 potis·

64 4701 177 4763 nileste
196 4710 363 4774 teneretur,
390 4722 444 4764 eos
465 4704 526 4764 vita
545 4723 617 4776 sua,
644 4708 800 4789 privilegio
819 4730 870 4771 no·
930 4717 1037 4776 simum
1063 4717 1239 4791 susceptum
1269 4714 1368 4781 esset,
1399 4705 1604 4767 Smolenscsm
1637 4704 1736 4771 eundo

63 4794 207 4870 bilitatis,
236 4814 273 4856 sc
303 4798 370 4878 ipsa
396 4792 473 4857 odeo
493 4794 649 4859 nobilitate
667 4817 703 4860 se
722 4803 809 4881 ipsos
828 4805 872 4862 in·
930 4807 1105 4886 longissime
1123 4798 1241 4863 recedis
1271 4818 1338 4860 curu
1357 4798 1485 4860 livonia
1509 4806 1664 4879 praeterea
1683 4802 1737 4863 Se·

64 4884 177 4965 dignos
197 4888 317 4950 iecisse.
340 4886 446 4969 ltaque
459 4887 770 4971 jussusrespondere,
789 4892 885 4957 libel.
930 4900 1097 4957 verieussm
1117 4892 1269 4969 ditionem,
1289 4909 1346 4952 nec
1364 4887 1481 4949 urbium
1491 4888 1666 4972 irequsufia,
1679 4912 1736 4956 nec

65 4980 138 5053 lum,
163 5000 249 5061 quem
278 4988 347 5045 aute
374 4984 405 5043 in
432 4981 510 5042 hunc
529 5000 633 5043 casum
653 4990 874 5064 composuerat,
931 4989 992 5049 loci
1022 4994 1112 5068 atque
1140 4988 1232 5046 moris
1263 4980 1547 5065 opportunitatibus,
1581 5003 1637 5045 uec
1666 4988 1735 5047 eici·

62 5071 187 5156 publice
206 5071 390 5137 recitandum
412 5072 475 5139 dat.
514 5072 548 5136 ln
568 5094 605 5136 co
622 5076 872 5140 consiliasecum
932 5098 1033 5143 narum
1059 5080 1189 5159 gentium
1219 5076 1316 5149 cultu,
1355 5073 1599 5157 comparandam:
1635 5077 1737 5142 Lucos

63 5168 157 5230 hoste
177 5169 326 5243 agitasse:
366 5166 463 5229 eidem
489 5188 572 5248 spem
601 5188 654 5250 per
683 5171 872 5233 occasionem
932 5176 1009 5235 sitos
1036 5172 1066 5233 in
1092 5165 1266 5253 praecordio
1293 5168 1379 5250 quasi
1398 5166 1574 5234 hloscosias
1598 5169 1679 5231 loco.
1706 5177 1735 5228 ct
