3734 5610
718 188 938 255 ANTONIUS
956 186 1227 253 Possuvutus

201 545 559 687 fllltllllll
599 548 691 689 llll
726 544 1135 687 RELIGIONE
1177 536 1670 693 cottttU-lbtt

831 818 1046 843 *Φ-

288 1003 502 1081 unani
532 998 901 1080 Moscovrsn
932 998 1126 1076 nocis
1157 997 1289 1075 ceu
1312 994 1602 1099 sausoure

757 1177 1130 1279 Possumne,
1502 1112 1511 1129 ⁸

110 1364 233 1411 EODEM
254 1366 291 1411 ΙΝ
311 1366 509 1414 Puocuuun
542 1367 743 1425 canusso,
770 1364 1032 1411 sunnrontuos
1060 1362 1183 1409 aurunt
1205 1360 1446 1407 nsrnnrluua
1466 1357 1553 1411 nutu
1573 1354 1672 1401 ΙΊἜΗ
1692 1354 1776 1399 rost

129 1514 235 1562 itanu
267 1519 446 1564 courlut'r
475 1518 518 1565 En
543 1520 625 1566 tusa
655 1519 729 1577 utu,
755 1518 849 1573 QUAE
875 1516 958 1563 PUl'l'
988 1516 1135 1570 QUARTA
1165 1513 1316 1571 ΜΔῙΠΙΙ,
1347 1510 1390 1557 ur
1417 1508 1608 1556 confutes
1643 1505 1760 1553 uulua

166 1668 500 1731 aununndssstnnu,
520 1666 852 1719 construentium
873 1667 1046 1715 Luctantur
1074 1664 1215 1713 auctus
1236 1664 1300 1711 Est
1320 1662 1429 1711 JESUS
1448 1660 1487 1707 tn
1506 1657 1728 1719 ΒΕΒΕΜΊΙΙ,

655 1820 702 1867 ur
727 1810 974 1867 rauranuron
999 1818 1020 1865 s
1043 1816 1216 1865 oraooao.

104 2150 196 2255 flat
235 2196 471 2281 quotiescunque
518 2198 557 2261 ad
602 2200 769 2281 Prlucipem
808 2198 910 2261 silibat
961 2190 964 2195 ’
1045 2192 1549 2271 animumanimumum
1577 2190 1776 2253 Sfflfiiffllh'

106 2286 265 2363 Antonius,
286 2296 372 2369 praet
389 2292 571 2355 Proerceres
591 2315 655 2367 eos,
675 2294 723 2373 qni
750 2294 831 2355 illnru
859 2292 909 2353 de·
968 2291 1090 2365 nostris,
1110 2310 1220 2371 cupere
1240 2295 1271 2349 to
1283 2286 1443 2349 Ecclesias
1463 2291 1589 2349 nostras
1611 2286 1775 2365 obirezqus

105 2376 220 2441 ducturi
239 2382 279 2443 ad
300 2404 373 2447 sese
393 2382 565 2465 frequentes
584 2388 613 2447 in
635 2386 796 2457 solicolis,
822 2397 853 2447 et
878 2388 908 2447 iu
967 2384 997 2445 ln
1016 2405 1050 2445 ra
1068 2384 1122 2445 tibi
1146 2385 1268 2461 gratiam
1295 2392 1427 2443 nostram
1460 2380 1515 2457 (ca
1546 2378 1658 2461 phrasi
1691 2396 1774 2455 saepe

105 2472 191 2553 equis
216 2475 317 2537 reniro
342 2478 424 2537 soliti
450 2480 548 2551 eraut,
573 2480 732 2561 stipatores
759 2478 908 2563 Principis
966 2476 1071 2553 utitur)
1090 2474 1252 2537 ostendere
1267 2474 1415 2537 volumus.
1454 2472 1620 2535 Jasslnrus
1644 2472 1731 2547 enin,
1747 2478 1773 2531 st

104 2566 280 2645 longissima
299 2570 380 2630 serio
405 2590 477 2631 seso
501 2572 723 2650 contingentes,
747 2578 777 2633 et
804 2570 909 2635 ferreis
965 2576 997 2631 to
1018 2569 1131 2632 adeas
1152 2568 1299 2630 Procerus
1320 2568 1414 2627 nostri
1438 2564 1649 2643 deducerent,
1670 2568 1702 2629 in
1720 2564 1773 2646 qni·

103 2660 257 2721 tenaculis
276 2669 374 2724 terrae
393 2662 515 2737 innixis,
535 2664 573 2726 ab
592 2674 717 2747 utraque
737 2666 805 2727 siae
823 2672 908 2749 parto
968 2662 1024 2723 bus
1046 2660 1172 2738 videbis,
1194 2667 1304 2743 quanto
1325 2663 1407 2723 cultu
1425 2656 1666 2721 Sanctissima-
1686 2658 1770 2721 'l'rioi-

103 2754 163 2812 taur
190 2754 220 2813 in
247 2754 396 2829 secanda,
421 2756 472 2817 ubi
497 2754 657 2841 hospitium
685 2766 749 2821 erat
774 2760 907 2831 Antonii,
964 2760 1055 2817 tatem
1074 2754 1250 2831 adorantes,
1275 2752 1487 2817 Beatissimam
1513 2752 1590 2813 itera
1617 2752 1770 2831 Virgines,

103 2862 192 2925 quam
211 2846 242 2907 in
252 2850 347 2930 prima
355 2848 505 2933 Principis
518 2872 587 2915 arce
604 2852 722 2913 circiter
731 2850 813 2913 millo
825 2852 905 2931 quin·
965 2854 1002 2909 a'c
1021 2848 1153 2910 Sanctos
1174 2867 1356 2923 serreraraur,
1375 2852 1407 2908 et
1424 2848 1619 2908 invocamus.
1653 2844 1769 2925 Conspi·

102 2938 183 3012 gerni
203 2940 339 3019 stabant;
360 2942 452 3005 Ciues
477 2950 591 3019 antem,
617 2951 648 3005 et
672 2944 775 3027 reliqui
796 2944 907 3017 scalas,
966 2942 1031 3001 cies
1051 2947 1159 3017 autem
1179 2960 1239 3021 qna
1256 2942 1368 3023 pietate
1389 2938 1518 3000 feramur
1538 2958 1616 3017 erga
1626 2940 1767 3021 piasiss·

103 3030 218 3101 atrium,
237 3032 397 3107 fenestras,
417 3034 626 3101 deambulacra
653 3040 706 3114 (uti
728 3044 759 3099 et
780 3038 906 3109 nobiles,
963 3035 1060 3115 gloss,
1082 3054 1148 3095 cum
1168 3038 1199 3093 ct
1217 3030 1419 3096 Beatissimae
1439 3030 1574 3111 Virginis
1598 3054 1677 3103 oasa,
1698 3048 1767 3111 qaae

101 3140 139 3181 ac
163 3120 313 3187 Proceres
338 3130 476 3207 primum,
506 3131 731 3193 sesecundum
758 3131 905 3210 Principis
963 3148 982 3189 a
1008 3126 1121 3187 Sancto
1147 3124 1233 3187 Luca
1259 3126 1379 3208 depicta
1404 3132 1461 3201 est,
1482 3146 1607 3186 cernes.
1647 3124 1713 3186 Nec
1731 3130 1766 3182 ta·

101 3214 266 3294 conclave)
286 3221 456 3301 replebant:
493 3222 523 3282 id
543 3228 658 3298 tamen,
691 3224 770 3304 quod
800 3230 904 3303 rprarto
963 3240 1029 3280 men
1050 3218 1166 3279 videbis
1188 3240 1254 3297 nos,
1273 3230 1325 3281 unt
1344 3218 1566 3303 flletropolitaru
1588 3222 1718 3279 nostrum
1737 3216 1766 3273 ia

102 3304 227 3369 calend.
255 3310 354 3373 lllartii
386 3319 500 3377 tentare
539 3314 686 3397 Princeps
724 3316 903 3389 decreverat,
962 3312 1038 3375 sella
1056 3316 1177 3391 gestari.

101 3396 181 3472 fecit,
200 3405 233 3459 ut
252 3402 432 3482 frequentior
452 3406 579 3489 populus
600 3408 629 3466 in
652 3410 774 3487 prinmo
795 3429 903 3480 arcent,
1038 3406 1200 3479 Antonius,
1223 3407 1270 3465 cni
1291 3427 1347 3467 nec
1367 3404 1496 3484 opinanti
1519 3424 1558 3465 ea
1576 3400 1668 3463 verba
1685 3399 1764 3461 dice·

100 3490 237 3571 arcisque
256 3493 382 3573 plateam
394 3509 604 3559 convocaretur
616 3500 807 3581 (adquinquc
824 3502 902 3561 enirn
962 3498 1078 3574 bantur,
1099 3518 1167 3557 cum
1188 3501 1275 3561 otiam
1296 3520 1411 3581 paucos
1436 3503 1507 3557 ante
1528 3494 1597 3557 dies
1625 3496 1765 3575 Princeps

99 3580 252 3645 lronrinum
271 3586 364 3649 millia
383 3590 532 3653 minimum
552 3593 708 3654 aestimata
728 3594 814 3669 suut)
843 3595 902 3655 Ae·
962 3592 1078 3653 veniam
1097 3592 1136 3653 ab
1146 3612 1183 3653 co
1197 3591 1235 3651 do
1247 3590 1392 3675 ejusmodi
1407 3590 1508 3651 uerbis
1528 3590 1686 3671 petiisset,
1705 3586 1764 3649 lror·

100 3674 148 3737 dis
168 3682 265 3739 autern
285 3678 326 3743 D.
345 3680 486 3761 Virginis,
507 3690 594 3770 qu'us
614 3692 730 3768 septem
741 3688 903 3767 pinnacula
960 3690 1041 3747 tatus
1062 3688 1249 3766 interpretem
1270 3691 1303 3746 ut
1329 3685 1418 3747 altius
1443 3682 1636 3763 loqueretur,
1661 3684 1704 3743 lta
1727 3702 1764 3741 re

99 3768 217 3831 laminis
236 3776 336 3835 aurcis
356 3783 490 3838 contecta
509 3790 590 3851 sunt,
610 3780 738 3860 itemque
759 3780 792 3841 S.
813 3780 901 3842 Joan·
960 3778 1089 3859 spondit.
1130 3777 1218 3850 Quae
1237 3778 1276 3839 ad
1297 3778 1433 3839 Divinum
1459 3774 1607 3839 bonorem
1627 3777 1695 3853 rito,
1714 3776 1766 3857 pic·

100 3862 147 3921 nis
175 3864 256 3925 fores
287 3868 332 3928 sic
357 3870 570 3951 panderentur,
601 3878 633 3932 ut
662 3872 740 3951 quod
770 3874 901 3935 Antonio
960 3890 1018 3950 que
1037 3872 1118 3946 burrt,
1138 3892 1176 3932 ca
1196 3892 1251 3933 nos
1273 3872 1512 3951 comprobamus,
1533 3870 1765 3931 etextollimus:

97 3958 272 4021 transeunte
297 3982 441 4043 unuquam
473 3970 563 4026 arrtca
588 3965 696 4026 factura
725 3966 833 4041 fuerat,
859 3967 901 4025 in·
960 3963 1016 4023 scd
1037 3964 1116 4043 quod
1135 3967 1241 4026 attinet
1261 3964 1300 4025 ad
1322 3986 1416 4025 ineam
1443 3963 1621 4043 templorum
1655 3974 1764 4025 tuero·

98 4046 162 4109 dati
187 4054 275 4113 etiarn
306 4058 401 4116 saeris
434 4059 476 4133 (si
508 4079 612 4119 sacrae
642 4058 787 4119 dicendae
816 4061 902 4137 sunt)
958 4058 1167 4133 visitationem,
1198 4059 1275 4119 seito
1305 4080 1352 4119 me
1385 4079 1403 4119 a
1429 4059 1546 4118 nemine
1573 4058 1718 4139 petiisse,
1736 4066 1764 4115 at

99 4142 233 4205 vestibus
254 4146 438 4211 Sacerdotes
459 4152 610 4213 Coronam
632 4154 660 4211 in
683 4152 780 4212 medio
800 4152 901 4233 templi
959 4150 1069 4225 Sacro,
1100 4152 1278 4231 precibusve
1308 4158 1421 4211 tuorum
1446 4148 1650 4212 Sacerdotuar
1683 4150 1763 4211 inter-

98 4228 240 4310 fecerent,
267 4249 298 4297 et
316 4261 424 4320 preces
452 4244 489 4304 de
516 4266 595 4305 more
620 4244 809 4306 liutbenieas
837 4245 899 4306 fun·
958 4265 1073 4306 essem:
1094 4248 1162 4305 novi
1183 4248 1269 4319 ernnr,
1295 4264 1370 4323 quae
1389 4248 1420 4305 iu
1439 4246 1477 4305 iis
1496 4240 1578 4325 apud
1602 4265 1660 4307 ves
1680 4264 1762 4325 agun-

98 4321 210 4384 derent.
230 4328 383 4393 lllanserat
403 4359 471 4396 vero
494 4338 688 4400 Hebdomada
708 4361 744 4400 ca
754 4340 899 4419 Princeps
957 4346 1014 4399 tur.
1037 4337 1201 4418 Quousque
1222 4358 1293 4399 vero
1313 4340 1389 4400 iuter
1415 4358 1470 4399 nos
1491 4335 1529 4397 de
1550 4334 1624 4399 fidei
1646 4340 1762 4419 negotio

98 4418 127 4476 in
148 4418 295 4495 cubiculo,
312 4425 435 4505 jejuniis
457 4430 647 4505 arctioribus,
668 4441 698 4492 et
718 4432 899 4492 orationibus
958 4435 1124 4507 coruveniat,
1146 4452 1181 4493 ac
1201 4430 1475 4513 tunellletropolita
1494 4430 1533 4493 ab
1554 4453 1592 4493 eo
1615 4432 1763 4495 conlirme·

95 4510 165 4593 plus
187 4513 276 4574 solito
297 4536 420 4595 vocaris,
440 4543 517 4600 quae
529 4522 660 4583 Rutbeni
675 4524 747 4583 feria
766 4523 900 4584 secunda
971 4546 1014 4601 nr,
1035 4528 1084 4605 qui
1105 4526 1172 4603 ejus
1192 4522 1305 4587 Sedom
1324 4532 1415 4597 terret,
1435 4528 1482 4585 cul
1504 4524 1658 4587 Dominus
1679 4526 1761 4588 dixit:

96 4604 188 4684 (quod
209 4626 264 4667 uos
289 4608 415 4671 facimus
443 4618 559 4693 quarta)
590 4636 684 4690 snam,
717 4615 899 4676 Graecorum
958 4616 1106 4679 Confrrrna
1126 4614 1232 4676 fratres
1251 4620 1337 4693 tuos,
1366 4636 1608 4696 nonpossrnnns
1630 4623 1761 4681 istisce

96 4716 189 4774 more,
201 4698 468 4781 Quadragesimam
490 4708 640 4781 inchoent,
661 4709 761 4769 liceto
774 4709 898 4788 Septua·
956 4730 1019 4769 rum
1039 4707 1206 4769 actionibus
1227 4712 1384 4770 interesse.
1416 4708 1468 4771 Ad
1487 4709 1651 4773 Pontifieis
1671 4714 1760 4775 illari·

95 4790 209 4866 gesima
229 4799 370 4859 carnibus
390 4799 465 4875 (non
491 4802 561 4861 item
580 4803 645 4861 osis
671 4809 702 4860 et
722 4801 900 4877 lacticiniis)
954 4805 993 4861 mi
1017 4803 1213 4881 gestationem
1241 4801 1319 4881 (prod
1348 4806 1474 4877 attinet,
1503 4800 1563 4863 dixi
1585 4804 1654 4875 tibi,
1676 4805 1708 4866 id
1728 4802 1760 4867 ad

96 4888 135 4948 ad
161 4890 192 4949 id
217 4912 312 4974 usquo
338 4899 457 4976 tempus
490 4897 668 4956 abstineant.
706 4895 785 4971 Ergo
815 4902 897 4954 tanto
955 4893 1191 4956 benedictionem
1202 4895 1311 4975 populo
1324 4893 1547 4976 impertiendam
1561 4894 1644 4957 fieri:
1668 4920 1761 4980 quam-

96 4990 239 5061 apparatu
270 4993 412 5048 evocatus
450 4990 615 5061 Antonius,
649 4988 699 5047 ubi
729 4987 895 5065 Principem
955 4992 1000 5050 vis
1020 5008 1056 5047 ea
1077 4986 1206 5066 ‹lignitas
1227 4996 1307 5047 trinta
1328 4992 1377 5055 sit,
1397 4997 1429 5048 ut.
1449 4993 1543 5069 ipsam
1567 4990 1683 5053 Christi
1707 4992 1760 5051 llo-

97 5079 264 5154 conspexit,
283 5078 391 5140 sedere
411 5084 519 5162 jussus
548 5102 615 5141 mos
641 5081 679 5140 ab
706 5081 772 5157 ipso
798 5080 835 5140 ad
862 5103 896 5139 so
955 5084 1024 5139 mini
1052 5079 1245 5159 dignitatern,
1287 5082 1480 5160 Apostolinre
1508 5080 1583 5141 Sedi
1614 5086 1761 5147 collatam.
1807 5094 1814 5183 q

96 5168 229 5241 proxime
249 5177 385 5241 vocatus,
405 5193 470 5233 eum
491 5177 530 5235 ita
552 5175 719 5253 loquentem
739 5172 858 5234 audivit.
954 5171 1093 5251 expediat
1121 5177 1161 5235 ita
1190 5194 1305 5252 «porrique
1323 5179 1488 5235 nronstrari.
1514 5175 1588 5235 Plus
1612 5199 1684 5238 ver-o
1707 5190 1759 5239 est.
