<?xml version="1.0" encoding="UTF-8"?>
<!DOCTYPE html PUBLIC "-//W3C//DTD XHTML 1.0 Transitional//EN"
    "http://www.w3.org/TR/xhtml1/DTD/xhtml1-transitional.dtd">
<html xmlns="http://www.w3.org/1999/xhtml" xml:lang="en" lang="en">
 <head>
  <title>
</title>
<meta http-equiv="Content-Type" content="text/html;charset=utf-8" />
  <meta name='ocr-system' content='tesseract 3.04.00' />
  <meta name='ocr-capabilities' content='ocr_page ocr_carea ocr_par ocr_line ocrx_word'/>
</head>
<body>
  <div class='ocr_page' id='page_1' title='image "./historiaeruthen00stargoog/historiaeruthen00stargoog_0560.png"; bbox 0 0 3742 5626; ppageno 0'>
   <div class='ocr_carea' id='block_1_1' title="bbox 510 212 1741 287">
    <p class='ocr_par' dir='ltr' id='par_1_1' title="bbox 510 212 1741 287">
     <span class='ocr_line' id='line_1_1' title="bbox 510 212 1741 287; baseline -0.001 -11"><span class='ocrx_word' id='word_1_1' title='bbox 510 216 640 280; x_wconf 80' lang='lat' dir='ltr'><strong>VITAE</strong></span> <span class='ocrx_word' id='word_1_2' title='bbox 660 213 841 279; x_wconf 76' lang='lat' dir='ltr'><strong>ioannis</strong></span> <span class='ocrx_word' id='word_1_3' title='bbox 860 212 1085 287; x_wconf 75' lang='lat' dir='ltr'><strong>aestuate,</strong></span> <span class='ocrx_word' id='word_1_4' title='bbox 1111 212 1237 281; x_wconf 81' lang='lat' dir='ltr'>LIBER</span> <span class='ocrx_word' id='word_1_5' title='bbox 1257 213 1312 279; x_wconf 91' lang='grc'><strong>111.</strong></span> <span class='ocrx_word' id='word_1_6' title='bbox 1678 214 1741 275; x_wconf 64' lang='lat' dir='ltr'><em>m</em></span> 
     </span>
    </p>
   </div>
   <div class='ocr_carea' id='block_1_2' title="bbox 53 377 1737 5117">
    <p class='ocr_par' dir='ltr' id='par_1_2' title="bbox 55 377 1733 2413">
     <span class='ocr_line' id='line_1_2' title="bbox 61 377 1731 463; baseline -0.003 -19"><span class='ocrx_word' id='word_1_7' title='bbox 61 402 147 461; x_wconf 86' lang='lat' dir='ltr'><strong>gere,</strong></span> <span class='ocrx_word' id='word_1_8' title='bbox 166 384 215 463; x_wconf 91' lang='lat' dir='ltr'><strong>qui</strong></span> <span class='ocrx_word' id='word_1_9' title='bbox 235 401 343 442; x_wconf 85' lang='lat' dir='ltr'><strong>munus</strong></span> <span class='ocrx_word' id='word_1_10' title='bbox 364 380 397 441; x_wconf 92' lang='lat' dir='ltr'><strong>id</strong></span> <span class='ocrx_word' id='word_1_11' title='bbox 415 380 498 441; x_wconf 92' lang='lat' dir='ltr'><strong>obire</strong></span> <span class='ocrx_word' id='word_1_12' title='bbox 518 401 569 461; x_wconf 88' lang='lat' dir='ltr'><strong>pro</strong></span> <span class='ocrx_word' id='word_1_13' title='bbox 590 379 733 458; x_wconf 85' lang='lat' dir='ltr'><strong>dignitate</strong></span> <span class='ocrx_word' id='word_1_14' title='bbox 753 382 866 459; x_wconf 90' lang='lat' dir='ltr'><strong>posset.</strong></span> <span class='ocrx_word' id='word_1_15' title='bbox 928 377 1081 440; x_wconf 85' lang='lat' dir='ltr'><strong>Basilides</strong></span> <span class='ocrx_word' id='word_1_16' title='bbox 1099 381 1255 460; x_wconf 77' lang='lat' dir='ltr'><strong>palatius,</strong></span> <span class='ocrx_word' id='word_1_17' title='bbox 1281 379 1310 439; x_wconf 94' lang='lat' dir='ltr'><strong>in</strong></span> <span class='ocrx_word' id='word_1_18' title='bbox 1336 397 1395 456; x_wconf 89' lang='lat' dir='ltr'><strong>quo</strong></span> <span class='ocrx_word' id='word_1_19' title='bbox 1420 378 1547 458; x_wconf 85' lang='lat' dir='ltr'><strong>legatum</strong></span> <span class='ocrx_word' id='word_1_20' title='bbox 1574 384 1731 458; x_wconf 65' lang='lat' dir='ltr'><strong>exqrecta·</strong></span> 
     </span>
     <span class='ocr_line' id='line_1_3' title="bbox 62 469 1731 555; baseline -0.004 -18"><span class='ocrx_word' id='word_1_21' title='bbox 62 475 136 537; x_wconf 80' lang='lat' dir='ltr'><strong>Cum</strong></span> <span class='ocrx_word' id='word_1_22' title='bbox 162 476 213 537; x_wconf 88' lang='lat' dir='ltr'><strong>illu</strong></span> <span class='ocrx_word' id='word_1_23' title='bbox 238 473 503 555; x_wconf 82' lang='lat' dir='ltr'><strong>proficiscebantur</strong></span> <span class='ocrx_word' id='word_1_24' title='bbox 523 473 637 552; x_wconf 76' lang='lat' dir='ltr'><strong>aliquot</strong></span> <span class='ocrx_word' id='word_1_25' title='bbox 656 472 868 534; x_wconf 68' lang='lat' dir='ltr'><strong>adolescentes</strong></span> <span class='ocrx_word' id='word_1_26' title='bbox 927 472 978 532; x_wconf 90' lang='lat' dir='ltr'><strong>bat</strong></span> <span class='ocrx_word' id='word_1_27' title='bbox 997 474 1150 554; x_wconf 76' lang='lat' dir='ltr'><strong>tapetibus</strong></span> <span class='ocrx_word' id='word_1_28' title='bbox 1170 478 1201 533; x_wconf 92' lang='lat' dir='ltr'><strong>et</strong></span> <span class='ocrx_word' id='word_1_29' title='bbox 1213 470 1430 551; x_wconf 66' lang='lat' dir='ltr'><strong>peristromatis</strong></span> <span class='ocrx_word' id='word_1_30' title='bbox 1448 471 1636 541; x_wconf 76' lang='lat' dir='ltr'><strong>instraverat,</strong></span> <span class='ocrx_word' id='word_1_31' title='bbox 1657 469 1731 533; x_wconf 87' lang='lat' dir='ltr'><strong>urul-</strong></span> 
     </span>
     <span class='ocr_line' id='line_1_4' title="bbox 60 561 1731 646; baseline -0.004 -15"><span class='ocrx_word' id='word_1_32' title='bbox 60 589 174 631; x_wconf 75' lang='lat' dir='ltr'><strong>susms</strong></span> <span class='ocrx_word' id='word_1_33' title='bbox 193 567 373 637; x_wconf 77' lang='lat' dir='ltr'><strong>Nobilitate,</strong></span> <span class='ocrx_word' id='word_1_34' title='bbox 400 572 433 629; x_wconf 91' lang='lat' dir='ltr'><strong>nt</strong></span> <span class='ocrx_word' id='word_1_35' title='bbox 452 572 484 627; x_wconf 90' lang='lat' dir='ltr'><strong>et</strong></span> <span class='ocrx_word' id='word_1_36' title='bbox 502 567 628 626; x_wconf 65' lang='lat' dir='ltr'><strong>costes</strong></span> <span class='ocrx_word' id='word_1_37' title='bbox 652 565 732 626; x_wconf 91' lang='lat' dir='ltr'><strong>iilius</strong></span> <span class='ocrx_word' id='word_1_38' title='bbox 751 569 867 635; x_wconf 89' lang='lat' dir='ltr'><strong>essent,</strong></span> <span class='ocrx_word' id='word_1_39' title='bbox 926 566 1024 646; x_wconf 78' lang='lat' dir='ltr'><strong>tisque</strong></span> <span class='ocrx_word' id='word_1_40' title='bbox 1051 566 1251 627; x_wconf 77' lang='lat' dir='ltr'><strong>odoramentis</strong></span> <span class='ocrx_word' id='word_1_41' title='bbox 1276 562 1349 625; x_wconf 92' lang='lat' dir='ltr'><strong>iliud</strong></span> <span class='ocrx_word' id='word_1_42' title='bbox 1373 561 1541 623; x_wconf 75' lang='lat' dir='ltr'><strong>retorserat.</strong></span> <span class='ocrx_word' id='word_1_43' title='bbox 1587 563 1731 644; x_wconf 81' lang='lat' dir='ltr'><strong>Seipsurs</strong></span> 
     </span>
     <span class='ocr_line' id='line_1_5' title="bbox 60 655 1729 741; baseline -0.002 -19"><span class='ocrx_word' id='word_1_44' title='bbox 60 668 91 723; x_wconf 91' lang='lat' dir='ltr'><strong>et</strong></span> <span class='ocrx_word' id='word_1_45' title='bbox 109 664 186 725; x_wconf 89' lang='lat' dir='ltr'><strong>inter</strong></span> <span class='ocrx_word' id='word_1_46' title='bbox 204 659 332 741; x_wconf 84' lang='lat' dir='ltr'><strong>blesens</strong></span> <span class='ocrx_word' id='word_1_47' title='bbox 356 661 620 739; x_wconf 75' lang='lat' dir='ltr'><strong>peregrinarentur.</strong></span> <span class='ocrx_word' id='word_1_48' title='bbox 659 658 698 719; x_wconf 81' lang='lat' dir='ltr'><strong>Et</strong></span> <span class='ocrx_word' id='word_1_49' title='bbox 725 655 765 718; x_wconf 85' lang='lat' dir='ltr'><strong>atl</strong></span> <span class='ocrx_word' id='word_1_50' title='bbox 790 656 865 717; x_wconf 88' lang='lat' dir='ltr'><strong>lines</strong></span> <span class='ocrx_word' id='word_1_51' title='bbox 925 677 995 718; x_wconf 86' lang='lat' dir='ltr'><strong>reru</strong></span> <span class='ocrx_word' id='word_1_52' title='bbox 1016 660 1151 719; x_wconf 85' lang='lat' dir='ltr'><strong>restibus</strong></span> <span class='ocrx_word' id='word_1_53' title='bbox 1170 678 1244 720; x_wconf 87' lang='lat' dir='ltr'><strong>auru</strong></span> <span class='ocrx_word' id='word_1_54' title='bbox 1264 656 1456 735; x_wconf 84' lang='lat' dir='ltr'><strong>fulgentibus,</strong></span> <span class='ocrx_word' id='word_1_55' title='bbox 1478 661 1508 717; x_wconf 89' lang='lat' dir='ltr'><strong>et</strong></span> <span class='ocrx_word' id='word_1_56' title='bbox 1529 658 1651 734; x_wconf 76' lang='lat' dir='ltr'><strong>gestaris</strong></span> <span class='ocrx_word' id='word_1_57' title='bbox 1670 655 1729 719; x_wconf 88' lang='lat' dir='ltr'><strong>cla·</strong></span> 
     </span>
     <span class='ocr_line' id='line_1_6' title="bbox 60 749 1731 833; baseline -0.002 -18"><span class='ocrx_word' id='word_1_58' title='bbox 60 755 157 816; x_wconf 85' lang='lat' dir='ltr'><strong>bostis</strong></span> <span class='ocrx_word' id='word_1_59' title='bbox 176 752 509 828; x_wconf 83' lang='lat' dir='ltr'><strong>adrecti,aNobiliteto</strong></span> <span class='ocrx_word' id='word_1_60' title='bbox 526 760 558 814; x_wconf 88' lang='lat' dir='ltr'><strong>et</strong></span> <span class='ocrx_word' id='word_1_61' title='bbox 575 752 724 833; x_wconf 89' lang='lat' dir='ltr'><strong>primariis</strong></span> <span class='ocrx_word' id='word_1_62' title='bbox 742 750 866 811; x_wconf 85' lang='lat' dir='ltr'><strong>civitati·</strong></span> <span class='ocrx_word' id='word_1_63' title='bbox 924 751 1053 812; x_wconf 85' lang='lat' dir='ltr'><strong>rissinris</strong></span> <span class='ocrx_word' id='word_1_64' title='bbox 1074 758 1223 823; x_wconf 88' lang='lat' dir='ltr'><strong>ornatum,</strong></span> <span class='ocrx_word' id='word_1_65' title='bbox 1248 750 1418 829; x_wconf 88' lang='lat' dir='ltr'><strong>cultumque</strong></span> <span class='ocrx_word' id='word_1_66' title='bbox 1438 750 1467 809; x_wconf 91' lang='lat' dir='ltr'><strong>in</strong></span> <span class='ocrx_word' id='word_1_67' title='bbox 1478 749 1731 828; x_wconf 84' lang='lat' dir='ltr'><strong>Lupstiuseicon·</strong></span> 
     </span>
     <span class='ocr_line' id='line_1_7' title="bbox 59 843 1733 927; baseline -0.001 -19"><span class='ocrx_word' id='word_1_68' title='bbox 59 850 117 908; x_wconf 88' lang='lat' dir='ltr'><strong>bne</strong></span> <span class='ocrx_word' id='word_1_69' title='bbox 148 846 249 907; x_wconf 93' lang='lat' dir='ltr'><strong>multis</strong></span> <span class='ocrx_word' id='word_1_70' title='bbox 284 846 447 907; x_wconf 77' lang='lat' dir='ltr'><strong>honoribus</strong></span> <span class='ocrx_word' id='word_1_71' title='bbox 476 846 592 927; x_wconf 83' lang='lat' dir='ltr'><strong>sucepti</strong></span> <span class='ocrx_word' id='word_1_72' title='bbox 619 845 712 905; x_wconf 88' lang='lat' dir='ltr'><strong>luere.</strong></span> <span class='ocrx_word' id='word_1_73' title='bbox 753 844 865 904; x_wconf 84' lang='lat' dir='ltr'><strong>Postea</strong></span> <span class='ocrx_word' id='word_1_74' title='bbox 924 848 1059 922; x_wconf 87' lang='lat' dir='ltr'><strong>spectum</strong></span> <span class='ocrx_word' id='word_1_75' title='bbox 1081 843 1179 916; x_wconf 90' lang='lat' dir='ltr'><strong>dedit,</strong></span> <span class='ocrx_word' id='word_1_76' title='bbox 1209 864 1336 926; x_wconf 85' lang='lat' dir='ltr'><strong>suraque</strong></span> <span class='ocrx_word' id='word_1_77' title='bbox 1362 848 1465 905; x_wconf 77' lang='lat' dir='ltr'><strong>cenna</strong></span> <span class='ocrx_word' id='word_1_78' title='bbox 1488 854 1625 905; x_wconf 81' lang='lat' dir='ltr'><strong>naturam</strong></span> <span class='ocrx_word' id='word_1_79' title='bbox 1645 863 1733 905; x_wconf 84' lang='lat' dir='ltr'><strong>suasa</strong></span> 
     </span>
     <span class='ocr_line' id='line_1_8' title="bbox 58 933 1732 1020; baseline -0.002 -20"><span class='ocrx_word' id='word_1_80' title='bbox 58 960 127 1002; x_wconf 86' lang='lat' dir='ltr'><strong>rero</strong></span> <span class='ocrx_word' id='word_1_81' title='bbox 147 960 214 1001; x_wconf 88' lang='lat' dir='ltr'><strong>eum</strong></span> <span class='ocrx_word' id='word_1_82' title='bbox 236 941 351 1001; x_wconf 88' lang='lat' dir='ltr'><strong>barbari</strong></span> <span class='ocrx_word' id='word_1_83' title='bbox 372 939 605 1010; x_wconf 79' lang='lat' dir='ltr'><strong>intellexissent,</strong></span> <span class='ocrx_word' id='word_1_84' title='bbox 625 939 753 999; x_wconf 75' lang='lat' dir='ltr'><strong>animun</strong></span> <span class='ocrx_word' id='word_1_85' title='bbox 763 935 865 1014; x_wconf 84' lang='lat' dir='ltr'><strong>Regis</strong></span> <span class='ocrx_word' id='word_1_86' title='bbox 923 935 1089 999; x_wconf 72' lang='lat' dir='ltr'><strong>humaniter</strong></span> <span class='ocrx_word' id='word_1_87' title='bbox 1109 939 1248 1020; x_wconf 76' lang='lat' dir='ltr'><strong>excipere</strong></span> <span class='ocrx_word' id='word_1_88' title='bbox 1268 939 1354 998; x_wconf 85' lang='lat' dir='ltr'><strong>visus</strong></span> <span class='ocrx_word' id='word_1_89' title='bbox 1372 942 1436 997; x_wconf 82' lang='lat' dir='ltr'><strong>est:</strong></span> <span class='ocrx_word' id='word_1_90' title='bbox 1473 937 1501 997; x_wconf 90' lang='lat' dir='ltr'><strong>is</strong></span> <span class='ocrx_word' id='word_1_91' title='bbox 1520 935 1652 997; x_wconf 67' lang='lat' dir='ltr'><strong>vicissit</strong></span> <span class='ocrx_word' id='word_1_92' title='bbox 1674 933 1732 997; x_wconf 90' lang='lat' dir='ltr'><strong>Ba·</strong></span> 
     </span>
     <span class='ocr_line' id='line_1_9' title="bbox 59 1028 1732 1116; baseline -0.005 -20"><span class='ocrx_word' id='word_1_93' title='bbox 59 1036 97 1096; x_wconf 90' lang='lat' dir='ltr'><strong>sb</strong></span> <span class='ocrx_word' id='word_1_94' title='bbox 114 1035 191 1116; x_wconf 89' lang='lat' dir='ltr'><strong>ipsis</strong></span> <span class='ocrx_word' id='word_1_95' title='bbox 212 1032 377 1108; x_wconf 86' lang='lat' dir='ltr'><strong>dissidere,</strong></span> <span class='ocrx_word' id='word_1_96' title='bbox 405 1038 555 1113; x_wconf 85' lang='lat' dir='ltr'><strong>tutamque</strong></span> <span class='ocrx_word' id='word_1_97' title='bbox 583 1031 759 1110; x_wconf 84' lang='lat' dir='ltr'><strong>legationen</strong></span> <span class='ocrx_word' id='word_1_98' title='bbox 785 1029 865 1090; x_wconf 88' lang='lat' dir='ltr'><strong>bello</strong></span> <span class='ocrx_word' id='word_1_99' title='bbox 923 1030 1040 1091; x_wconf 87' lang='lat' dir='ltr'><strong>siiidern</strong></span> <span class='ocrx_word' id='word_1_100' title='bbox 1061 1052 1141 1092; x_wconf 78' lang='lat' dir='ltr'><strong>sore</strong></span> <span class='ocrx_word' id='word_1_101' title='bbox 1161 1033 1329 1093; x_wconf 81' lang='lat' dir='ltr'><strong>Sarmatico</strong></span> <span class='ocrx_word' id='word_1_102' title='bbox 1347 1030 1500 1099; x_wconf 69' lang='lat' dir='ltr'><strong>calumnii,</strong></span> <span class='ocrx_word' id='word_1_103' title='bbox 1520 1035 1550 1090; x_wconf 91' lang='lat' dir='ltr'><strong>et</strong></span> <span class='ocrx_word' id='word_1_104' title='bbox 1567 1028 1646 1089; x_wconf 90' lang='lat' dir='ltr'><strong>idum</strong></span> <span class='ocrx_word' id='word_1_105' title='bbox 1665 1029 1732 1089; x_wconf 89' lang='lat' dir='ltr'><strong>reii-</strong></span> 
     </span>
     <span class='ocr_line' id='line_1_10' title="bbox 59 1119 1732 1206; baseline -0.002 -20"><span class='ocrx_word' id='word_1_106' title='bbox 59 1129 190 1187; x_wconf 83' lang='lat' dir='ltr'><strong>innixam</strong></span> <span class='ocrx_word' id='word_1_107' title='bbox 209 1145 297 1196; x_wconf 92' lang='lat' dir='ltr'><strong>esse,</strong></span> <span class='ocrx_word' id='word_1_108' title='bbox 323 1144 428 1206; x_wconf 86' lang='lat' dir='ltr'><strong>parurn</strong></span> <span class='ocrx_word' id='word_1_109' title='bbox 454 1124 564 1197; x_wconf 84' lang='lat' dir='ltr'><strong>abluit,</strong></span> <span class='ocrx_word' id='word_1_110' title='bbox 589 1125 659 1204; x_wconf 91' lang='lat' dir='ltr'><strong>quin</strong></span> <span class='ocrx_word' id='word_1_111' title='bbox 681 1125 753 1203; x_wconf 89' lang='lat' dir='ltr'><strong>rogii</strong></span> <span class='ocrx_word' id='word_1_112' title='bbox 773 1123 864 1185; x_wconf 80' lang='lat' dir='ltr'><strong>maxi·</strong></span> <span class='ocrx_word' id='word_1_113' title='bbox 923 1124 973 1202; x_wconf 92' lang='lat' dir='ltr'><strong>qui</strong></span> <span class='ocrx_word' id='word_1_114' title='bbox 1002 1124 1107 1185; x_wconf 84' lang='lat' dir='ltr'><strong>Potoni</strong></span> <span class='ocrx_word' id='word_1_115' title='bbox 1138 1125 1281 1186; x_wconf 80' lang='lat' dir='ltr'><strong>feserunt.</strong></span> <span class='ocrx_word' id='word_1_116' title='bbox 1331 1123 1465 1185; x_wconf 86' lang='lat' dir='ltr'><strong>Litteras</strong></span> <span class='ocrx_word' id='word_1_117' title='bbox 1496 1121 1607 1184; x_wconf 86' lang='lat' dir='ltr'><strong>deiude</strong></span> <span class='ocrx_word' id='word_1_118' title='bbox 1632 1119 1732 1200; x_wconf 79' lang='lat' dir='ltr'><strong>Regis</strong></span> 
     </span>
     <span class='ocr_line' id='line_1_11' title="bbox 60 1214 1731 1296; baseline -0.003 -16"><span class='ocrx_word' id='word_1_119' title='bbox 60 1242 135 1280; x_wconf 88' lang='lat' dir='ltr'><strong>mura</strong></span> <span class='ocrx_word' id='word_1_120' title='bbox 163 1220 271 1281; x_wconf 87' lang='lat' dir='ltr'><strong>salutis</strong></span> <span class='ocrx_word' id='word_1_121' title='bbox 302 1219 461 1279; x_wconf 75' lang='lat' dir='ltr'><strong>discrimen</strong></span> <span class='ocrx_word' id='word_1_122' title='bbox 490 1217 614 1279; x_wconf 87' lang='lat' dir='ltr'><strong>adirent.</strong></span> <span class='ocrx_word' id='word_1_123' title='bbox 653 1216 738 1278; x_wconf 79' lang='lat' dir='ltr'><strong>Salvi</strong></span> <span class='ocrx_word' id='word_1_124' title='bbox 764 1226 864 1278; x_wconf 80' lang='lat' dir='ltr'><strong>tamen</strong></span> <span class='ocrx_word' id='word_1_125' title='bbox 923 1217 1013 1277; x_wconf 89' lang='lat' dir='ltr'><strong>bullis</strong></span> <span class='ocrx_word' id='word_1_126' title='bbox 1039 1220 1139 1279; x_wconf 90' lang='lat' dir='ltr'><strong>aureis</strong></span> <span class='ocrx_word' id='word_1_127' title='bbox 1169 1219 1376 1296; x_wconf 77' lang='lat' dir='ltr'><strong>consignatas,</strong></span> <span class='ocrx_word' id='word_1_128' title='bbox 1408 1235 1572 1296; x_wconf 75' lang='lat' dir='ltr'><strong>ensemque</strong></span> <span class='ocrx_word' id='word_1_129' title='bbox 1591 1214 1731 1277; x_wconf 77' lang='lat' dir='ltr'><strong>falcatum</strong></span> 
     </span>
     <span class='ocr_line' id='line_1_12' title="bbox 59 1308 1729 1391; baseline -0.004 -19"><span class='ocrx_word' id='word_1_130' title='bbox 59 1315 87 1372; x_wconf 89' lang='lat' dir='ltr'><strong>in</strong></span> <span class='ocrx_word' id='word_1_131' title='bbox 107 1312 293 1374; x_wconf 81' lang='lat' dir='ltr'><strong>Moscoriaru</strong></span> <span class='ocrx_word' id='word_1_132' title='bbox 315 1314 431 1382; x_wconf 86' lang='lat' dir='ltr'><strong>urbem,</strong></span> <span class='ocrx_word' id='word_1_133' title='bbox 456 1312 509 1371; x_wconf 90' lang='lat' dir='ltr'><strong>nbi</strong></span> <span class='ocrx_word' id='word_1_134' title='bbox 528 1317 599 1371; x_wconf 79' lang='lat' dir='ltr'><strong>tune·</strong></span> <span class='ocrx_word' id='word_1_135' title='bbox 619 1308 770 1371; x_wconf 86' lang='lat' dir='ltr'><strong>Basilides</strong></span> <span class='ocrx_word' id='word_1_136' title='bbox 791 1313 863 1379; x_wconf 91' lang='lat' dir='ltr'><strong>erat,</strong></span> <span class='ocrx_word' id='word_1_137' title='bbox 924 1308 1039 1371; x_wconf 82' lang='lat' dir='ltr'><strong>futurae</strong></span> <span class='ocrx_word' id='word_1_138' title='bbox 1083 1310 1207 1372; x_wconf 90' lang='lat' dir='ltr'><strong>ultionis</strong></span> <span class='ocrx_word' id='word_1_139' title='bbox 1249 1311 1377 1371; x_wconf 86' lang='lat' dir='ltr'><strong>indicem</strong></span> <span class='ocrx_word' id='word_1_140' title='bbox 1415 1308 1543 1371; x_wconf 89' lang='lat' dir='ltr'><strong>Basilidi</strong></span> <span class='ocrx_word' id='word_1_141' title='bbox 1587 1308 1729 1391; x_wconf 86' lang='lat' dir='ltr'><strong>porrexit.</strong></span> 
     </span>
     <span class='ocr_line' id='line_1_13' title="bbox 59 1400 1730 1484; baseline -0.004 -19"><span class='ocrx_word' id='word_1_142' title='bbox 59 1406 181 1466; x_wconf 84' lang='lat' dir='ltr'><strong>modicis</strong></span> <span class='ocrx_word' id='word_1_143' title='bbox 208 1407 363 1465; x_wconf 82' lang='lat' dir='ltr'><strong>itineribus</strong></span> <span class='ocrx_word' id='word_1_144' title='bbox 388 1422 566 1484; x_wconf 83' lang='lat' dir='ltr'><strong>pervenere,</strong></span> <span class='ocrx_word' id='word_1_145' title='bbox 591 1423 610 1462; x_wconf 86' lang='lat' dir='ltr'><strong>a</strong></span> <span class='ocrx_word' id='word_1_146' title='bbox 636 1402 864 1477; x_wconf 87' lang='lat' dir='ltr'><strong>deducentibus,</strong></span> <span class='ocrx_word' id='word_1_147' title='bbox 924 1400 1011 1463; x_wconf 91' lang='lat' dir='ltr'><strong>lluuc</strong></span> <span class='ocrx_word' id='word_1_148' title='bbox 1030 1402 1081 1464; x_wconf 91' lang='lat' dir='ltr'><strong>ilie</strong></span> <span class='ocrx_word' id='word_1_149' title='bbox 1101 1404 1213 1464; x_wconf 90' lang='lat' dir='ltr'><strong>erudeli</strong></span> <span class='ocrx_word' id='word_1_150' title='bbox 1238 1404 1321 1465; x_wconf 81' lang='lat' dir='ltr'><strong>vultu</strong></span> <span class='ocrx_word' id='word_1_151' title='bbox 1342 1403 1481 1464; x_wconf 88' lang='lat' dir='ltr'><strong>iracunde</strong></span> <span class='ocrx_word' id='word_1_152' title='bbox 1501 1404 1670 1484; x_wconf 84' lang='lat' dir='ltr'><strong>aspiciens,</strong></span> <span class='ocrx_word' id='word_1_153' title='bbox 1701 1400 1730 1459; x_wconf 94' lang='lat' dir='ltr'><strong>in</strong></span> 
     </span>
     <span class='ocr_line' id='line_1_14' title="bbox 60 1494 1731 1579; baseline -0.004 -20"><span class='ocrx_word' id='word_1_154' title='bbox 60 1505 236 1569; x_wconf 78' lang='lat' dir='ltr'><strong>eummeatu,</strong></span> <span class='ocrx_word' id='word_1_155' title='bbox 256 1505 287 1558; x_wconf 89' lang='lat' dir='ltr'><strong>et</strong></span> <span class='ocrx_word' id='word_1_156' title='bbox 306 1499 396 1559; x_wconf 88' lang='lat' dir='ltr'><strong>rebus</strong></span> <span class='ocrx_word' id='word_1_157' title='bbox 417 1498 484 1559; x_wconf 88' lang='lat' dir='ltr'><strong>aliis</strong></span> <span class='ocrx_word' id='word_1_158' title='bbox 506 1494 625 1558; x_wconf 89' lang='lat' dir='ltr'><strong>abunde</strong></span> <span class='ocrx_word' id='word_1_159' title='bbox 644 1497 789 1556; x_wconf 90' lang='lat' dir='ltr'><strong>instructi.</strong></span> <span class='ocrx_word' id='word_1_160' title='bbox 820 1495 864 1555; x_wconf 92' lang='lat' dir='ltr'><strong>lbi</strong></span> <span class='ocrx_word' id='word_1_161' title='bbox 924 1495 1147 1558; x_wconf 85' lang='lat' dir='ltr'><strong>admirationem</strong></span> <span class='ocrx_word' id='word_1_162' title='bbox 1174 1516 1308 1576; x_wconf 87' lang='lat' dir='ltr'><strong>magnam</strong></span> <span class='ocrx_word' id='word_1_163' title='bbox 1335 1499 1433 1572; x_wconf 79' lang='lat' dir='ltr'><strong>sunit,</strong></span> <span class='ocrx_word' id='word_1_164' title='bbox 1462 1496 1542 1579; x_wconf 91' lang='lat' dir='ltr'><strong>quud</strong></span> <span class='ocrx_word' id='word_1_165' title='bbox 1570 1494 1669 1556; x_wconf 88' lang='lat' dir='ltr'><strong>bostis</strong></span> <span class='ocrx_word' id='word_1_166' title='bbox 1701 1494 1731 1553; x_wconf 95' lang='lat' dir='ltr'><strong>in</strong></span> 
     </span>
     <span class='ocr_line' id='line_1_15' title="bbox 58 1585 1733 1672; baseline -0.004 -20"><span class='ocrx_word' id='word_1_167' title='bbox 58 1592 170 1672; x_wconf 88' lang='lat' dir='ltr'><strong>aliquot</strong></span> <span class='ocrx_word' id='word_1_168' title='bbox 199 1592 306 1652; x_wconf 89' lang='lat' dir='ltr'><strong>diebus</strong></span> <span class='ocrx_word' id='word_1_169' title='bbox 335 1594 365 1652; x_wconf 93' lang='lat' dir='ltr'><strong>in</strong></span> <span class='ocrx_word' id='word_1_170' title='bbox 394 1592 578 1652; x_wconf 73' lang='lat' dir='ltr'><strong>recreatione</strong></span> <span class='ocrx_word' id='word_1_171' title='bbox 608 1600 640 1650; x_wconf 88' lang='lat' dir='ltr'><strong>ot</strong></span> <span class='ocrx_word' id='word_1_172' title='bbox 669 1589 770 1668; x_wconf 89' lang='lat' dir='ltr'><strong>quiete</strong></span> <span class='ocrx_word' id='word_1_173' title='bbox 795 1607 863 1648; x_wconf 90' lang='lat' dir='ltr'><strong>con·</strong></span> <span class='ocrx_word' id='word_1_174' title='bbox 924 1591 1080 1669; x_wconf 84' lang='lat' dir='ltr'><strong>peregrina</strong></span> <span class='ocrx_word' id='word_1_175' title='bbox 1107 1592 1231 1670; x_wconf 89' lang='lat' dir='ltr'><strong>regione</strong></span> <span class='ocrx_word' id='word_1_176' title='bbox 1255 1596 1337 1651; x_wconf 84' lang='lat' dir='ltr'><strong>tanta</strong></span> <span class='ocrx_word' id='word_1_177' title='bbox 1360 1589 1488 1651; x_wconf 75' lang='lat' dir='ltr'><strong>suthria</strong></span> <span class='ocrx_word' id='word_1_178' title='bbox 1514 1595 1627 1651; x_wconf 72' lang='lat' dir='ltr'><strong>tantun</strong></span> <span class='ocrx_word' id='word_1_179' title='bbox 1647 1585 1733 1647; x_wconf 86' lang='lat' dir='ltr'><strong>Prin·</strong></span> 
     </span>
     <span class='ocr_line' id='line_1_16' title="bbox 58 1680 1731 1766; baseline -0.002 -21"><span class='ocrx_word' id='word_1_180' title='bbox 58 1686 181 1759; x_wconf 82' lang='lat' dir='ltr'><strong>suariis,</strong></span> <span class='ocrx_word' id='word_1_181' title='bbox 210 1704 230 1745; x_wconf 90' lang='lat' dir='ltr'><strong>a</strong></span> <span class='ocrx_word' id='word_1_182' title='bbox 256 1684 390 1745; x_wconf 87' lang='lat' dir='ltr'><strong>Basilide</strong></span> <span class='ocrx_word' id='word_1_183' title='bbox 420 1686 543 1745; x_wconf 90' lang='lat' dir='ltr'><strong>nautius</strong></span> <span class='ocrx_word' id='word_1_184' title='bbox 568 1684 663 1753; x_wconf 87' lang='lat' dir='ltr'><strong>renit,</strong></span> <span class='ocrx_word' id='word_1_185' title='bbox 691 1683 742 1762; x_wconf 90' lang='lat' dir='ltr'><strong>qui</strong></span> <span class='ocrx_word' id='word_1_186' title='bbox 767 1680 863 1761; x_wconf 81' lang='lat' dir='ltr'><strong>Lopa-</strong></span> <span class='ocrx_word' id='word_1_187' title='bbox 924 1683 1020 1763; x_wconf 83' lang='lat' dir='ltr'><strong>uipera</strong></span> <span class='ocrx_word' id='word_1_188' title='bbox 1052 1683 1153 1745; x_wconf 78' lang='lat' dir='ltr'><strong>verbis</strong></span> <span class='ocrx_word' id='word_1_189' title='bbox 1186 1684 1389 1766; x_wconf 85' lang='lat' dir='ltr'><strong>asperioribus</strong></span> <span class='ocrx_word' id='word_1_190' title='bbox 1420 1683 1598 1764; x_wconf 86' lang='lat' dir='ltr'><strong>conpellare</strong></span> <span class='ocrx_word' id='word_1_191' title='bbox 1634 1698 1731 1743; x_wconf 88' lang='lat' dir='ltr'><strong>ausus</strong></span> 
     </span>
     <span class='ocr_line' id='line_1_17' title="bbox 58 1772 1732 1858; baseline -0.001 -21"><span class='ocrx_word' id='word_1_192' title='bbox 58 1778 167 1838; x_wconf 73' lang='lat' dir='ltr'><strong>nascio</strong></span> <span class='ocrx_word' id='word_1_193' title='bbox 191 1779 384 1856; x_wconf 84' lang='lat' dir='ltr'><strong>signiticaret,</strong></span> <span class='ocrx_word' id='word_1_194' title='bbox 406 1779 434 1838; x_wconf 84' lang='lat' dir='ltr'><strong>si</strong></span> <span class='ocrx_word' id='word_1_195' title='bbox 454 1778 520 1838; x_wconf 91' lang='lat' dir='ltr'><strong>sine</strong></span> <span class='ocrx_word' id='word_1_196' title='bbox 539 1776 672 1856; x_wconf 92' lang='lat' dir='ltr'><strong>periculo</strong></span> <span class='ocrx_word' id='word_1_197' title='bbox 693 1777 722 1835; x_wconf 92' lang='lat' dir='ltr'><strong>in</strong></span> <span class='ocrx_word' id='word_1_198' title='bbox 743 1776 863 1853; x_wconf 88' lang='lat' dir='ltr'><strong>regione</strong></span> <span class='ocrx_word' id='word_1_199' title='bbox 924 1775 1042 1837; x_wconf 66' lang='lat' dir='ltr'><strong>iubent.</strong></span> <span class='ocrx_word' id='word_1_200' title='bbox 1081 1776 1208 1838; x_wconf 78' lang='lat' dir='ltr'><strong>Dixerat</strong></span> <span class='ocrx_word' id='word_1_201' title='bbox 1220 1777 1448 1858; x_wconf 77' lang='lat' dir='ltr'><strong>bopatinscius,</strong></span> <span class='ocrx_word' id='word_1_202' title='bbox 1467 1782 1500 1835; x_wconf 92' lang='lat' dir='ltr'><strong>ut</strong></span> <span class='ocrx_word' id='word_1_203' title='bbox 1518 1773 1672 1837; x_wconf 82' lang='lat' dir='ltr'><strong>Basilides</strong></span> <span class='ocrx_word' id='word_1_204' title='bbox 1693 1772 1732 1835; x_wconf 86' lang='lat' dir='ltr'><strong>de</strong></span> 
     </span>
     <span class='ocr_line' id='line_1_18' title="bbox 59 1866 1732 1954; baseline -0.004 -24"><span class='ocrx_word' id='word_1_205' title='bbox 59 1872 162 1949; x_wconf 81' lang='lat' dir='ltr'><strong>llagni</strong></span> <span class='ocrx_word' id='word_1_206' title='bbox 183 1870 280 1931; x_wconf 90' lang='lat' dir='ltr'><strong>Ducis</strong></span> <span class='ocrx_word' id='word_1_207' title='bbox 299 1871 428 1946; x_wconf 83' lang='lat' dir='ltr'><strong>versari,</strong></span> <span class='ocrx_word' id='word_1_208' title='bbox 447 1872 505 1930; x_wconf 93' lang='lat' dir='ltr'><strong>imo</strong></span> <span class='ocrx_word' id='word_1_209' title='bbox 525 1871 552 1929; x_wconf 91' lang='lat' dir='ltr'><strong>si</strong></span> <span class='ocrx_word' id='word_1_210' title='bbox 573 1870 674 1929; x_wconf 84' lang='lat' dir='ltr'><strong>rivere</strong></span> <span class='ocrx_word' id='word_1_211' title='bbox 692 1868 797 1939; x_wconf 83' lang='lat' dir='ltr'><strong>vellet,</strong></span> <span class='ocrx_word' id='word_1_212' title='bbox 824 1887 863 1929; x_wconf 88' lang='lat' dir='ltr'><strong>uu</strong></span> <span class='ocrx_word' id='word_1_213' title='bbox 924 1869 1015 1930; x_wconf 89' lang='lat' dir='ltr'><strong>illatis</strong></span> <span class='ocrx_word' id='word_1_214' title='bbox 1032 1871 1150 1954; x_wconf 85' lang='lat' dir='ltr'><strong>injuriis</strong></span> <span class='ocrx_word' id='word_1_215' title='bbox 1158 1870 1235 1950; x_wconf 86' lang='lat' dir='ltr'><strong>liegi</strong></span> <span class='ocrx_word' id='word_1_216' title='bbox 1256 1869 1453 1941; x_wconf 85' lang='lat' dir='ltr'><strong>satistaeeret,</strong></span> <span class='ocrx_word' id='word_1_217' title='bbox 1473 1888 1528 1929; x_wconf 89' lang='lat' dir='ltr'><strong>neu</strong></span> <span class='ocrx_word' id='word_1_218' title='bbox 1547 1866 1672 1929; x_wconf 82' lang='lat' dir='ltr'><strong>Polunie</strong></span> <span class='ocrx_word' id='word_1_219' title='bbox 1690 1866 1732 1925; x_wconf 93' lang='lat' dir='ltr'><strong>in-</strong></span> 
     </span>
     <span class='ocr_line' id='line_1_19' title="bbox 58 1960 1730 2042; baseline -0.003 -19"><span class='ocrx_word' id='word_1_220' title='bbox 58 1983 124 2024; x_wconf 87' lang='lat' dir='ltr'><strong>carn</strong></span> <span class='ocrx_word' id='word_1_221' title='bbox 141 1965 254 2024; x_wconf 86' lang='lat' dir='ltr'><strong>&#39;stricto</strong></span> <span class='ocrx_word' id='word_1_222' title='bbox 278 1964 402 2024; x_wconf 88' lang='lat' dir='ltr'><strong>auinaue</strong></span> <span class='ocrx_word' id='word_1_223' title='bbox 427 1963 526 2024; x_wconf 84' lang='lat' dir='ltr'><strong>aulam</strong></span> <span class='ocrx_word' id='word_1_224' title='bbox 555 1961 764 2041; x_wconf 79' lang='lat' dir='ltr'><strong>ingrederetur.</strong></span> <span class='ocrx_word' id='word_1_225' title='bbox 803 1960 863 2022; x_wconf 84' lang='lat' dir='ltr'><strong>Re·</strong></span> <span class='ocrx_word' id='word_1_226' title='bbox 923 1963 1076 2041; x_wconf 81' lang='lat' dir='ltr'><strong>gradiendi</strong></span> <span class='ocrx_word' id='word_1_227' title='bbox 1101 1963 1287 2025; x_wconf 78' lang='lat' dir='ltr'><strong>Messeniam</strong></span> <span class='ocrx_word' id='word_1_228' title='bbox 1313 1964 1523 2024; x_wconf 69' lang='lat' dir='ltr'><strong>necesdtatusr</strong></span> <span class='ocrx_word' id='word_1_229' title='bbox 1553 1963 1730 2042; x_wconf 77' lang='lat' dir='ltr'><strong>inponeret.</strong></span> 
     </span>
     <span class='ocr_line' id='line_1_20' title="bbox 58 2053 1731 2138; baseline -0.002 -22"><span class='ocrx_word' id='word_1_230' title='bbox 58 2056 179 2137; x_wconf 84' lang='lat' dir='ltr'><strong>spondit</strong></span> <span class='ocrx_word' id='word_1_231' title='bbox 209 2056 434 2138; x_wconf 86' lang='lat' dir='ltr'><strong>Lopatinsuius,</strong></span> <span class='ocrx_word' id='word_1_232' title='bbox 457 2077 494 2117; x_wconf 91' lang='lat' dir='ltr'><strong>se</strong></span> <span class='ocrx_word' id='word_1_233' title='bbox 525 2076 544 2116; x_wconf 92' lang='lat' dir='ltr'><strong>a</strong></span> <span class='ocrx_word' id='word_1_234' title='bbox 574 2054 685 2134; x_wconf 85' lang='lat' dir='ltr'><strong>blegne</strong></span> <span class='ocrx_word' id='word_1_235' title='bbox 714 2053 801 2115; x_wconf 86' lang='lat' dir='ltr'><strong>Duce</strong></span> <span class='ocrx_word' id='word_1_236' title='bbox 833 2060 864 2114; x_wconf 90' lang='lat' dir='ltr'><strong>et</strong></span> <span class='ocrx_word' id='word_1_237' title='bbox 923 2056 976 2117; x_wconf 92' lang='lat' dir='ltr'><strong>lile</strong></span> <span class='ocrx_word' id='word_1_238' title='bbox 1013 2078 1051 2118; x_wconf 84' lang='lat' dir='ltr'><strong>ex</strong></span> <span class='ocrx_word' id='word_1_239' title='bbox 1087 2056 1216 2137; x_wconf 86' lang='lat' dir='ltr'><strong>epistola</strong></span> <span class='ocrx_word' id='word_1_240' title='bbox 1236 2062 1364 2116; x_wconf 85' lang='lat' dir='ltr'><strong>mentem</strong></span> <span class='ocrx_word' id='word_1_241' title='bbox 1384 2056 1482 2134; x_wconf 84' lang='lat' dir='ltr'><strong>Regis</strong></span> <span class='ocrx_word' id='word_1_242' title='bbox 1514 2054 1731 2121; x_wconf 84' lang='lat' dir='ltr'><strong>intellecturus,</strong></span> 
     </span>
     <span class='ocr_line' id='line_1_21' title="bbox 59 2147 1730 2231; baseline -0.004 -21"><span class='ocrx_word' id='word_1_243' title='bbox 59 2152 120 2212; x_wconf 86' lang='lat' dir='ltr'><strong>rita</strong></span> <span class='ocrx_word' id='word_1_244' title='bbox 140 2157 170 2210; x_wconf 85' lang='lat' dir='ltr'><strong>et</strong></span> <span class='ocrx_word' id='word_1_245' title='bbox 190 2149 315 2211; x_wconf 76' lang='lat' dir='ltr'><strong>fortunis</strong></span> <span class='ocrx_word' id='word_1_246' title='bbox 341 2151 448 2229; x_wconf 83' lang='lat' dir='ltr'><strong>privari</strong></span> <span class='ocrx_word' id='word_1_247' title='bbox 472 2169 580 2229; x_wconf 89' lang='lat' dir='ltr'><strong>posse,</strong></span> <span class='ocrx_word' id='word_1_248' title='bbox 609 2154 640 2208; x_wconf 89' lang='lat' dir='ltr'><strong>et</strong></span> <span class='ocrx_word' id='word_1_249' title='bbox 658 2155 692 2208; x_wconf 91' lang='lat' dir='ltr'><strong>ut</strong></span> <span class='ocrx_word' id='word_1_250' title='bbox 710 2147 768 2209; x_wconf 87' lang='lat' dir='ltr'><strong>boe</strong></span> <span class='ocrx_word' id='word_1_251' title='bbox 788 2167 863 2208; x_wconf 88' lang='lat' dir='ltr'><strong>sane</strong></span> <span class='ocrx_word' id='word_1_252' title='bbox 923 2149 1079 2210; x_wconf 81' lang='lat' dir='ltr'><strong>admodum</strong></span> <span class='ocrx_word' id='word_1_253' title='bbox 1105 2148 1215 2231; x_wconf 90' lang='lat' dir='ltr'><strong>onpide</strong></span> <span class='ocrx_word' id='word_1_254' title='bbox 1239 2170 1305 2211; x_wconf 79' lang='grc' dir='ltr'>οιιι</span> <span class='ocrx_word' id='word_1_255' title='bbox 1331 2148 1506 2227; x_wconf 79' lang='lat' dir='ltr'><strong>resignarit3</strong></span> <span class='ocrx_word' id='word_1_256' title='bbox 1542 2152 1605 2208; x_wconf 86' lang='lat' dir='ltr'><strong>erut</strong></span> <span class='ocrx_word' id='word_1_257' title='bbox 1630 2151 1730 2207; x_wconf 76' lang='lat' dir='ltr'><strong>auten</strong></span> 
     </span>
     <span class='ocr_line' id='line_1_22' title="bbox 59 2238 1729 2324; baseline -0.002 -21"><span class='ocrx_word' id='word_1_258' title='bbox 59 2242 274 2324; x_wconf 86' lang='lat' dir='ltr'><strong>expectandum</strong></span> <span class='ocrx_word' id='word_1_259' title='bbox 301 2243 356 2315; x_wconf 92' lang='lat' dir='ltr'><strong>sit,</strong></span> <span class='ocrx_word' id='word_1_260' title='bbox 381 2262 417 2305; x_wconf 88' lang='lat' dir='ltr'><strong>se</strong></span> <span class='ocrx_word' id='word_1_261' title='bbox 441 2247 540 2303; x_wconf 83' lang='lat' dir='ltr'><strong>tanen</strong></span> <span class='ocrx_word' id='word_1_262' title='bbox 565 2262 585 2304; x_wconf 90' lang='lat' dir='ltr'><strong>s</strong></span> <span class='ocrx_word' id='word_1_263' title='bbox 609 2240 746 2302; x_wconf 87' lang='lat' dir='ltr'><strong>mandato</strong></span> <span class='ocrx_word' id='word_1_264' title='bbox 765 2240 864 2319; x_wconf 84' lang='lat' dir='ltr'><strong>Regis</strong></span> <span class='ocrx_word' id='word_1_265' title='bbox 922 2240 1092 2303; x_wconf 83' lang='lat' dir='ltr'><strong>Rutbunice</strong></span> <span class='ocrx_word' id='word_1_266' title='bbox 1111 2262 1250 2304; x_wconf 82' lang='lat' dir='ltr'><strong>aenaeae</strong></span> <span class='ocrx_word' id='word_1_267' title='bbox 1271 2243 1453 2322; x_wconf 84' lang='lat' dir='ltr'><strong>conscripta,</strong></span> <span class='ocrx_word' id='word_1_268' title='bbox 1472 2243 1558 2324; x_wconf 83' lang='lat' dir='ltr'><strong>enjus</strong></span> <span class='ocrx_word' id='word_1_269' title='bbox 1579 2238 1729 2322; x_wconf 85' lang='lat' dir='ltr'><strong>pustulata</strong></span> 
     </span>
     <span class='ocr_line' id='line_1_23' title="bbox 55 2333 1113 2413; baseline -0.001 -18"><span class='ocrx_word' id='word_1_270' title='bbox 55 2337 109 2396; x_wconf 84' lang='lat' dir='ltr'><strong>sui</strong></span> <span class='ocrx_word' id='word_1_271' title='bbox 155 2335 194 2397; x_wconf 92' lang='lat' dir='ltr'><strong>ad</strong></span> <span class='ocrx_word' id='word_1_272' title='bbox 238 2335 330 2395; x_wconf 88' lang='lat' dir='ltr'><strong>latum</strong></span> <span class='ocrx_word' id='word_1_273' title='bbox 370 2355 498 2413; x_wconf 85' lang='lat' dir='ltr'><strong>unguem</strong></span> <span class='ocrx_word' id='word_1_274' title='bbox 544 2354 603 2395; x_wconf 91' lang='lat' dir='ltr'><strong>non</strong></span> <span class='ocrx_word' id='word_1_275' title='bbox 647 2333 862 2395; x_wconf 87' lang='lat' dir='ltr'><strong>discessurum.</strong></span> <span class='ocrx_word' id='word_1_276' title='bbox 924 2335 1000 2397; x_wconf 85' lang='lat' dir='ltr'><strong>baec</strong></span> <span class='ocrx_word' id='word_1_277' title='bbox 1019 2345 1113 2397; x_wconf 87' lang='lat' dir='ltr'><strong>erant.</strong></span> 
     </span>
    </p>

    <p class='ocr_par' dir='ltr' id='par_1_3' title="bbox 60 2414 864 2507">
     <span class='ocr_line' id='line_1_24' title="bbox 60 2414 864 2507; baseline -0.002 -19"><span class='ocrx_word' id='word_1_278' title='bbox 60 2429 209 2488; x_wconf 81' lang='lat' dir='ltr'><strong>Omnibus</strong></span> <span class='ocrx_word' id='word_1_279' title='bbox 239 2447 336 2506; x_wconf 88' lang='lat' dir='ltr'><strong>genna</strong></span> <span class='ocrx_word' id='word_1_280' title='bbox 365 2428 438 2488; x_wconf 91' lang='lat' dir='ltr'><strong>illud</strong></span> <span class='ocrx_word' id='word_1_281' title='bbox 465 2429 671 2507; x_wconf 86' lang='lat' dir='ltr'><strong>responsionis</strong></span> <span class='ocrx_word' id='word_1_282' title='bbox 702 2414 864 2506; x_wconf 79' lang='lat' dir='ltr'><strong>superbum</strong></span> 
     </span>
    </p>

    <p class='ocr_par' dir='ltr' id='par_1_4' title="bbox 53 2517 1737 5117">
     <span class='ocr_line' id='line_1_25' title="bbox 58 2517 1731 2602; baseline -0.001 -21"><span class='ocrx_word' id='word_1_283' title='bbox 58 2533 91 2581; x_wconf 88' lang='lat' dir='ltr'><strong>et</strong></span> <span class='ocrx_word' id='word_1_284' title='bbox 109 2520 294 2582; x_wconf 88' lang='lat' dir='ltr'><strong>intolerabile</strong></span> <span class='ocrx_word' id='word_1_285' title='bbox 313 2522 411 2582; x_wconf 85' lang='lat' dir='ltr'><strong>visum</strong></span> <span class='ocrx_word' id='word_1_286' title='bbox 430 2527 493 2595; x_wconf 87' lang='lat' dir='ltr'><strong>est,</strong></span> <span class='ocrx_word' id='word_1_287' title='bbox 522 2542 588 2582; x_wconf 88' lang='lat' dir='ltr'><strong>curn</strong></span> <span class='ocrx_word' id='word_1_288' title='bbox 614 2522 723 2582; x_wconf 82' lang='lat' dir='ltr'><strong>animis</strong></span> <span class='ocrx_word' id='word_1_289' title='bbox 747 2527 864 2602; x_wconf 88' lang='lat' dir='ltr'><strong>reputa·</strong></span> <span class='ocrx_word' id='word_1_290' title='bbox 998 2522 1140 2598; x_wconf 84' lang='lat' dir='ltr'><strong>Priorum,</strong></span> <span class='ocrx_word' id='word_1_291' title='bbox 1169 2534 1202 2584; x_wconf 92' lang='lat' dir='ltr'><strong>nt</strong></span> <span class='ocrx_word' id='word_1_292' title='bbox 1234 2520 1388 2584; x_wconf 86' lang='lat' dir='ltr'><strong>Basilides</strong></span> <span class='ocrx_word' id='word_1_293' title='bbox 1418 2518 1606 2583; x_wconf 87' lang='lat' dir='ltr'><strong>incommoda</strong></span> <span class='ocrx_word' id='word_1_294' title='bbox 1623 2517 1731 2598; x_wconf 85' lang='lat' dir='ltr'><strong>liegnu</strong></span> 
     </span>
     <span class='ocr_line' id='line_1_26' title="bbox 57 2608 1732 2697; baseline 0 -23"><span class='ocrx_word' id='word_1_295' title='bbox 57 2620 137 2686; x_wconf 87' lang='lat' dir='ltr'><strong>rent,</strong></span> <span class='ocrx_word' id='word_1_296' title='bbox 158 2621 188 2676; x_wconf 92' lang='lat' dir='ltr'><strong>et</strong></span> <span class='ocrx_word' id='word_1_297' title='bbox 212 2614 331 2694; x_wconf 82' lang='lat' dir='ltr'><strong>Regum</strong></span> <span class='ocrx_word' id='word_1_298' title='bbox 350 2634 421 2694; x_wconf 88' lang='lat' dir='ltr'><strong>erga</strong></span> <span class='ocrx_word' id='word_1_299' title='bbox 440 2635 477 2676; x_wconf 92' lang='lat' dir='ltr'><strong>se</strong></span> <span class='ocrx_word' id='word_1_300' title='bbox 496 2615 681 2697; x_wconf 80' lang='lat' dir='ltr'><strong>snperimrm</strong></span> <span class='ocrx_word' id='word_1_301' title='bbox 706 2614 865 2675; x_wconf 87' lang='lat' dir='ltr'><strong>observan-</strong></span> <span class='ocrx_word' id='word_1_302' title='bbox 923 2613 1068 2686; x_wconf 83' lang='lat' dir='ltr'><strong>Paioniau</strong></span> <span class='ocrx_word' id='word_1_303' title='bbox 1094 2615 1176 2676; x_wconf 89' lang='lat' dir='ltr'><strong>iilats</strong></span> <span class='ocrx_word' id='word_1_304' title='bbox 1202 2636 1282 2677; x_wconf 91' lang='lat' dir='ltr'><strong>nunc</strong></span> <span class='ocrx_word' id='word_1_305' title='bbox 1308 2614 1428 2679; x_wconf 88' lang='lat' dir='ltr'><strong>tandem</strong></span> <span class='ocrx_word' id='word_1_306' title='bbox 1452 2619 1566 2677; x_wconf 85' lang='lat' dir='ltr'><strong>sarcire</strong></span> <span class='ocrx_word' id='word_1_307' title='bbox 1585 2608 1732 2685; x_wconf 84' lang='lat' dir='ltr'><strong>studeret,</strong></span> 
     </span>
     <span class='ocr_line' id='line_1_27' title="bbox 57 2705 1732 2788; baseline -0.002 -21"><span class='ocrx_word' id='word_1_308' title='bbox 57 2711 145 2779; x_wconf 89' lang='lat' dir='ltr'><strong>tiam,</strong></span> <span class='ocrx_word' id='word_1_309' title='bbox 171 2714 203 2768; x_wconf 93' lang='lat' dir='ltr'><strong>et</strong></span> <span class='ocrx_word' id='word_1_310' title='bbox 229 2710 375 2788; x_wconf 74' lang='lat' dir='ltr'><strong>insignem</strong></span> <span class='ocrx_word' id='word_1_311' title='bbox 400 2709 577 2770; x_wconf 86' lang='lat' dir='ltr'><strong>tumultibus</strong></span> <span class='ocrx_word' id='word_1_312' title='bbox 602 2708 718 2768; x_wconf 86' lang='lat' dir='ltr'><strong>bellicis</strong></span> <span class='ocrx_word' id='word_1_313' title='bbox 739 2706 865 2787; x_wconf 87' lang='lat' dir='ltr'><strong>trepida·</strong></span> <span class='ocrx_word' id='word_1_314' title='bbox 924 2717 1007 2769; x_wconf 90' lang='lat' dir='ltr'><strong>tanta</strong></span> <span class='ocrx_word' id='word_1_315' title='bbox 1033 2712 1112 2769; x_wconf 91' lang='lat' dir='ltr'><strong>enim</strong></span> <span class='ocrx_word' id='word_1_316' title='bbox 1138 2718 1248 2772; x_wconf 86' lang='lat' dir='ltr'><strong>ettam</strong></span> <span class='ocrx_word' id='word_1_317' title='bbox 1268 2729 1375 2788; x_wconf 84' lang='lat' dir='ltr'><strong>magna</strong></span> <span class='ocrx_word' id='word_1_318' title='bbox 1395 2728 1466 2771; x_wconf 86' lang='lat' dir='ltr'><strong>esse</strong></span> <span class='ocrx_word' id='word_1_319' title='bbox 1486 2730 1537 2780; x_wconf 86' lang='lat' dir='ltr'><strong>es,</strong></span> <span class='ocrx_word' id='word_1_320' title='bbox 1557 2716 1592 2768; x_wconf 91' lang='lat' dir='ltr'><strong>ut</strong></span> <span class='ocrx_word' id='word_1_321' title='bbox 1609 2705 1732 2769; x_wconf 88' lang='lat' dir='ltr'><strong>tolerari</strong></span> 
     </span>
     <span class='ocr_line' id='line_1_28' title="bbox 58 2796 1737 2883; baseline -0.001 -22"><span class='ocrx_word' id='word_1_322' title='bbox 58 2803 183 2870; x_wconf 89' lang='lat' dir='ltr'><strong>tionesr,</strong></span> <span class='ocrx_word' id='word_1_323' title='bbox 212 2807 243 2861; x_wconf 92' lang='lat' dir='ltr'><strong>et</strong></span> <span class='ocrx_word' id='word_1_324' title='bbox 269 2801 480 2863; x_wconf 73' lang='lat' dir='ltr'><strong>lor-idsbiiem</strong></span> <span class='ocrx_word' id='word_1_325' title='bbox 499 2801 603 2879; x_wconf 89' lang='lat' dir='ltr'><strong>lilagni</strong></span> <span class='ocrx_word' id='word_1_326' title='bbox 622 2800 717 2861; x_wconf 87' lang='lat' dir='ltr'><strong>Ducis</strong></span> <span class='ocrx_word' id='word_1_327' title='bbox 735 2804 864 2878; x_wconf 85' lang='lat' dir='ltr'><strong>potesta·</strong></span> <span class='ocrx_word' id='word_1_328' title='bbox 926 2802 1052 2881; x_wconf 86' lang='lat' dir='ltr'><strong>amplius</strong></span> <span class='ocrx_word' id='word_1_329' title='bbox 1077 2800 1157 2863; x_wconf 92' lang='lat' dir='ltr'><strong>nulio</strong></span> <span class='ocrx_word' id='word_1_330' title='bbox 1184 2801 1272 2863; x_wconf 84' lang='lat' dir='ltr'><strong>morlo</strong></span> <span class='ocrx_word' id='word_1_331' title='bbox 1299 2804 1429 2883; x_wconf 84' lang='lat' dir='ltr'><strong>possiet.</strong></span> <span class='ocrx_word' id='word_1_332' title='bbox 1478 2798 1595 2861; x_wconf 80' lang='lat' dir='ltr'><strong>Deinde</strong></span> <span class='ocrx_word' id='word_1_333' title='bbox 1622 2796 1737 2859; x_wconf 59' lang='lat' dir='ltr'><strong>bellu}</strong></span> 
     </span>
     <span class='ocr_line' id='line_1_29' title="bbox 58 2890 1732 2972; baseline -0.002 -20"><span class='ocrx_word' id='word_1_334' title='bbox 58 2903 135 2964; x_wconf 90' lang='lat' dir='ltr'><strong>tem,</strong></span> <span class='ocrx_word' id='word_1_335' title='bbox 164 2912 242 2972; x_wconf 89' lang='lat' dir='ltr'><strong>quae</strong></span> <span class='ocrx_word' id='word_1_336' title='bbox 268 2893 413 2954; x_wconf 84' lang='lat' dir='ltr'><strong>hactenus</strong></span> <span class='ocrx_word' id='word_1_337' title='bbox 440 2896 570 2954; x_wconf 85' lang='lat' dir='ltr'><strong>omniurn</strong></span> <span class='ocrx_word' id='word_1_338' title='bbox 599 2894 713 2953; x_wconf 80' lang='lat' dir='ltr'><strong>anisius</strong></span> <span class='ocrx_word' id='word_1_339' title='bbox 744 2890 864 2952; x_wconf 90' lang='lat' dir='ltr'><strong>borrure</strong></span> <span class='ocrx_word' id='word_1_340' title='bbox 926 2893 967 2953; x_wconf 91' lang='lat' dir='ltr'><strong>iili</strong></span> <span class='ocrx_word' id='word_1_341' title='bbox 989 2893 1188 2969; x_wconf 84' lang='lat' dir='ltr'><strong>marrilestunr,</strong></span> <span class='ocrx_word' id='word_1_342' title='bbox 1209 2895 1268 2956; x_wconf 87' lang='lat' dir='ltr'><strong>nisi</strong></span> <span class='ocrx_word' id='word_1_343' title='bbox 1287 2899 1330 2956; x_wconf 87' lang='lat' dir='ltr'><strong>ita</strong></span> <span class='ocrx_word' id='word_1_344' title='bbox 1352 2893 1481 2968; x_wconf 82' lang='lat' dir='ltr'><strong>iaceret,</strong></span> <span class='ocrx_word' id='word_1_345' title='bbox 1503 2891 1680 2961; x_wconf 85' lang='lat' dir='ltr'><strong>minabatur,</strong></span> <span class='ocrx_word' id='word_1_346' title='bbox 1699 2896 1732 2949; x_wconf 88' lang='lat' dir='ltr'><strong>et</strong></span> 
     </span>
     <span class='ocr_line' id='line_1_30' title="bbox 58 2980 1732 3068; baseline 0 -23"><span class='ocrx_word' id='word_1_347' title='bbox 58 2987 279 3065; x_wconf 85' lang='lat' dir='ltr'><strong>perstrinxerat.</strong></span> <span class='ocrx_word' id='word_1_348' title='bbox 321 2985 646 3067; x_wconf 78' lang='lat' dir='ltr'><strong>Lapatinsuiustanen</strong></span> <span class='ocrx_word' id='word_1_349' title='bbox 667 2987 695 3044; x_wconf 94' lang='lat' dir='ltr'><strong>in</strong></span> <span class='ocrx_word' id='word_1_350' title='bbox 717 2985 864 3045; x_wconf 89' lang='lat' dir='ltr'><strong>sententia</strong></span> <span class='ocrx_word' id='word_1_351' title='bbox 925 3005 1011 3047; x_wconf 86' lang='lat' dir='ltr'><strong>snam</strong></span> <span class='ocrx_word' id='word_1_352' title='bbox 1037 2991 1203 3067; x_wconf 89' lang='lat' dir='ltr'><strong>potentium</strong></span> <span class='ocrx_word' id='word_1_353' title='bbox 1230 2997 1261 3050; x_wconf 87' lang='lat' dir='ltr'><strong>et</strong></span> <span class='ocrx_word' id='word_1_354' title='bbox 1285 3008 1361 3068; x_wconf 87' lang='lat' dir='ltr'><strong>opes</strong></span> <span class='ocrx_word' id='word_1_355' title='bbox 1387 2984 1602 3067; x_wconf 73' lang='lat' dir='ltr'><strong>exaggerabat,</strong></span> <span class='ocrx_word' id='word_1_356' title='bbox 1623 2980 1732 3065; x_wconf 85' lang='lat' dir='ltr'><strong>quibus</strong></span> 
     </span>
     <span class='ocr_line' id='line_1_31' title="bbox 58 3076 1732 3162; baseline 0 -25"><span class='ocrx_word' id='word_1_357' title='bbox 58 3080 239 3158; x_wconf 89' lang='lat' dir='ltr'><strong>permansit,</strong></span> <span class='ocrx_word' id='word_1_358' title='bbox 271 3077 489 3159; x_wconf 79' lang='lat' dir='ltr'><strong>prudenterque</strong></span> <span class='ocrx_word' id='word_1_359' title='bbox 518 3084 549 3141; x_wconf 88' lang='lat' dir='ltr'><strong>et</strong></span> <span class='ocrx_word' id='word_1_360' title='bbox 576 3078 774 3139; x_wconf 86' lang='lat' dir='ltr'><strong>disertissime</strong></span> <span class='ocrx_word' id='word_1_361' title='bbox 803 3098 865 3140; x_wconf 89' lang='lat' dir='ltr'><strong>nra·</strong></span> <span class='ocrx_word' id='word_1_362' title='bbox 925 3077 1095 3142; x_wconf 73' lang='lat' dir='ltr'><strong>confidebat</strong></span> <span class='ocrx_word' id='word_1_363' title='bbox 1105 3079 1243 3153; x_wconf 83' lang='lat' dir='ltr'><strong>futurum,</strong></span> <span class='ocrx_word' id='word_1_364' title='bbox 1262 3084 1290 3142; x_wconf 92' lang='lat' dir='ltr'><strong>si</strong></span> <span class='ocrx_word' id='word_1_365' title='bbox 1300 3081 1424 3142; x_wconf 83' lang='lat' dir='ltr'><strong>blesens</strong></span> <span class='ocrx_word' id='word_1_366' title='bbox 1445 3083 1474 3141; x_wconf 95' lang='lat' dir='ltr'><strong>in</strong></span> <span class='ocrx_word' id='word_1_367' title='bbox 1487 3081 1612 3162; x_wconf 88' lang='lat' dir='ltr'><strong>pristino</strong></span> <span class='ocrx_word' id='word_1_368' title='bbox 1633 3076 1732 3140; x_wconf 88' lang='lat' dir='ltr'><strong>iurore</strong></span> 
     </span>
     <span class='ocr_line' id='line_1_32' title="bbox 59 3170 1732 3257; baseline 0.002 -27"><span class='ocrx_word' id='word_1_369' title='bbox 59 3171 122 3232; x_wconf 92' lang='lat' dir='ltr'><strong>neri</strong></span> <span class='ocrx_word' id='word_1_370' title='bbox 152 3172 209 3232; x_wconf 88' lang='lat' dir='ltr'><strong>sibi</strong></span> <span class='ocrx_word' id='word_1_371' title='bbox 241 3173 401 3233; x_wconf 69' lang='lat' dir='ltr'><strong>eum-isso</strong></span> <span class='ocrx_word' id='word_1_372' title='bbox 431 3173 591 3233; x_wconf 87' lang='lat' dir='ltr'><strong>satisteeit.</strong></span> <span class='ocrx_word' id='word_1_373' title='bbox 642 3170 720 3234; x_wconf 79' lang='lat' dir='ltr'><strong>Post</strong></span> <span class='ocrx_word' id='word_1_374' title='bbox 751 3172 867 3252; x_wconf 87' lang='lat' dir='ltr'><strong>aliquot</strong></span> <span class='ocrx_word' id='word_1_375' title='bbox 927 3183 1124 3254; x_wconf 85' lang='lat' dir='ltr'><strong>permaneret,</strong></span> <span class='ocrx_word' id='word_1_376' title='bbox 1144 3183 1178 3237; x_wconf 90' lang='lat' dir='ltr'><strong>ut</strong></span> <span class='ocrx_word' id='word_1_377' title='bbox 1198 3177 1278 3257; x_wconf 87' lang='lat' dir='ltr'><strong>impii</strong></span> <span class='ocrx_word' id='word_1_378' title='bbox 1299 3182 1330 3235; x_wconf 90' lang='lat' dir='ltr'><strong>et</strong></span> <span class='ocrx_word' id='word_1_379' title='bbox 1348 3173 1488 3235; x_wconf 85' lang='lat' dir='ltr'><strong>seelersti</strong></span> <span class='ocrx_word' id='word_1_380' title='bbox 1510 3172 1659 3253; x_wconf 81' lang='lat' dir='ltr'><strong>Principis</strong></span> <span class='ocrx_word' id='word_1_381' title='bbox 1679 3188 1732 3233; x_wconf 83' lang='lat' dir='ltr'><strong>uo·</strong></span> 
     </span>
     <span class='ocr_line' id='line_1_33' title="bbox 58 3262 1733 3347; baseline 0 -25"><span class='ocrx_word' id='word_1_382' title='bbox 58 3262 167 3326; x_wconf 89' lang='lat' dir='ltr'><strong>deindo</strong></span> <span class='ocrx_word' id='word_1_383' title='bbox 188 3263 427 3340; x_wconf 86' lang='lat' dir='ltr'><strong>diesndrnissus,</strong></span> <span class='ocrx_word' id='word_1_384' title='bbox 447 3272 479 3325; x_wconf 90' lang='lat' dir='ltr'><strong>et</strong></span> <span class='ocrx_word' id='word_1_385' title='bbox 497 3267 526 3325; x_wconf 90' lang='lat' dir='ltr'><strong>ia</strong></span> <span class='ocrx_word' id='word_1_386' title='bbox 545 3272 682 3327; x_wconf 86' lang='lat' dir='ltr'><strong>senatum</strong></span> <span class='ocrx_word' id='word_1_387' title='bbox 693 3265 865 3347; x_wconf 87' lang='lat' dir='ltr'><strong>perductas,</strong></span> <span class='ocrx_word' id='word_1_388' title='bbox 925 3284 991 3327; x_wconf 85' lang='lat' dir='ltr'><strong>men</strong></span> <span class='ocrx_word' id='word_1_389' title='bbox 1013 3287 1049 3327; x_wconf 89' lang='lat' dir='ltr'><strong>ex</strong></span> <span class='ocrx_word' id='word_1_390' title='bbox 1068 3269 1146 3327; x_wconf 82' lang='lat' dir='ltr'><strong>ostri</strong></span> <span class='ocrx_word' id='word_1_391' title='bbox 1167 3266 1317 3329; x_wconf 85' lang='lat' dir='ltr'><strong>bominum</strong></span> <span class='ocrx_word' id='word_1_392' title='bbox 1337 3269 1480 3328; x_wconf 84' lang='lat' dir='ltr'><strong>memoris</strong></span> <span class='ocrx_word' id='word_1_393' title='bbox 1495 3265 1681 3338; x_wconf 81' lang='lat' dir='ltr'><strong>evelleretur,</strong></span> <span class='ocrx_word' id='word_1_394' title='bbox 1701 3270 1733 3323; x_wconf 92' lang='lat' dir='ltr'><strong>et</strong></span> 
     </span>
     <span class='ocr_line' id='line_1_34' title="bbox 58 3350 1732 3442; baseline -0.003 -22"><span class='ocrx_word' id='word_1_395' title='bbox 58 3366 92 3420; x_wconf 92' lang='lat' dir='ltr'><strong>ut</strong></span> <span class='ocrx_word' id='word_1_396' title='bbox 117 3358 293 3437; x_wconf 89' lang='lat' dir='ltr'><strong>legationem</strong></span> <span class='ocrx_word' id='word_1_397' title='bbox 319 3365 498 3436; x_wconf 87' lang='lat' dir='ltr'><strong>exponeret,</strong></span> <span class='ocrx_word' id='word_1_398' title='bbox 529 3378 594 3419; x_wconf 86' lang='lat' dir='ltr'><strong>eum</strong></span> <span class='ocrx_word' id='word_1_399' title='bbox 629 3359 865 3435; x_wconf 87' lang='lat' dir='ltr'><strong>interrogaretur,</strong></span> <span class='ocrx_word' id='word_1_400' title='bbox 907 3359 1088 3421; x_wconf 82' lang='lat' dir='ltr'><strong>&#39;Lironicae</strong></span> <span class='ocrx_word' id='word_1_401' title='bbox 1107 3363 1238 3422; x_wconf 78' lang='lat' dir='ltr'><strong>redonis</strong></span> <span class='ocrx_word' id='word_1_402' title='bbox 1258 3359 1386 3442; x_wconf 90' lang='lat' dir='ltr'><strong>popnlus</strong></span> <span class='ocrx_word' id='word_1_403' title='bbox 1405 3364 1437 3420; x_wconf 91' lang='lat' dir='ltr'><strong>in</strong></span> <span class='ocrx_word' id='word_1_404' title='bbox 1456 3358 1623 3420; x_wconf 84' lang='lat' dir='ltr'><strong>libertatem</strong></span> <span class='ocrx_word' id='word_1_405' title='bbox 1638 3350 1732 3417; x_wconf 83' lang='lat' dir='ltr'><strong>vindi·</strong></span> 
     </span>
     <span class='ocr_line' id='line_1_35' title="bbox 58 3446 1731 3534; baseline -0.002 -21"><span class='ocrx_word' id='word_1_406' title='bbox 58 3451 204 3530; x_wconf 86' lang='lat' dir='ltr'><strong>adquam</strong></span> <span class='ocrx_word' id='word_1_407' title='bbox 224 3452 337 3511; x_wconf 88' lang='lat' dir='ltr'><strong>missus</strong></span> <span class='ocrx_word' id='word_1_408' title='bbox 356 3457 455 3522; x_wconf 87' lang='lat' dir='ltr'><strong>esset,</strong></span> <span class='ocrx_word' id='word_1_409' title='bbox 482 3452 606 3512; x_wconf 80' lang='lat' dir='ltr'><strong>excelso</strong></span> <span class='ocrx_word' id='word_1_410' title='bbox 625 3452 723 3512; x_wconf 82' lang='lat' dir='ltr'><strong>anino</strong></span> <span class='ocrx_word' id='word_1_411' title='bbox 744 3472 865 3533; x_wconf 87' lang='lat' dir='ltr'><strong>respon·</strong></span> <span class='ocrx_word' id='word_1_412' title='bbox 926 3462 1051 3514; x_wconf 83' lang='lat' dir='ltr'><strong>caretur.</strong></span> <span class='ocrx_word' id='word_1_413' title='bbox 1100 3453 1286 3534; x_wconf 59' lang='lat' dir='ltr'><strong>liupatinscii</strong></span> <span class='ocrx_word' id='word_1_414' title='bbox 1312 3455 1484 3515; x_wconf 86' lang='lat' dir='ltr'><strong>internuntii</strong></span> <span class='ocrx_word' id='word_1_415' title='bbox 1510 3449 1599 3515; x_wconf 76' lang='lat' dir='ltr'><strong>ides</strong></span> <span class='ocrx_word' id='word_1_416' title='bbox 1626 3446 1731 3512; x_wconf 85' lang='lat' dir='ltr'><strong>cuniis·</strong></span> 
     </span>
     <span class='ocr_line' id='line_1_36' title="bbox 58 3542 1730 3627; baseline -0.001 -23"><span class='ocrx_word' id='word_1_417' title='bbox 58 3544 112 3615; x_wconf 88' lang='lat' dir='ltr'><strong>dit,</strong></span> <span class='ocrx_word' id='word_1_418' title='bbox 131 3562 166 3604; x_wconf 91' lang='lat' dir='ltr'><strong>se</strong></span> <span class='ocrx_word' id='word_1_419' title='bbox 186 3542 224 3603; x_wconf 92' lang='lat' dir='ltr'><strong>ad</strong></span> <span class='ocrx_word' id='word_1_420' title='bbox 245 3545 414 3605; x_wconf 83' lang='lat' dir='ltr'><strong>nniversam</strong></span> <span class='ocrx_word' id='word_1_421' title='bbox 432 3545 618 3605; x_wconf 72' lang='lat' dir='ltr'><strong>idosooriars</strong></span> <span class='ocrx_word' id='word_1_422' title='bbox 636 3546 760 3605; x_wconf 84' lang='lat' dir='ltr'><strong>nissum</strong></span> <span class='ocrx_word' id='word_1_423' title='bbox 781 3564 862 3606; x_wconf 89' lang='lat' dir='ltr'><strong>esse.</strong></span> <span class='ocrx_word' id='word_1_424' title='bbox 925 3545 1039 3617; x_wconf 75' lang='lat' dir='ltr'><strong>nabat,</strong></span> <span class='ocrx_word' id='word_1_425' title='bbox 1065 3555 1098 3606; x_wconf 93' lang='lat' dir='ltr'><strong>et</strong></span> <span class='ocrx_word' id='word_1_426' title='bbox 1121 3545 1268 3624; x_wconf 87' lang='lat' dir='ltr'><strong>gladium,</strong></span> <span class='ocrx_word' id='word_1_427' title='bbox 1288 3566 1374 3627; x_wconf 77' lang='lat' dir='ltr'><strong>ques</strong></span> <span class='ocrx_word' id='word_1_428' title='bbox 1394 3546 1445 3608; x_wconf 92' lang='lat' dir='ltr'><strong>illu</strong></span> <span class='ocrx_word' id='word_1_429' title='bbox 1467 3549 1497 3607; x_wconf 93' lang='lat' dir='ltr'><strong>in</strong></span> <span class='ocrx_word' id='word_1_430' title='bbox 1519 3545 1590 3609; x_wconf 92' lang='lat' dir='ltr'><strong>belii</strong></span> <span class='ocrx_word' id='word_1_431' title='bbox 1610 3545 1730 3624; x_wconf 83' lang='lat' dir='ltr'><strong>signum</strong></span> 
     </span>
     <span class='ocr_line' id='line_1_37' title="bbox 58 3636 1728 3718; baseline -0.002 -18"><span class='ocrx_word' id='word_1_432' title='bbox 58 3638 125 3700; x_wconf 82' lang='lat' dir='ltr'><strong>Neo</strong></span> <span class='ocrx_word' id='word_1_433' title='bbox 154 3639 231 3698; x_wconf 86' lang='lat' dir='ltr'><strong>enim</strong></span> <span class='ocrx_word' id='word_1_434' title='bbox 262 3636 320 3696; x_wconf 89' lang='lat' dir='ltr'><strong>boe</strong></span> <span class='ocrx_word' id='word_1_435' title='bbox 345 3637 453 3698; x_wconf 89' lang='lat' dir='ltr'><strong>bellum</strong></span> <span class='ocrx_word' id='word_1_436' title='bbox 478 3657 555 3718; x_wconf 89' lang='lat' dir='ltr'><strong>opus</strong></span> <span class='ocrx_word' id='word_1_437' title='bbox 581 3637 779 3715; x_wconf 85' lang='lat' dir='ltr'><strong>singulorum,</strong></span> <span class='ocrx_word' id='word_1_438' title='bbox 808 3636 865 3699; x_wconf 87' lang='lat' dir='ltr'><strong>sed</strong></span> <span class='ocrx_word' id='word_1_439' title='bbox 925 3638 1086 3712; x_wconf 86' lang='lat' dir='ltr'><strong>attulisset,</strong></span> <span class='ocrx_word' id='word_1_440' title='bbox 1106 3658 1163 3699; x_wconf 88' lang='lat' dir='ltr'><strong>suu</strong></span> <span class='ocrx_word' id='word_1_441' title='bbox 1183 3638 1491 3700; x_wconf 88' lang='lat' dir='ltr'><strong>cunsensnredditnnr</strong></span> <span class='ocrx_word' id='word_1_442' title='bbox 1513 3660 1584 3700; x_wconf 84' lang='lat' dir='ltr'><strong>esse</strong></span> <span class='ocrx_word' id='word_1_443' title='bbox 1595 3636 1728 3699; x_wconf 86' lang='lat' dir='ltr'><strong>dicebat.</strong></span> 
     </span>
     <span class='ocr_line' id='line_1_38' title="bbox 57 3728 1730 3811; baseline -0.001 -18"><span class='ocrx_word' id='word_1_444' title='bbox 57 3734 259 3795; x_wconf 79' lang='lat' dir='ltr'><strong>universorum</strong></span> <span class='ocrx_word' id='word_1_445' title='bbox 293 3730 432 3791; x_wconf 84' lang='lat' dir='ltr'><strong>laturum.</strong></span> <span class='ocrx_word' id='word_1_446' title='bbox 474 3728 550 3789; x_wconf 85' lang='lat' dir='ltr'><strong>Cum</strong></span> <span class='ocrx_word' id='word_1_447' title='bbox 578 3728 731 3808; x_wconf 88' lang='lat' dir='ltr'><strong>quadrigis</strong></span> <span class='ocrx_word' id='word_1_448' title='bbox 762 3730 793 3788; x_wconf 89' lang='lat' dir='ltr'><strong>in</strong></span> <span class='ocrx_word' id='word_1_449' title='bbox 820 3749 864 3789; x_wconf 90' lang='lat' dir='ltr'><strong>re·</strong></span> <span class='ocrx_word' id='word_1_450' title='bbox 924 3729 977 3792; x_wconf 82' lang='lat' dir='ltr'><strong>Ad</strong></span> <span class='ocrx_word' id='word_1_451' title='bbox 1000 3728 1177 3793; x_wconf 84' lang='lat' dir='ltr'><strong>tradendam</strong></span> <span class='ocrx_word' id='word_1_452' title='bbox 1205 3729 1314 3792; x_wconf 92' lang='lat' dir='ltr'><strong>deindo</strong></span> <span class='ocrx_word' id='word_1_453' title='bbox 1340 3733 1494 3795; x_wconf 82' lang='lat' dir='ltr'><strong>Lironiam</strong></span> <span class='ocrx_word' id='word_1_454' title='bbox 1516 3742 1546 3793; x_wconf 89' lang='lat' dir='ltr'><strong>et</strong></span> <span class='ocrx_word' id='word_1_455' title='bbox 1564 3728 1605 3792; x_wconf 88' lang='lat' dir='ltr'><strong>ad</strong></span> <span class='ocrx_word' id='word_1_456' title='bbox 1624 3746 1730 3811; x_wconf 86' lang='lat' dir='ltr'><strong>pacem</strong></span> 
     </span>
     <span class='ocr_line' id='line_1_39' title="bbox 56 3820 1731 3904; baseline -0.002 -19"><span class='ocrx_word' id='word_1_457' title='bbox 56 3827 134 3904; x_wconf 88' lang='lat' dir='ltr'><strong>gisra</strong></span> <span class='ocrx_word' id='word_1_458' title='bbox 164 3823 335 3894; x_wconf 88' lang='lat' dir='ltr'><strong>duceretur,</strong></span> <span class='ocrx_word' id='word_1_459' title='bbox 364 3821 438 3882; x_wconf 90' lang='lat' dir='ltr'><strong>eoeli</strong></span> <span class='ocrx_word' id='word_1_460' title='bbox 466 3821 562 3883; x_wconf 85' lang='lat' dir='ltr'><strong>iacies</strong></span> <span class='ocrx_word' id='word_1_461' title='bbox 593 3821 682 3882; x_wconf 87' lang='lat' dir='ltr'><strong>solito</strong></span> <span class='ocrx_word' id='word_1_462' title='bbox 713 3821 866 3883; x_wconf 77' lang='lat' dir='ltr'><strong>cmdidior</strong></span> <span class='ocrx_word' id='word_1_463' title='bbox 924 3826 1159 3903; x_wconf 82' lang='lat' dir='ltr'><strong>societatemque</strong></span> <span class='ocrx_word' id='word_1_464' title='bbox 1178 3822 1335 3885; x_wconf 88' lang='lat' dir='ltr'><strong>colendam</strong></span> <span class='ocrx_word' id='word_1_465' title='bbox 1354 3822 1520 3887; x_wconf 90' lang='lat' dir='ltr'><strong>Basilidem</strong></span> <span class='ocrx_word' id='word_1_466' title='bbox 1547 3820 1731 3891; x_wconf 71' lang='lat' dir='ltr'><strong>buriniacum,</strong></span> 
     </span>
     <span class='ocr_line' id='line_1_40' title="bbox 56 3912 1730 3995; baseline -0.002 -16"><span class='ocrx_word' id='word_1_467' title='bbox 56 3923 137 3991; x_wconf 88' lang='lat' dir='ltr'><strong>erat,</strong></span> <span class='ocrx_word' id='word_1_468' title='bbox 165 3934 340 3994; x_wconf 78' lang='lat' dir='ltr'><strong>canumque</strong></span> <span class='ocrx_word' id='word_1_469' title='bbox 366 3915 499 3974; x_wconf 76' lang='lat' dir='ltr'><strong>minister</strong></span> <span class='ocrx_word' id='word_1_470' title='bbox 523 3915 659 3975; x_wconf 86' lang='lat' dir='ltr'><strong>strictum</strong></span> <span class='ocrx_word' id='word_1_471' title='bbox 686 3914 814 3992; x_wconf 72' lang='lat' dir='ltr'><strong>gladiu-</strong></span> <span class='ocrx_word' id='word_1_472' title='bbox 834 3916 864 3975; x_wconf 93' lang='lat' dir='ltr'><strong>in</strong></span> <span class='ocrx_word' id='word_1_473' title='bbox 925 3924 956 3977; x_wconf 90' lang='lat' dir='ltr'><strong>et</strong></span> <span class='ocrx_word' id='word_1_474' title='bbox 979 3935 1084 3995; x_wconf 88' lang='lat' dir='ltr'><strong>pacesr</strong></span> <span class='ocrx_word' id='word_1_475' title='bbox 1111 3917 1200 3976; x_wconf 87' lang='lat' dir='ltr'><strong>etiam</strong></span> <span class='ocrx_word' id='word_1_476' title='bbox 1224 3928 1297 3977; x_wconf 90' lang='lat' dir='ltr'><strong>tunc</strong></span> <span class='ocrx_word' id='word_1_477' title='bbox 1320 3916 1401 3977; x_wconf 87' lang='lat' dir='ltr'><strong>busti</strong></span> <span class='ocrx_word' id='word_1_478' title='bbox 1427 3916 1556 3978; x_wconf 87' lang='lat' dir='ltr'><strong>libenter</strong></span> <span class='ocrx_word' id='word_1_479' title='bbox 1576 3912 1730 3977; x_wconf 72' lang='lat' dir='ltr'><strong>offerebat.</strong></span> 
     </span>
     <span class='ocr_line' id='line_1_41' title="bbox 56 4005 1731 4087; baseline -0.003 -13"><span class='ocrx_word' id='word_1_480' title='bbox 56 4030 146 4075; x_wconf 86' lang='lat' dir='ltr'><strong>aranu</strong></span> <span class='ocrx_word' id='word_1_481' title='bbox 166 4016 290 4087; x_wconf 85' lang='lat' dir='ltr'><strong>gestans</strong></span> <span class='ocrx_word' id='word_1_482' title='bbox 310 4006 561 4069; x_wconf 74' lang='lat' dir='ltr'><strong>anteambulabat.</strong></span> <span class='ocrx_word' id='word_1_483' title='bbox 582 4006 659 4068; x_wconf 81' lang='lat' dir='ltr'><strong>Turn</strong></span> <span class='ocrx_word' id='word_1_484' title='bbox 672 4027 742 4067; x_wconf 84' lang='lat' dir='ltr'><strong>reru</strong></span> <span class='ocrx_word' id='word_1_485' title='bbox 763 4028 864 4069; x_wconf 90' lang='lat' dir='ltr'><strong>rnuero</strong></span> <span class='ocrx_word' id='word_1_486' title='bbox 923 4006 1006 4070; x_wconf 61' lang='lat' dir='ltr'><strong>nunti</strong></span> <span class='ocrx_word' id='word_1_487' title='bbox 1030 4006 1089 4068; x_wconf 93' lang='lat' dir='ltr'><strong>sibi</strong></span> <span class='ocrx_word' id='word_1_488' title='bbox 1116 4012 1231 4087; x_wconf 88' lang='lat' dir='ltr'><strong>gratius</strong></span> <span class='ocrx_word' id='word_1_489' title='bbox 1258 4006 1323 4070; x_wconf 85' lang='lat' dir='ltr'><strong>iore</strong></span> <span class='ocrx_word' id='word_1_490' title='bbox 1348 4007 1516 4085; x_wconf 80' lang='lat' dir='ltr'><strong>affirmans,</strong></span> <span class='ocrx_word' id='word_1_491' title='bbox 1541 4029 1629 4087; x_wconf 75' lang='lat' dir='ltr'><strong>qna·</strong></span> <span class='ocrx_word' id='word_1_492' title='bbox 1648 4005 1731 4069; x_wconf 72' lang='lat' dir='ltr'><strong>illan</strong></span> 
     </span>
     <span class='ocr_line' id='line_1_42' title="bbox 55 4100 1731 4185; baseline -0.002 -20"><span class='ocrx_word' id='word_1_493' title='bbox 55 4104 149 4165; x_wconf 90' lang='lat' dir='ltr'><strong>radiis</strong></span> <span class='ocrx_word' id='word_1_494' title='bbox 170 4100 318 4162; x_wconf 89' lang='lat' dir='ltr'><strong>solaribus</strong></span> <span class='ocrx_word' id='word_1_495' title='bbox 331 4120 503 4179; x_wconf 90' lang='lat' dir='ltr'><strong>percussus,</strong></span> <span class='ocrx_word' id='word_1_496' title='bbox 522 4107 635 4161; x_wconf 87' lang='lat' dir='ltr'><strong>tanturn</strong></span> <span class='ocrx_word' id='word_1_497' title='bbox 657 4100 865 4181; x_wconf 78' lang='lat' dir='ltr'><strong>spectantibus</strong></span> <span class='ocrx_word' id='word_1_498' title='bbox 924 4120 1068 4163; x_wconf 74' lang='lat' dir='ltr'><strong>amorum</strong></span> <span class='ocrx_word' id='word_1_499' title='bbox 1081 4112 1113 4163; x_wconf 91' lang='lat' dir='ltr'><strong>et</strong></span> <span class='ocrx_word' id='word_1_500' title='bbox 1128 4100 1198 4163; x_wconf 89' lang='lat' dir='ltr'><strong>belli</strong></span> <span class='ocrx_word' id='word_1_501' title='bbox 1209 4110 1418 4183; x_wconf 76' lang='lat' dir='ltr'><strong>tenpestatem</strong></span> <span class='ocrx_word' id='word_1_502' title='bbox 1438 4102 1731 4185; x_wconf 79' lang='lat' dir='ltr'><strong>tenpestiresopiri,</strong></span> 
     </span>
     <span class='ocr_line' id='line_1_43' title="bbox 55 4193 1730 4274; baseline 0 -18"><span class='ocrx_word' id='word_1_503' title='bbox 55 4206 197 4256; x_wconf 80' lang='lat' dir='ltr'><strong>terrores</strong></span> <span class='ocrx_word' id='word_1_504' title='bbox 218 4193 336 4271; x_wconf 80' lang='lat' dir='ltr'><strong>injecit,</strong></span> <span class='ocrx_word' id='word_1_505' title='bbox 363 4199 398 4253; x_wconf 90' lang='lat' dir='ltr'><strong>nt</strong></span> <span class='ocrx_word' id='word_1_506' title='bbox 415 4212 469 4274; x_wconf 90' lang='lat' dir='ltr'><strong>per</strong></span> <span class='ocrx_word' id='word_1_507' title='bbox 487 4200 578 4255; x_wconf 85' lang='lat' dir='ltr'><strong>totam</strong></span> <span class='ocrx_word' id='word_1_508' title='bbox 597 4194 699 4255; x_wconf 77' lang='lat' dir='ltr'><strong>urbes</strong></span> <span class='ocrx_word' id='word_1_509' title='bbox 718 4195 864 4255; x_wconf 73' lang='lat' dir='ltr'><strong>sasinus</strong></span> <span class='ocrx_word' id='word_1_510' title='bbox 925 4202 957 4255; x_wconf 90' lang='lat' dir='ltr'><strong>et</strong></span> <span class='ocrx_word' id='word_1_511' title='bbox 975 4196 1137 4256; x_wconf 70' lang='lat' dir='ltr'><strong>ani-urus</strong></span> <span class='ocrx_word' id='word_1_512' title='bbox 1149 4197 1378 4257; x_wconf 71' lang='lat' dir='ltr'><strong>comesione·</strong></span> <span class='ocrx_word' id='word_1_513' title='bbox 1397 4193 1730 4259; x_wconf 84' lang='lat' dir='ltr'><strong>teederesacrossucte</strong></span> 
     </span>
     <span class='ocr_line' id='line_1_44' title="bbox 53 4285 1731 4370; baseline 0.002 -22"><span class='ocrx_word' id='word_1_514' title='bbox 53 4286 154 4348; x_wconf 80' lang='lat' dir='ltr'><strong>omnis</strong></span> <span class='ocrx_word' id='word_1_515' title='bbox 174 4286 283 4344; x_wconf 87' lang='lat' dir='ltr'><strong>aetatis</strong></span> <span class='ocrx_word' id='word_1_516' title='bbox 307 4291 339 4345; x_wconf 88' lang='lat' dir='ltr'><strong>ct</strong></span> <span class='ocrx_word' id='word_1_517' title='bbox 358 4285 509 4347; x_wconf 85' lang='lat' dir='ltr'><strong>bominum</strong></span> <span class='ocrx_word' id='word_1_518' title='bbox 533 4285 664 4366; x_wconf 84' lang='lat' dir='ltr'><strong>undique</strong></span> <span class='ocrx_word' id='word_1_519' title='bbox 689 4286 729 4348; x_wconf 86' lang='lat' dir='ltr'><strong>arl</strong></span> <span class='ocrx_word' id='word_1_520' title='bbox 748 4293 860 4366; x_wconf 79' lang='lat' dir='ltr'><strong>spoots·</strong></span> <span class='ocrx_word' id='word_1_521' title='bbox 923 4290 1000 4347; x_wconf 87' lang='lat' dir='ltr'><strong>ister</strong></span> <span class='ocrx_word' id='word_1_522' title='bbox 1024 4295 1180 4370; x_wconf 76' lang='lat' dir='ltr'><strong>utrumqne</strong></span> <span class='ocrx_word' id='word_1_523' title='bbox 1204 4287 1344 4370; x_wconf 74' lang='lat' dir='ltr'><strong>populun</strong></span> <span class='ocrx_word' id='word_1_524' title='bbox 1367 4290 1427 4351; x_wconf 87' lang='lat' dir='ltr'><strong>icto</strong></span> <span class='ocrx_word' id='word_1_525' title='bbox 1447 4288 1625 4353; x_wconf 75' lang='lat' dir='ltr'><strong>eontirsari.</strong></span> <span class='ocrx_word' id='word_1_526' title='bbox 1665 4288 1731 4351; x_wconf 84' lang='lat' dir='ltr'><strong>Cri·</strong></span> 
     </span>
     <span class='ocr_line' id='line_1_45' title="bbox 53 4376 1731 4465; baseline 0.004 -27"><span class='ocrx_word' id='word_1_527' title='bbox 53 4379 154 4443; x_wconf 71' lang='lat' dir='ltr'><strong>wius</strong></span> <span class='ocrx_word' id='word_1_528' title='bbox 175 4376 383 4438; x_wconf 76' lang='lat' dir='ltr'><strong>confluentina</strong></span> <span class='ocrx_word' id='word_1_529' title='bbox 405 4398 571 4441; x_wconf 88' lang='lat' dir='ltr'><strong>euneureus</strong></span> <span class='ocrx_word' id='word_1_530' title='bbox 591 4380 684 4449; x_wconf 86' lang='lat' dir='ltr'><strong>tieret,</strong></span> <span class='ocrx_word' id='word_1_531' title='bbox 705 4382 863 4460; x_wconf 68' lang='lat' dir='ltr'><strong>omniaque</strong></span> <span class='ocrx_word' id='word_1_532' title='bbox 924 4379 1095 4442; x_wconf 73' lang='lat' dir='ltr'><strong>mittebatur</strong></span> <span class='ocrx_word' id='word_1_533' title='bbox 1118 4392 1272 4462; x_wconf 70' lang='lat' dir='ltr'><strong>postremo</strong></span> <span class='ocrx_word' id='word_1_534' title='bbox 1300 4380 1449 4446; x_wconf 88' lang='lat' dir='ltr'><strong>borrenda</strong></span> <span class='ocrx_word' id='word_1_535' title='bbox 1480 4383 1630 4460; x_wconf 75' lang='lat' dir='ltr'><strong>lucisne,</strong></span> <span class='ocrx_word' id='word_1_536' title='bbox 1653 4402 1731 4465; x_wconf 89' lang='lat' dir='ltr'><strong>qnae</strong></span> 
     </span>
     <span class='ocr_line' id='line_1_46' title="bbox 53 4460 1730 4555; baseline -0.001 -19"><span class='ocrx_word' id='word_1_537' title='bbox 53 4473 147 4536; x_wconf 79' lang='lat' dir='ltr'><strong>variis</strong></span> <span class='ocrx_word' id='word_1_538' title='bbox 178 4471 367 4533; x_wconf 84' lang='lat' dir='ltr'><strong>clamantium</strong></span> <span class='ocrx_word' id='word_1_539' title='bbox 391 4472 565 4539; x_wconf 76' lang='lat' dir='ltr'><strong>tusulbbue</strong></span> <span class='ocrx_word' id='word_1_540' title='bbox 596 4473 800 4555; x_wconf 69' lang='lat' dir='ltr'><strong>implerentur,</strong></span> <span class='ocrx_word' id='word_1_541' title='bbox 833 4481 865 4535; x_wconf 89' lang='lat' dir='ltr'><strong>ut</strong></span> <span class='ocrx_word' id='word_1_542' title='bbox 924 4477 954 4537; x_wconf 87' lang='lat' dir='ltr'><strong>in</strong></span> <span class='ocrx_word' id='word_1_543' title='bbox 983 4473 1110 4535; x_wconf 77' lang='lat' dir='ltr'><strong>biennia</strong></span> <span class='ocrx_word' id='word_1_544' title='bbox 1129 4472 1403 4540; x_wconf 84' lang='lat' dir='ltr'><strong>Basilidis-duces</strong></span> <span class='ocrx_word' id='word_1_545' title='bbox 1433 4460 1604 4551; x_wconf 68' lang='lat' dir='ltr'><strong>mitterent}</strong></span> <span class='ocrx_word' id='word_1_546' title='bbox 1633 4494 1730 4555; x_wconf 91' lang='lat' dir='ltr'><strong>eaque</strong></span> 
     </span>
     <span class='ocr_line' id='line_1_47' title="bbox 55 4565 1729 4651; baseline -0.002 -22"><span class='ocrx_word' id='word_1_547' title='bbox 55 4566 131 4630; x_wconf 87' lang='lat' dir='ltr'><strong>nibil</strong></span> <span class='ocrx_word' id='word_1_548' title='bbox 152 4565 215 4625; x_wconf 86' lang='lat' dir='ltr'><strong>lere</strong></span> <span class='ocrx_word' id='word_1_549' title='bbox 235 4566 362 4625; x_wconf 89' lang='lat' dir='ltr'><strong>consiliu</strong></span> <span class='ocrx_word' id='word_1_550' title='bbox 382 4572 433 4625; x_wconf 92' lang='lat' dir='ltr'><strong>aut</strong></span> <span class='ocrx_word' id='word_1_551' title='bbox 459 4568 572 4626; x_wconf 89' lang='lat' dir='ltr'><strong>rationo</strong></span> <span class='ocrx_word' id='word_1_552' title='bbox 590 4574 735 4646; x_wconf 82' lang='lat' dir='ltr'><strong>ageretur.</strong></span> <span class='ocrx_word' id='word_1_553' title='bbox 777 4568 863 4629; x_wconf 78' lang='lat' dir='ltr'><strong>Cus-</strong></span> <span class='ocrx_word' id='word_1_554' title='bbox 923 4566 1044 4629; x_wconf 84' lang='lat' dir='ltr'><strong>dicebat</strong></span> <span class='ocrx_word' id='word_1_555' title='bbox 1069 4586 1129 4629; x_wconf 92' lang='lat' dir='ltr'><strong>non</strong></span> <span class='ocrx_word' id='word_1_556' title='bbox 1156 4568 1272 4651; x_wconf 90' lang='lat' dir='ltr'><strong>absque</strong></span> <span class='ocrx_word' id='word_1_557' title='bbox 1297 4582 1449 4634; x_wconf 69' lang='lat' dir='ltr'><strong>noemmin</strong></span> <span class='ocrx_word' id='word_1_558' title='bbox 1474 4574 1604 4633; x_wconf 89' lang='lat' dir='ltr'><strong>numinis</strong></span> <span class='ocrx_word' id='word_1_559' title='bbox 1627 4576 1660 4631; x_wconf 89' lang='lat' dir='ltr'><strong>et</strong></span> <span class='ocrx_word' id='word_1_560' title='bbox 1680 4569 1729 4647; x_wconf 82' lang='lat' dir='ltr'><strong>js·</strong></span> 
     </span>
     <span class='ocr_line' id='line_1_48' title="bbox 53 4658 1730 4745; baseline 0 -24"><span class='ocrx_word' id='word_1_561' title='bbox 53 4678 116 4741; x_wconf 78' lang='lat' dir='ltr'><strong>que</strong></span> <span class='ocrx_word' id='word_1_562' title='bbox 135 4658 259 4740; x_wconf 87' lang='lat' dir='ltr'><strong>quilibet</strong></span> <span class='ocrx_word' id='word_1_563' title='bbox 279 4658 392 4737; x_wconf 90' lang='lat' dir='ltr'><strong>prirans</strong></span> <span class='ocrx_word' id='word_1_564' title='bbox 417 4661 546 4720; x_wconf 74' lang='lat' dir='ltr'><strong>ossium</strong></span> <span class='ocrx_word' id='word_1_565' title='bbox 566 4661 686 4721; x_wconf 83' lang='lat' dir='ltr'><strong>introire</strong></span> <span class='ocrx_word' id='word_1_566' title='bbox 712 4663 742 4721; x_wconf 89' lang='lat' dir='ltr'><strong>is</strong></span> <span class='ocrx_word' id='word_1_567' title='bbox 766 4662 863 4724; x_wconf 74' lang='lat' dir='ltr'><strong>aula·</strong></span> <span class='ocrx_word' id='word_1_568' title='bbox 923 4666 1023 4725; x_wconf 87' lang='lat' dir='ltr'><strong>stitlae</strong></span> <span class='ocrx_word' id='word_1_569' title='bbox 1043 4672 1130 4743; x_wconf 86' lang='lat' dir='ltr'><strong>gesta</strong></span> <span class='ocrx_word' id='word_1_570' title='bbox 1149 4660 1255 4737; x_wconf 85' lang='lat' dir='ltr'><strong>inisse,</strong></span> <span class='ocrx_word' id='word_1_571' title='bbox 1276 4671 1308 4725; x_wconf 87' lang='lat' dir='ltr'><strong>et</strong></span> <span class='ocrx_word' id='word_1_572' title='bbox 1324 4662 1407 4745; x_wconf 90' lang='lat' dir='ltr'><strong>quod</strong></span> <span class='ocrx_word' id='word_1_573' title='bbox 1434 4663 1571 4725; x_wconf 89' lang='lat' dir='ltr'><strong>ultimum</strong></span> <span class='ocrx_word' id='word_1_574' title='bbox 1590 4671 1623 4723; x_wconf 91' lang='lat' dir='ltr'><strong>et</strong></span> <span class='ocrx_word' id='word_1_575' title='bbox 1644 4678 1730 4741; x_wconf 88' lang='lat' dir='ltr'><strong>prae·</strong></span> 
     </span>
     <span class='ocr_line' id='line_1_49' title="bbox 53 4750 1730 4836; baseline -0.001 -20"><span class='ocrx_word' id='word_1_576' title='bbox 53 4751 264 4821; x_wconf 87' lang='lat' dir='ltr'><strong>ussteuderet,</strong></span> <span class='ocrx_word' id='word_1_577' title='bbox 295 4757 326 4810; x_wconf 93' lang='lat' dir='ltr'><strong>ot</strong></span> <span class='ocrx_word' id='word_1_578' title='bbox 344 4751 394 4812; x_wconf 88' lang='lat' dir='ltr'><strong>alii</strong></span> <span class='ocrx_word' id='word_1_579' title='bbox 413 4751 490 4812; x_wconf 89' lang='lat' dir='ltr'><strong>atius</strong></span> <span class='ocrx_word' id='word_1_580' title='bbox 511 4753 733 4833; x_wconf 80' lang='lat' dir='ltr'><strong>praepedirent,</strong></span> <span class='ocrx_word' id='word_1_581' title='bbox 753 4755 862 4816; x_wconf 77' lang='lat' dir='ltr'><strong>tauma</strong></span> <span class='ocrx_word' id='word_1_582' title='bbox 922 4760 1040 4836; x_wconf 78' lang='lat' dir='ltr'><strong>eipusnr</strong></span> <span class='ocrx_word' id='word_1_583' title='bbox 1066 4764 1146 4828; x_wconf 87' lang='lat' dir='ltr'><strong>erat,</strong></span> <span class='ocrx_word' id='word_1_584' title='bbox 1165 4756 1290 4835; x_wconf 83' lang='lat' dir='ltr'><strong>iajurias</strong></span> <span class='ocrx_word' id='word_1_585' title='bbox 1311 4754 1417 4835; x_wconf 82' lang='lat' dir='ltr'><strong>lingue</strong></span> <span class='ocrx_word' id='word_1_586' title='bbox 1439 4756 1585 4818; x_wconf 84' lang='lat' dir='ltr'><strong>Potoniae</strong></span> <span class='ocrx_word' id='word_1_587' title='bbox 1608 4774 1649 4815; x_wconf 88' lang='lat' dir='ltr'><strong>ae</strong></span> <span class='ocrx_word' id='word_1_588' title='bbox 1666 4750 1730 4814; x_wconf 77' lang='lat' dir='ltr'><strong>tta-</strong></span> 
     </span>
     <span class='ocr_line' id='line_1_50' title="bbox 55 4842 1730 4927; baseline 0.001 -21"><span class='ocrx_word' id='word_1_589' title='bbox 55 4850 122 4916; x_wconf 88' lang='lat' dir='ltr'><strong>eet,</strong></span> <span class='ocrx_word' id='word_1_590' title='bbox 141 4852 174 4906; x_wconf 87' lang='lat' dir='ltr'><strong>at</strong></span> <span class='ocrx_word' id='word_1_591' title='bbox 193 4864 284 4924; x_wconf 82' lang='lat' dir='ltr'><strong>supra</strong></span> <span class='ocrx_word' id='word_1_592' title='bbox 303 4842 439 4907; x_wconf 75' lang='lat' dir='ltr'><strong>beurim</strong></span> <span class='ocrx_word' id='word_1_593' title='bbox 458 4850 576 4905; x_wconf 76' lang='lat' dir='ltr'><strong>ecatus</strong></span> <span class='ocrx_word' id='word_1_594' title='bbox 597 4846 781 4907; x_wconf 85' lang='lat' dir='ltr'><strong>multitudinc</strong></span> <span class='ocrx_word' id='word_1_595' title='bbox 802 4847 863 4907; x_wconf 84' lang='lat' dir='ltr'><strong>snt·</strong></span> <span class='ocrx_word' id='word_1_596' title='bbox 922 4868 1002 4927; x_wconf 85' lang='lat' dir='ltr'><strong>guae</strong></span> <span class='ocrx_word' id='word_1_597' title='bbox 1021 4848 1202 4911; x_wconf 86' lang='lat' dir='ltr'><strong>Litbueniae</strong></span> <span class='ocrx_word' id='word_1_598' title='bbox 1223 4847 1351 4911; x_wconf 83' lang='lat' dir='ltr'><strong>uacant</strong></span> <span class='ocrx_word' id='word_1_599' title='bbox 1373 4850 1475 4911; x_wconf 89' lang='lat' dir='ltr'><strong>illatas</strong></span> <span class='ocrx_word' id='word_1_600' title='bbox 1495 4845 1650 4911; x_wconf 73' lang='lat' dir='ltr'><strong>masten</strong></span> <span class='ocrx_word' id='word_1_601' title='bbox 1668 4864 1730 4909; x_wconf 70' lang='lat' dir='ltr'><strong>un·</strong></span> 
     </span>
     <span class='ocr_line' id='line_1_51' title="bbox 57 4937 1730 5021; baseline 0.004 -24"><span class='ocrx_word' id='word_1_602' title='bbox 57 4937 147 4998; x_wconf 85' lang='lat' dir='ltr'><strong>locati</strong></span> <span class='ocrx_word' id='word_1_603' title='bbox 173 4938 211 5000; x_wconf 89' lang='lat' dir='ltr'><strong>ad</strong></span> <span class='ocrx_word' id='word_1_604' title='bbox 233 4940 358 5021; x_wconf 85' lang='lat' dir='ltr'><strong>januam</strong></span> <span class='ocrx_word' id='word_1_605' title='bbox 386 4940 610 4999; x_wconf 77' lang='lat' dir='ltr'><strong>occumberentr</strong></span> <span class='ocrx_word' id='word_1_606' title='bbox 641 4958 719 5018; x_wconf 90' lang='lat' dir='ltr'><strong>qnae</strong></span> <span class='ocrx_word' id='word_1_607' title='bbox 744 4938 862 5018; x_wconf 73' lang='lat' dir='ltr'><strong>quiden</strong></span> <span class='ocrx_word' id='word_1_608' title='bbox 924 4943 994 5003; x_wconf 90' lang='lat' dir='ltr'><strong>uino</strong></span> <span class='ocrx_word' id='word_1_609' title='bbox 1020 4950 1239 5021; x_wconf 76' lang='lat' dir='ltr'><strong>conpensaret,</strong></span> <span class='ocrx_word' id='word_1_610' title='bbox 1259 4938 1477 5005; x_wconf 70' lang='lat' dir='ltr'><strong>obteniatur.</strong></span> <span class='ocrx_word' id='word_1_611' title='bbox 1523 4942 1559 5003; x_wconf 73' lang='lat' dir='ltr'><strong>Si</strong></span> <span class='ocrx_word' id='word_1_612' title='bbox 1579 4941 1669 5005; x_wconf 85' lang='lat' dir='ltr'><strong>alites</strong></span> <span class='ocrx_word' id='word_1_613' title='bbox 1687 4938 1730 5003; x_wconf 67' lang='lat' dir='ltr'><strong>ia»</strong></span> 
     </span>
     <span class='ocr_line' id='line_1_52' title="bbox 56 5032 1729 5117; baseline 0.002 -24"><span class='ocrx_word' id='word_1_614' title='bbox 56 5050 107 5093; x_wconf 90' lang='lat' dir='ltr'><strong>res</strong></span> <span class='ocrx_word' id='word_1_615' title='bbox 146 5038 177 5091; x_wconf 92' lang='lat' dir='ltr'><strong>et</strong></span> <span class='ocrx_word' id='word_1_616' title='bbox 216 5033 283 5111; x_wconf 84' lang='lat' dir='ltr'><strong>ipsa</strong></span> <span class='ocrx_word' id='word_1_617' title='bbox 313 5032 413 5094; x_wconf 82' lang='lat' dir='ltr'><strong>letalis</strong></span> <span class='ocrx_word' id='word_1_618' title='bbox 444 5033 513 5094; x_wconf 92' lang='lat' dir='ltr'><strong>belii</strong></span> <span class='ocrx_word' id='word_1_619' title='bbox 545 5052 632 5092; x_wconf 88' lang='lat' dir='ltr'><strong>orncn</strong></span> <span class='ocrx_word' id='word_1_620' title='bbox 658 5050 730 5093; x_wconf 89' lang='lat' dir='ltr'><strong>esse</strong></span> <span class='ocrx_word' id='word_1_621' title='bbox 760 5034 862 5111; x_wconf 83' lang='lat' dir='ltr'><strong>potuit.</strong></span> <span class='ocrx_word' id='word_1_622' title='bbox 924 5040 1019 5095; x_wconf 82' lang='lat' dir='ltr'><strong>seret.</strong></span> <span class='ocrx_word' id='word_1_623' title='bbox 1046 5032 1154 5094; x_wconf 82' lang='lat' dir='ltr'><strong>bellum</strong></span> <span class='ocrx_word' id='word_1_624' title='bbox 1180 5054 1216 5095; x_wconf 85' lang='lat' dir='ltr'><strong>ee</strong></span> <span class='ocrx_word' id='word_1_625' title='bbox 1242 5054 1300 5095; x_wconf 93' lang='lat' dir='ltr'><strong>non</strong></span> <span class='ocrx_word' id='word_1_626' title='bbox 1328 5035 1500 5098; x_wconf 77' lang='lat' dir='ltr'><strong>blascorum</strong></span> <span class='ocrx_word' id='word_1_627' title='bbox 1525 5039 1622 5117; x_wconf 82' lang='lat' dir='ltr'><strong>magis</strong></span> <span class='ocrx_word' id='word_1_628' title='bbox 1647 5033 1729 5110; x_wconf 89' lang='lat' dir='ltr'><strong>odio,</strong></span> 
     </span>
    </p>
   </div>
   <div class='ocr_carea' id='block_1_3' title="bbox 0 0 1876 5626">
    <p class='ocr_par' dir='ltr' id='par_1_5' title="bbox 0 0 1876 5626">
     <span class='ocr_line' id='line_1_53' title="bbox 0 0 1876 5626; baseline 0 1"><span class='ocrx_word' id='word_1_629' title='bbox 0 0 1876 5626; x_wconf 95' lang='lat' dir='ltr'><strong> </strong></span> 
     </span>
    </p>
   </div>
  </div>
 </body>
</html>
