3734 5610
668 199 768 263 l'lRR
786 198 830 262 ΙΝ
852 197 1121 263 MOSCOVlAM.

64 372 159 452 pretii.
192 367 359 449 lterumqne
372 364 551 428 Vestiarins
569 365 645 426 alter
663 362 867 426 Patriarcham

62 463 224 523 Maximum
264 460 623 542 Constantinopolitanum
663 458 769 520 affatus
809 462 865 516 est

61 553 236 616 Patriarcha
265 553 396 614 Maxime
426 552 770 633 Constantinopolitane,
791 548 866 611 San·

61 652 213 722 ctissime,
246 646 462 720 Oecumenice,
493 649 576 707 lreae
597 644 748 719 Orientis,
778 649 867 724 atque

61 738 254 814 Occidentis,
279 738 518 813 Volodimeriae‚
543 738 735 809 Moscoviae,
760 739 865 798 totius-

62 854 120 913 que
132 833 272 905 Russiae,
287 833 477 903 Astraclrani,
500 833 625 903 Casani,
645 828 866 909 Novogardiae,

60 934 204 986 terrarum
235 925 531 1005 septentrionalium,
560 924 689 1003 Magnae
718 922 866 997 Siberiae,

62 1018 237 1097 lbcriaequc
258 1017 467 1079 celeberrimae
487 1018 603 1096 Regina
624 1017 699 1076 haec
724 1014 778 1075 tihi
805 1036 864 1074 rnu-

62 1132 133 1171 uera
153 1109 258 1184 tradit,
286 1121 319 1170 ut
338 1131 392 1191 pro
412 1131 481 1182 sua,
507 1110 660 1189 Regisque
685 1107 780 1168 salute
801 1129 864 1188 pre·

61 1206 155 1263 ceris:
189 1211 360 1282 argenteum
397 1204 519 1264 calicem
549 1202 722 1263 deauratum
759 1204 863 1262 eximia

64 1305 143 1368 arte,
173 1296 406 1377 pulcerrlnreque
437 1303 624 1378 coopertura,
665 1303 696 1355 et
727 1293 864 1353 villosum

61 1393 189 1449 sericum
201 1389 361 1463 Venetuur,
381 1397 411 1449 ot
424 1409 552 1469 pannum
569 1392 694 1447 sericum
711 1385 749 1447 ad
771 1389 864 1464 instar

61 1485 190 1542 contexti
211 1503 247 1542 ex
268 1481 347 1541 villis
368 1483 512 1562 caprinis,
539 1489 569 1542 et
588 1501 704 1555 rasuur,
732 1489 763 1541 et
783 1501 863 1540 more

61 1575 250 1635 Damascene
279 1574 463 1648 conlectum,
496 1582 526 1634 et
551 1573 653 1654 pulcra
675 1572 800 1648 xlodia3
827 1595 863 1634 ae

60 1669 152 1727 muris
172 1667 290 1728 Pontici
311 1656 405 1748 pelles
432 1689 467 1727 ex
494 1665 628 1727 Siberia:
659 1676 720 1728 turn
748 1667 862 1746 Negra·

59 1761 118 1820 tias
137 1762 280 1838 pecunias
301 1760 411 1821 ruultas
431 1759 694 1841 argenteasRegis
714 1769 861 1842 typoper·

59 1872 184 1925 cussus,
214 1861 246 1913 ut
271 1851 409 1934 precibus
439 1855 499 1912 tuis
532 1851 611 1932 apud
633 1853 728 1913 llcnru
756 1856 862 1927 instes,

60 1943 167 2025 quibus
190 1944 355 2008 diuturnam
369 1949 468 2020 vitain,
483 1944 651 2024 firmamque
664 1945 861 2008 valetudinem

60 2036 223 2112 obtineant,
243 2060 302 2100 non
324 2060 412 2099 secus
433 2060 469 2098 ac
487 2037 573 2110 filios,
593 2038 738 2118 filiasque.

137 2132 312 2192 Patriarcha
343 2132 468 2193 sublatis
490 2135 518 2191 in
546 2131 660 2193 eoelum
686 2132 782 2192 oculis
804 2133 862 2193 Re·

44 2226 162 2301 .giuae,
182 2224 319 2305 Regiqnc
344 2228 467 2284 ruaxirno
489 2223 589 2285 fausta
614 2233 753 2306 precatus
773 2224 861 2286 hene·

60 2315 142 2388 dixit,
163 2321 272 2397 aitque,
293 2318 348 2376 llei
369 2320 471 2397 optiuri
493 2321 608 2378 ruaxirui
621 2317 772 2398 praesidio
790 2339 861 2377 nun·

58 2431 145 2489 quarn
167 2408 372 2482 destituantur,
393 2419 482 2490 atque
504 2408 714 2492 deprecatores
732 2410 864 2473 habeant

58 2502 276 2581 Archangelos,
296 2503 475 2584 Prophetas,
489 2504 664 2584 Apostolos,
682 2506 861 2586 Episcopus,

59 2597 222 2674 Martyres,
248 2598 438 2678 Srrrretosque
464 2617 583 2671 ornnes3
611 2618 756 2678 quumque
787 2599 862 2659 haec

58 2687 187 2750 dixisset
211 2689 401 2761 Patriarcha,
432 2710 573 2750 suminam
602 2690 678 2769 Regi
712 2693 862 2771 praestitit

56 2787 262 2843 reverentiam.

135 2873 276 2936 Secundo
289 2873 418 2935 divinum
432 2875 653 2956 Metropolitum
669 2876 860 2939 llicrotheum

58 2969 240 3049 Episcopum
277 2969 424 3028 allocutus
463 2977 520 3028 est.
578 2967 658 3030 Audi
690 2971 860 3033 Monemha·

56 3063 169 3122 aiensis
191 3064 321 3122 civitatis
342 3062 547 3142 Metropolitas
578 3062 631 3123 tibi
659 3083 779 3124 inuuera
805 3065 860 3127 lar·

56 3158 135 3235 gitur
159 3153 226 3215 Rex
251 3153 400 3215 Maximus
431 3152 609 3216 Theodorus
628 3156 860 3219 Potentissimus

56 3249 185 3327 Magnae
196 3246 381 3324 llloscoviae,
392 3246 623 3322 Volodimeriae‚
639 3249 860 3330 Novogardiae,

56 3342 244 3420 Magnaeque
265 3341 407 3418 Russiae,
427 3341 507 3415 Rex,
528 3351 560 3404 nt
580 3346 677 3426 ipsum
696 3343 756 3406 Dei
777 3366 859 3426 prae·

54 3432 135 3496 sidio
155 3432 274 3508 tultum,
304 3436 428 3515 Deoque
454 3444 609 3515 acceptum
634 3438 774 3517 precihus
800 3442 860 3500 tuis

55 3522 263 3597 commendes3
283 3536 453 3604 argenteum
474 3528 598 3588 calicem
614 3528 786 3590 deauratum
798 3533 859 3613 pnl-

10 3664 12 3671 ·
55 3622 211 3682 cerrimum
231 3627 415 3699 venusteque
434 3629 577 3698 opertum,
607 3629 696 3699 atque
721 3623 858 3684 villosum

55 3715 194 3787 sericum,
215 3731 402 3793 pannumque
421 3732 529 3781 rasum,
552 3733 607 3773 nec
627 3713 859 3776 nonDaroasce·

55 3827 94 3868 uo
121 3827 202 3866 more
227 3804 392 3866 conlectum
418 3805 582 3881 Veneturn,
613 3806 761 3887 aliumque
787 3811 859 3870 seri-

55 3920 121 3962 cum
144 3898 299 3960 adinstar
322 3901 451 3959 contexti
478 3920 514 3960 ex
538 3899 616 3960 villis
643 3902 788 3982 caprinis,
822 3924 858 3965 ac

53 3994 173 4057 Pontici
188 3993 278 4053 muris
289 3991 395 4072 pelles,
415 3989 590 4074 demumque
599 3992 761 4073 Negratios
778 4016 857 4056 num-

55 4106 122 4147 mos
151 4086 245 4165 Regis
278 4083 376 4163 elhgie
403 4106 502 4147 cusos.
555 4086 746 4168 Metropolita
771 4108 857 4150 veue-

55 4177 167 4240 randos
189 4180 291 4240 extulit
310 4199 425 4255 manus,
445 4188 567 4260 totoque
587 4177 678 4240 corde
698 4180 776 4260 Regi
798 4181 858 4243 iau·

54 4281 104 4334 sta
124 4281 262 4351 precatus
283 4273 372 4332 multa
393 4272 511 4334 loeutus
532 4281 593 4343 est,
626 4293 662 4332 eo
688 4272 779 4336 ferme
800 4296 857 4338 mo·

54 4364 109 4438 do,
132 4384 190 4444 quo
210 4363 398 4440 Patriarcha,
430 4375 460 4428 et
485 4387 521 4427 cx
542 4363 644 4425 ordine
664 4371 857 4430 reverentiam

53 4457 196 4521 exhibuit.

131 4551 234 4613 Tertio
254 4571 289 4611 se
317 4553 462 4612 convertit
484 4548 524 4610 ad
547 4551 708 4613 Elassonis
733 4555 857 4636 Episco-

53 4666 126 4728 pum
149 4646 276 4705 omnium
297 4645 446 4704 minimum
458 4646 618 4711 Arseuium
638 4643 786 4725 humilem,
807 4652 856 4708 mi·

53 4742 276 4819 serriummque,
297 4747 385 4818 atque
405 4737 481 4799 haec
500 4735 539 4799 ad
559 4736 741 4799 eumhabuit
754 4739 855 4801 rerba.

52 4831 223 4893 Humillime
253 4832 404 4913 Episcope
433 4830 593 4893 Elassouis
621 4831 741 4894 inclitae
767 4832 856 4910 illius,

53 4923 372 5006 frequentissimaeque
403 4926 534 5004 regionis
574 4944 668 5006 prope
699 4923 856 4988 Helladem

53 5017 142 5092 sitae,
163 5038 238 5098 quae
260 5021 429 5100 sapientum
449 5017 558 5093 honor,
584 5026 614 5078 ct
639 5024 786 5078 oratorum
808 5016 857 5080 de-

52 5129 108 5170 cus
130 5118 191 5183 cst,
211 5109 375 5190 lmperator
395 5110 571 5174 Theodorus
591 5109 740 5172 Maximus
766 5110 857 5173 Volo·

52 5200 212 5279 dimeriae,
244 5203 434 5279 Moscoviae,
462 5207 616 5286 totiusque
635 5201 770 5268 Russiae
790 5203 856 5267 Rex

1674 186 1731 259 iss

928 362 1053 442 plurima
1075 363 1129 424 tibi
1151 362 1274 441 largitur
1294 360 1381 435 dona,
1402 370 1435 423 ut
1455 379 1561 442 preces
1581 359 1621 422 ad
1632 359 1729 422 Oeam

927 458 1040 520 habeas
1066 479 1120 540 pro
1153 456 1234 516 illius
1260 454 1371 516 salute:
1402 463 1575 534 argenteum
1605 455 1729 517 calicem

927 550 1102 614 deauratum
1123 551 1429 630 eximium,‘apteque
1450 557 1638 629 coopertum,
1657 570 1726 609 urra-

926 667 983 725 qne
1002 647 1139 707 villosam
1162 645 1306 717 sericum,
1337 648 1369 704 et
1393 661 1523 722 pannum
1549 661 1664 713 rasum,
1697 651 1728 705 et

925 739 1072 800 Venetam
1093 758 1174 798 nrore
1186 736 1377 799 Damascena
1397 737 1613 806 concinnatum,
1627 736 1727 797 alium·

925 853 982 913 que
1002 831 1039 892 ad
1066 833 1161 892 instar
1186 832 1314 892 contexti
1341 849 1377 889 ex
1406 827 1485 888 villis
1514 829 1659 908 caprinis,
1691 850 1728 889 ae

925 929 1018 986 mrrris
1034 925 1153 987 Pontici
1175 922 1272 1004 pelles
1298 943 1333 983 ex
1358 921 1494 994 Siberia3
1525 929 1587 981 tum
1611 921 1726 1000 Negra-

924 1019 983 1078 tias
1005 1021 1147 1098 pecunias
1168 1019 1297 1095 imagine
1316 1015 1412 1094 Regis
1432 1017 1603 1093 insignitas,
1619 1023 1650 1076 ut
1662 1037 1725 1096 prc-

924 1111 1009 1172 cibus
1030 1113 1089 1171 tuis
1108 1097 1282 1189 longaevam
1298 1111 1437 1190 impetres
1448 1110 1550 1182 vitam,
1570 1110 1725 1187 integraru-

924 1225 980 1284 que
1001 1203 1138 1264 salutem.
1180 1202 1255 1262 'lum
1278 1223 1334 1280 ego
1355 1199 1480 1260 humiles
1501 1219 1605 1260 manus
1626 1202 1725 1277 extuli,

924 1298 1061 1376 oninique
1081 1295 1182 1358 studio
1196 1296 1274 1375 Regi
1288 1295 1386 1355 fausta
1399 1300 1537 1373 precatus
1559 1313 1634 1368 sura,
1656 1295 1726 1354 mul·

922 1399 970 1451 tos
1000 1399 1032 1451 ut
1062 1393 1174 1450 viveret
1202 1409 1314 1462 anuos,
1354 1388 1524 1467 optimaque
1554 1385 1725 1449 valetudine

921 1482 1081 1556 frueretur,
1108 1483 1306 1564 plurimasque
1327 1487 1433 1559 gentes
1459 1478 1516 1539 sub
1537 1477 1649 1541 ditione
1669 1501 1726 1543 sua

920 1584 1046 1638 teneret.
1085 1576 1183 1637 lllulta
1208 1576 1265 1636 alin
1292 1573 1366 1645 dixi,
1395 1572 1599 1635 Patriarcham
1632 1573 1725 1635 imita·

922 1678 979 1740 tus,
1000 1670 1130 1731 utDeus
1151 1671 1279 1750 optiruus
1301 1669 1444 1727 maximus
1466 1688 1532 1727 euru
1552 1667 1666 1728 laetitia
1682 1690 1725 1731 rc·

922 1762 1026 1843 plerct.
1072 1761 1187 1823 Postea
1216 1760 1376 1841 Maximum
1405 1759 1519 1838 Regem
1550 1771 1726 1824 veneratus:

921 1857 997 1926 Ave,
1018 1857 1145 1935 inquam,
1165 1852 1246 1926 Rex,
1267 1852 1479 1933 plurimumque
1499 1854 1581 1925 rale3
1596 1854 1724 1916 abiens·

921 1969 978 2029 que
1006 1953 1034 2010 in
1061 1950 1187 2029 pristino
1214 1947 1280 2006 loco
1315 1943 1448 2006 consedi.
1495 1946 1581 2008 Tunc
1608 1957 1725 2010 ceteros

921 2062 1035 2118 orarres,
1056 2044 1104 2122 qni
1124 2039 1327 2101 Patriareham
1347 2038 1557 2119 sequebantur,
1577 2041 1725 2104 allocutus

922 2143 977 2194 est.
1019 2134 1154 2204 Salrete,
1181 2129 1368 2212 gaudeatque
1392 2152 1445 2192 cor
1469 2141 1615 2207 vestrum,
1642 2145 1724 2216 quot·

921 2235 992 2306 qrrot
1010 2225 1214 2288 Patriarcham
1238 2227 1434 2305 sequiminor,
1465 2229 1618 2306 copiosam
1647 2233 1724 2290 enirn

921 2320 1139 2399 eleemosynam
1171 2312 1258 2379 vohis
1291 2318 1414 2398 largitur
1443 2318 1517 2380 Rex.
1573 2320 1722 2397 Quocirca

920 2433 1023 2473 omines
1056 2410 1244 2472 'l'heodornm
1277 2413 1531 2492 potentissimum,
1561 2421 1724 2476 strenuum·

920 2527 975 2586 que
996 2504 1206 2586 lurperatorcm
1231 2507 1420 2565 veneratione
1445 2510 1596 2586 prose-cuti
1624 2519 1703 2571 sunt

992 2599 1059 2677 Ego
1079 2619 1150 2671 uero
1170 2618 1273 2657 rursus
1294 2595 1426 2659 adhibita
1437 2599 1513 2678 Regi
1525 2600 1653 2663 Maximo
1668 2602 1723 2665 Or·

919 2689 1048 2754 thodoxo
1080 2693 1245 2752 reverentia
1276 2710 1375 2750 coram
1407 2691 1469 2752 alta
1497 2712 1572 2753 voce
1602 2694 1722 2757 hrevcru

918 2786 996 2847 hanc
1016 2788 1179 2845 orationem
1199 2783 1300 2844 habui.
1336 2780 1494 2844 Theodore
1515 2783 1668 2861 Orientis,
1682 2799 1722 2851 at·

920 2899 977 2960 que
996 2875 1189 2948 Occidentis,
1210 2873 1449 2948 Volodimeriae‚
1467 2876 1658 2957 Moscoviae,
1680 2892 1722 2943 to·

919 2975 1038 3053 tinsque
1069 2969 1215 3041 Rosciae,
1253 2976 1395 3028 terrarum
1431 2967 1728 3050 Septentrionaliurn,

918 3066 1106 3146 Magnaeque
1126 3061 1263 3123 Siheriae
1283 3060 1349 3122 Rex
1368 3060 1546 3140 fortissime,
1576 3068 1722 3146 piissime·

919 3181 992 3240 que,
1022 3157 1079 3218 Dei
1101 3158 1210 3235 gratia,
1236 3163 1267 3216 et
1285 3155 1445 3215 sanctitate
1464 3155 1606 3232 illustris,
1632 3169 1722 3242 atque

918 3257 1033 3334 piorum
1054 3249 1157 3311 decus.
1197 3249 1262 3327 Ego
1288 3248 1507 3329 Episcoporum
1533 3255 1661 3314 omnium
1680 3259 1722 3316 vi·

917 3347 1050 3408 lissimus
1069 3342 1188 3404 humilis
1209 3344 1358 3405 Arsenius
1378 3343 1455 3402 inter
1481 3344 1559 3406 alios
1585 3350 1722 3410 minimus

917 3459 1060 3501 summam
1082 3437 1302 3507 humanitatem,
1322 3455 1409 3515 mam
1429 3439 1458 3496 in
1480 3456 1582 3500 ornnes
1600 3448 1659 3502 tam
1680 3445 1721 3504 iu·

918 3532 1059 3613 digeuaS,
1087 3550 1174 3610 quam
1195 3531 1367 3610 peregrinos
1394 3549 1531 3608 exerces,
1559 3532 1721 3615 benignita·

917 3636 1045 3706 temque,
1065 3644 1101 3684 ac
1122 3619 1356 3682 miscricordiam
1382 3623 1507 3700 singulis
1528 3622 1634 3688 diebus
1655 3649 1720 3709 pro·

916 3720 1037 3798 piismet
1067 3715 1161 3776 oculis
1191 3715 1382 3794 conspiciens
1411 3733 1530 3794 semper
1558 3717 1721 3783 admiratus

916 3831 997 3886 sum,
1029 3831 1065 3871 ex
1090 3829 1148 3890 quo
1175 3809 1386 3888 apropinquis
1411 3813 1615 3872 conterraneis
1635 3818 1719 3887 meis,

916 3923 1041 3984 meaque
1061 3903 1212 3983 provincia
1233 3899 1349 3960 absum.
1375 3897 1460 3973 Dies,
1480 3910 1643 3985 noctesque
1657 3928 1720 3969 ora·

916 3995 964 4070 bo,
984 4004 1018 4056 ut
1037 3993 1077 4056 ad
1096 4013 1181 4055 seros
1200 4013 1296 4073 usque
1315 3999 1441 4073 nepotes
1460 3995 1550 4055 vitam
1570 3995 1720 4076 producas

915 4093 1030 4172 irrtegra
1051 4084 1237 4159 valetudine,
1263 4086 1421 4166 multisque
1447 4087 1606 4150 universim
1626 4097 1719 4172 genti.

915 4180 972 4249 hus
994 4180 1165 4255 domineris,
1186 4187 1275 4260 atquc
1295 4181 1405 4260 optima
1416 4176 1551 4251 cdhsilia,
1571 4204 1718 4265 quaever.

915 4294 967 4337 sas
988 4276 1099 4346 animo,
1119 4271 1271 4354 perficias,
1294 4281 1325 4334 et
1344 4275 1422 4334 vitae
1444 4281 1512 4335 tuse
1533 4273 1599 4339 dies
1619 4283 1718 4360 singu·

915 4369 961 4430 los
982 4366 1231 4449 praeclarissimis
1251 4369 1347 4444 gestis
1368 4366 1511 4430 illustres.

994 4460 1092 4538 Quum
1111 4458 1187 4520 haee
1213 4457 1371 4531 dixissem,
1400 4460 1481 4523 hami
1507 4462 1570 4526 fere
1594 4476 1718 4541 straus,

915 4558 1020 4616 iterum
1032 4550 1220 4613 Theodorum
1241 4552 1353 4632 Regem
1366 4552 1600 4618 Christianorum
1620 4560 1717 4640 splen·

915 4646 1016 4709 dorem
1035 4654 1193 4708 veneratus
1212 4666 1289 4706 sum.
1329 4646 1395 4707 Rex
1413 4667 1483 4708 vero
1503 4647 1587 4710 hilari
1611 4656 1719 4728 auimo,

914 4741 1136 4820 lururauiterque
1161 4743 1217 4810 ait,
1247 4737 1364 4800 conlido
1395 4739 1565 4820 plurimum,
1597 4765 1633 4805 ac
1663 4767 1717 4827 pro

914 4841 997 4894 certo
1016 4832 1102 4904 habe,
1123 4852 1219 4893 meum
1239 4832 1293 4893 tibi
1313 4829 1478 4893 subsidium
1501 4854 1649 4915 rruaquam
1669 4836 1717 4900 de·

913 4923 1058 5002 futurum,
1088 4926 1195 4987 multas
1215 4929 1366 4998 civitates,
1397 4946 1555 5007 earumque
1576 4933 1717 5008 regiones

912 5015 1096 5101 possidebis,
1117 5021 1213 5098 iisque
1233 5017 1370 5079 omuibus
1381 5017 1553 5101 Episcopus
1572 5028 1715 5102 preceris.

990 5108 1041 5172 Ad
1060 5111 1136 5172 haec
1155 5131 1258 5172 rursus
1279 5111 1358 5172 humi
1378 5119 1490 5173 stratus
1504 5114 1629 5176 maxima
1650 5138 1716 5178 euru

915 5207 1105 5267 veneratione
1130 5212 1308 5286 prosecutus
1333 5224 1414 5276 sum,
1449 5205 1596 5288 simulque
1615 5228 1715 5290 preca·
1807 5234 1820 5255 ·
