3742 5626
101 248 160 313 290

682 238 901 305 ANTONIUS
919 236 1187 303 oossovmus

108 414 206 469 tectus
225 426 334 485 aggero
355 408 458 474 cirnit,
478 426 514 463 oc
540 407 734 485 propinquum
759 413 906 465 rnorraste·
964 408 1074 482 quanto
1094 404 1193 465 minus
1208 406 1292 487 josto
1310 402 1473 482 ioprcelio,
1492 397 1775 479 eanqmrePoloais

107 504 182 565 rium
201 504 275 561 intra
298 520 400 559 noram
422 498 612 559 rnunitioucrn
630 497 766 569 inclusit;
784 499 851 557 suis
869 496 908 557 lo·

109 598 155 657 cis
175 616 212 655 cx
232 592 337 653 eodcru
358 610 466 668 aggere
492 591 719 671 propugnaculis
745 592 909 660 collocatis,

109 709 187 769 quac
212 684 352 747 hostibus
378 685 416 744 ab
443 685 559 743 assultu
586 683 740 754 arcendis,
765 688 909 745 tnrnrenta

107 784 218 863 majora
237 779 416 839 sustineant.
436 775 486 837 Ad
506 775 691 837 Plcecoriam
717 796 785 837 rere
815 780 908 857 ipson

107 876 198 955 primo
218 872 334 931 moenia
353 892 391 931 cu
412 868 520 949 lapide,
538 888 624 949 quero
653 868 782 929 lluuduis
806 870 910 930 alveus

108 964 287 1044 suppeditat,
307 973 464 1043 turresque
484 983 550 1023 mox
575 961 650 1023 alter
673 980 776 1023 murus
802 962 911 1023 ductos

107 1079 161 1141 per
185 1057 311 1119 mediam
337 1058 500 1127 civitatem,
525 1075 603 1135 quac
633 1054 754 1115 lornano
789 1055 909 1133 oblongi

107 1150 243 1231 trianguli
261 1170 337 1229 pene
357 1148 462 1219 babct;
479 1149 595 1228 triaque
614 1146 693 1229 apud
713 1168 780 1208 cum
798 1169 909 1211 rruuuru

107 1244 301 1307 succedentia
320 1241 463 1311 Crcslclla,
487 1240 746 1301 extraordinariam
780 1242 910 1303 munitio-

108 1341 157 1399 nis
177 1338 318 1397 rationem
338 1333 509 1394 ostendunt.
539 1332 577 1393 Et
597 1354 634 1393 eo
653 1354 703 1395 res
714 1334 853 1393 obsessis
865 1334 908 1393 tir·

108 1432 236 1491 mitatem
257 1428 331 1506 (quo
352 1432 484 1506 teuqrmc
514 1427 543 1485 io
570 1424 677 1503 Regiis
701 1429 809 1487 castris
834 1427 909 1487 bace

107 1520 355 1595 observobomus)
374 1519 582 1579 obsidentibus
601 1526 697 1581 uuleru
709 1542 796 1581 curas
808 1526 841 1579 ot
861 1540 907 1579 so·

106 1614 275 1677 licitfflliucs
300 1611 451 1673 ollerebat.
491 1610 568 1672 Noun
594 1619 626 1672 nt
649 1615 758 1693 pinnns
788 1613 907 1692 quidrun

966 496 1126 565 obsistunt,
1145 503 1229 557 tanto
1254 497 1350 574 magis
1368 515 1472 565 arces,
1498 494 1714 573 ciuitatesque
1737 492 1769 551 dr

966 587 1105 649 tendunt:
1146 600 1177 651 ct
1199 591 1327 651 feminac
1347 590 1433 669 ipsso
1457 588 1564 649 nuuia
1593 584 1722 647 militurn
1743 586 1776 645 sir

967 702 1061 762 scope
1081 682 1215 751 induunt,
1234 690 1266 745 ut
1285 682 1332 743 vel
1352 702 1448 762 aquae
1466 680 1633 741 adversus
1650 680 1776 759 iniectu

966 776 1064 853 iguem
1084 775 1269 853 atterendae,
1294 776 1343 839 rel
1368 776 1527 855 congestis
1555 794 1579 833 e
1609 790 1700 831 muro
1722 772 1777 851 lapi

967 864 1034 927 dom
1055 869 1183 929 molibus
1203 867 1419 951 prooolueudis,
1438 875 1493 929 aot
1513 864 1672 935 sudibus,
1691 863 1776 943 quite

967 961 1104 1021 manibus
1123 962 1163 1023 ad
1183 982 1248 1023 euro
1273 982 1334 1023 ren
1359 960 1554 1039 dependent,
1584 956 1775 1039 inpellendo

966 1072 1074 1131 magno
1093 1057 1159 1117 suis
1178 1056 1247 1117 usui
1266 1056 1336 1125 sint,
1355 1053 1499 1115 hostibus
1520 1050 1695 1133 perniciei.
1703 1048 1775 1111 Poro

965 1146 992 1205 si
1013 1148 1081 1224 qnls
1102 1168 1120 1207 e
1139 1148 1340 1227 praesidiariis
1358 1146 1610 1223 lrostiliimpetu,
1621 1142 1775 1225 antdispt·

965 1240 1051 1300 sione
1071 1242 1101 1301 in
1121 1262 1221 1301 aerem
1242 1240 1418 1302 frustillatim
1437 1240 1562 1311 evolat,
1591 1238 1677 1299 alter
1694 1256 1774 1298 uoce

965 1330 1046 1401 dere,
1066 1336 1113 1395 cui
1133 1334 1211 1397 alius
1224 1333 1394 1401 irlcutirlcm,
1413 1332 1612 1413 ocrlenique
1632 1352 1720 1393 neno
1731 1350 1776 1410 pu·

965 1444 1034 1485 cero
1054 1448 1172 1506 operae,
1193 1428 1340 1505 vitaeque.
1363 1424 1411 1485 Ad
1431 1424 1536 1501 frigus
1559 1425 1680 1495 durati,
1704 1444 1776 1505 saepe

964 1518 1110 1579 adsersus
1131 1518 1212 1585 illurl.
1233 1522 1402 1598 imbresque
1427 1538 1465 1577 uc
1489 1517 1601 1589 nives,
1631 1525 1667 1579 et
1693 1524 1776 1579 reales

964 1610 1023 1673 olio
1043 1612 1171 1688 sullirgio
1193 1634 1250 1673 oon
1263 1620 1393 1679 utuntur,
1412 1632 1510 1690 quarn
1523 1611 1644 1693 aliquo
1655 1630 1776 1673 ranorr·

104 1716 217 1770 tanturn
237 1706 443 1773 decusscrunt,
462 1724 559 1783 neque
579 1724 617 1763 ex
638 1704 836 1765 fundamentis
858 1728 905 1765 ex·
964 1724 1052 1771 nexu,
1071 1705 1117 1763 sol
1138 1706 1246 1785 nennio
1267 1706 1464 1785 rlelixispolis
1481 1707 1654 1786 inposita.
1678 1704 1775 1769 lned'ur

105 1806 216 1862 tantem
237 1800 266 1858 io
286 1798 351 1857 solo
372 1818 481 1857 murum
494 1795 618 1865 malleis,
637 1806 688 1857 aot
702 1798 851 1875 ligonibus
861 1820 907 1859 sa-
964 1816 1081 1877 quoque
1094 1799 1313 1878 patientissimi,
1332 1818 1419 1879 aquo,
1440 1797 1571 1859 tarinae
1586 1818 1773 1859 aeeuaeeoe

105 1896 146 1955 tis
165 1899 348 1959 euenerant,
367 1900 397 1949 ut
419 1888 576 1948 coneirlcrc
587 1898 708 1969 posset:
728 1893 769 1952 ita
779 1893 826 1961 iis,
839 1913 906 1951 eoru
964 1890 1064 1961 orista,
1083 1900 1201 1953 acetum
1220 1912 1297 1971 peoc
1316 1892 1473 1972 sapiente,
1506 1912 1570 1972 pro
1600 1896 1695 1971 potu,
1716 1912 1773 1972 parc

105 1988 166 2049 olla
190 1986 310 2045 moenia
337 1988 459 2043 strenue
486 1982 750 2053 conscendissent,
776 1986 906 2045 restabat
963 2002 1016 2063 pro
1036 1985 1103 2043 cibo
1124 1986 1255 2045 contenti
1269 1990 1349 2045 sunt.
1370 1983 1411 2045 Et
1420 1984 1529 2045 retulit
1551 1984 1638 2047 mibi
1652 1984 1772 2047 Poloniso

104 2078 284 2147 descensus,
303 2098 342 2137 ex
361 2096 420 2157 quo
440 2075 548 2135 ictibus
567 2074 791 2157 depellcbautur
810 2099 829 2138 a
845 2076 907 2137 lllo-
965 2075 1041 2145 lies,
1060 2078 1090 2136 in
1109 2077 1230 2139 arcibus
1249 2076 1403 2137 latronicis
1423 2075 1529 2139 luisse
1552 2086 1716 2157 repertos,
1737 2080 1771 2157 μ’

106 2173 185 2253 scis3
205 2170 289 2231 acsi
309 2167 431 2228 desilire
450 2174 629 2241 tentassent,
647 2171 806 2231 moenibus
830 2172 906 2229 (to-i-
963 2169 1005 2229 ila
1024 2190 1059 2229 so
1078 2168 1257 2248 aliquamdiu
1277 2169 1434 2241 aluissent,
1462 2176 1499 2231 ut
1525 2191 1607 2233 cun
1622 2174 1690 2255 ju
1712 2190 1770 2253 poc

104 2262 357 2323 tatisnbcxcrcitn
369 2260 482 2341 reliquo
493 2263 734 2333 secernebautur,
746 2271 778 2323 ut
788 2264 906 2323 ‹rnrrioo
963 2282 1068 2321 ornnes
1077 2264 1295 2333 occumberent,
1316 2262 1421 2343 reliqui
1430 2268 1647 2342 mperstites,
1665 2268 1768 2327 anim

105 2356 297 2415 interiissent.
319 2352 383 2415 Sed
404 2360 433 2413 ot
454 2355 574 2435 irruptio
600 2357 789 2434 quantumuis
815 2359 906 2435 priruo
962 2354 1031 2415 ticet
1049 2362 1184 2431 agerrtes,
1204 2356 1360 2417 lraerereot
1378 2353 1482 2417 adbuc
1503 2360 1599 2419 anxii
1627 2378 1698 2421 uum
1714 2378 1767 2421 suc

104 2448 318 2515 successisset,
333 2448 397 2527 jam
418 2446 607 2507 intrudoruos
620 2447 823 2525 illusliguens.
836 2470 905 2526 qua·
961 2446 1169 2511 obsidentibus
1189 2448 1348 2509 dederent:
1368 2468 1407 2509 ne
1426 2448 1587 2513 videlieet
1615 2450 1703 2513 lidan
1723 2470 1766 2511 u

106 2560 170 2601 runo
190 2540 297 2599 civitas
316 2538 425 2599 relecta
442 2544 500 2609 cst,
519 2542 560 2600 ita
581 2538 846 2611 concludclsurtnr,
874 2552 905 2601 ut

104 2636 173 2713 lgoe
192 2632 350 2713 supposito
368 2632 549 2691 coroborendi
569 2632 710 2701 luissent,
735 2634 763 2691 si
781 2632 904 2717 descon-

104 2726 237 2797 dissent3
257 2724 354 2785 blosci
380 2746 451 2785 rcro
476 2724 506 2783 in
530 2734 645 2785 murata
672 2726 806 2787 Castella
832 2748 904 2787 sese.

103 2826 168 2881 tuto
187 2818 381 2897 recepissent.
424 2818 568 2879 Accessit
594 2817 740 2880 Praefecti
768 2820 904 2881 Civitatis

104 2932 184 2981 eura,
205 2912 254 2991 qui
274 2912 351 2971 intra
370 2917 503 2971 nmrotas
522 2917 629 2983 turres,
647 2911 725 2973 alias
744 2932 861 2991 quoqne
873 2911 902 2971 li-

102 3026 197 3085 gneos
218 3005 325 3063 circum
345 3024 463 3083 quoquc
482 3006 637 3075 excitarat,
663 3004 793 3065 serendis
813 3007 902 3087 ruajo·

103 3100 185 3159 ribus
198 3098 354 3157 tormentis
374 3096 508 3167 idoneas,
528 3116 566 3157 cx
586 3099 696 3177 quibus
714 3097 837 3159 assiduo
855 3100 903 3157 lrc·

103 3192 154 3251 bat
173 3188 317 3269 explosio.
341 3188 410 3261 Quo
430 3192 496 3269 ipso
507 3189 594 3249 modo
613 3188 754 3250 Polociae
767 3210 901 3267 magnam

101 3285 199 3345 turrim
220 3302 259 3343 cx
283 3282 360 3363 ipsis
386 3282 520 3341 trabibus
546 3282 643 3343 lllosci
670 3290 902 3353 construxerant,
930 3290 935 3373 p

962 2539 1092 2620 l’rincipi
1122 2562 1241 2621 operam
1269 2562 1367 2620 usquc
1391 2540 1431 2603 ad
1465 2549 1606 2607 morte·
1635 2550 1765 2623 πρωί.

961 2631 1045 2693 llscc
1064 2632 1115 2694 illa
1135 2654 1185 2694 res
1205 2639 1262 2703 est,
1281 2654 1340 2712 qua
1353 2640 1544 2697 ornamutun
1559 2644 1765 2717 possuntque

961 2727 1037 2785 niem
1056 2725 1143 2785 simul
1164 2727 1194 2785 iu
1214 2726 1292 2787 idern
1313 2726 1499 2797 iucrmrbuut,
1522 2738 1560 2791 ut
1582 2729 1718 2793 fortiores
1731 2732 1763 2789 io·

959 2818 1041 2877 terim
1056 2818 1189 2897 pluribus
1207 2820 1343 2890 condunt,
1364 2830 1417 2881 aut
1435 2826 1525 2881 oeno
1545 2822 1711 2905 aliquunde
1723 2822 1763 2883 b

959 2916 1026 2971 stes
1047 2912 1197 2988 patientia,
1215 2912 1425 2993 diligentiaque
1445 2912 1592 2993 tetigerat.
1618 2916 1685 2979 Sed
1702 2916 1764 2977 ors

958 3003 1028 3063 alibi
1047 3004 1108 3064 alii.

1047 3192 1234 3271 VHlES
1256 3196 1455 3271 Amns*
1479 3196 1686 3275 Moscl.

102 3396 138 3435 eu
164 3394 223 3453 quo
248 3374 477 3451 circurnqunqnc
501 3374 539 3433 ad
566 3384 674 3443 costra,
702 3373 798 3434 ottavo
823 3374 901 3433 eolli-
930 3390 934 3481 p
1036 3379 1112 3437 Cum
1132 3378 1161 3435 in
1181 3397 1269 3437 unum
1289 3377 1571 3459 ipsurnl'riocipcn
1587 3380 1686 3439 onnia
1695 3400 1763 3439 con·

102 3472 226 3533 rnautes,
247 3465 296 3523 oin
316 3464 438 3523 liberonr
458 3466 547 3525 alicui
568 3464 737 3526 facultatem
749 3470 900 3546 appropin-

101 3556 209 3639 quandi
228 3557 420 3638 praebebunt.
445 3559 667 3619 intereatumcn
680 3559 778 3637 globis
794 3559 901 3637 llegio-

102 3672 165 3711 ruru
185 3671 277 3727 saepo
304 3650 371 3727 plns
398 3648 543 3727 perforata
569 3658 632 3723 est,
657 3672 744 3730 quam
765 3662 798 3713 ut
823 3656 900 3732 quic·

100 3764 186 3824 anon
208 3742 406 3801 inclinationis
426 3742 604 3805 osternlcrit:
624 3746 694 3805 licet
713 3746 840 3824 denique
850 3768 901 3807 arx

957 3476 1104 3545 geroutor,
1123 3472 1271 3539 civitates,
1289 3472 1409 3552 oppidu
1435 3474 1525 3551 pagi,
1551 3472 1677 3537 domus.
1696 3476 1762 3551 agri.

959 3562 1087 3639 praedio,
1107 3563 1212 3631 silvae,
1232 3565 1332 3633 lacus,
1359 3566 1487 3637 lluruiua,
1501 3564 1602 3627 bonor
1621 3586 1661 3629 ac
1679 3566 1762 3647 digni

958 3662 1015 3719 tas.
1036 3655 1107 3717 nibil
1128 3658 1157 3715 in
1177 3662 1236 3716 torn
1257 3663 1341 3719 vasto
1361 3663 1504 3719 terrorum
1526 3668 1627 3721 tractu
1643 3680 1761 3721 nonme

959 3750 1065 3809 xirnuur
1086 3750 1176 3809 rideri
1197 3754 1295 3828 potest
1307 3770 1408 3811 earum
1418 3752 1538 3825 virium,
1551 3764 1585 3813 et
1596 3754 1761 3835 opumqi

101 3834 246 3915 Stephani
270 3834 364 3915 Regis
383 3836 497 3905 virtute,
517 3838 720 3917 regiorumque
733 3846 850 3907 cerroto,
870 3850 901 3899 ct
928 3866 933 3947 q
959 3842 1016 3899 bns
1036 3843 1160 3922 polleat:
1180 3863 1257 3921 quac
1272 3852 1303 3902 et
1315 3846 1445 3923 urajores
1459 3848 1620 3909 aestimari
1638 3854 1760 3927 potsse

100 3928 270 3989 fortitudine
290 3933 457 4009 expugnata
477 3930 527 3989 sit.
547 3928 690 3991 l'orcoria
705 3952 774 3991 roro
786 3946 901 4011 praeter
928 3952 931 4005 1
958 3939 1029 4001 trnn,
1051 3955 1117 3995 corn
1137 3938 1226 4013 quies
1246 3938 1285 3995 ub
1303 3937 1395 3997 armis
1414 3942 1601 4001 commercia
1628 3940 1760 4003 reddcbu

99 4024 200 4084 turrino
221 4042 294 4091 eaor,
315 4022 372 4081 snb
394 4042 451 4101 qua
472 4022 611 4102 praesidii
631 4024 717 4083 unica
736 4036 822 4106 porto
843 4036 900 4097 est,

957 4026 1102 4089 liberiora.
1124 4028 1307 4107 lair'oniaque
1327 4029 1459 4099 llorcbal,
1485 4038 1519 4093 et
1546 4035 1620 4115 ipsa
1642 4034 1760 4097 Belcls'ri

100 4115 192 4177 scalis
213 4114 291 4173 urule.
311 4134 427 4193 quaque
448 4116 608 4175 corusce-udi
629 4126 740 4196 potest,
760 4119 840 4177 nullo
859 4120 899 4179 al·
958 4121 1046 4179 muris
1068 4122 1215 4196 navigatio
1235 4127 1298 4181 crat
1318 4122 1507 4201 frequentior.
1537 4128 1583 4187 Ar
1606 4150 1682 4189 rere
1706 4130 1759 4189 ts‘s

98 4214 162 4267 tero
183 4206 403 4287 propugnaculo
430 4205 550 4279 hostes,
578 4210 605 4267 si
632 4210 680 4287 qui
706 4214 901 4275 accesserint.
927 4216 931 4293 ΙΙ
955 4212 1092 4281 sublatis,
1111 4214 1158 4273 vel
1178 4215 1348 4284 imminutis,
1368 4214 1473 4276 enderu
1491 4238 1624 4299 quoque
1647 4226 1758 4285 imino

98 4299 245 4367 laedente,
267 4302 295 4359 ni
316 4320 352 4359 es
371 4300 525 4359 moerdbus
546 4302 680 4361 eominus
690 4311 841 4381 pugnetur,
855 4308 901 4366 rel
927 4324 930 4381 r
958 4326 1085 4365 neeesse
1106 4306 1169 4375 l'uit,
1199 4309 1334 4386 quauuis
1361 4328 1415 4367 uec
1439 4310 1568 4387 species
1593 4314 1758 4399 e'llajeststi·

100 4394 218 4453 eminus
231 4391 343 4475 jacula,
362 4392 479 4471 glnlrire
501 4394 731 4473 inbuqueantor.
753 4398 811 4457 Por
825 4419 900 4475 pene
927 4384 931 4421 ¹
956 4398 1107 4459 deminuto
1125 4401 1175 4469 sit,
1195 4406 1226 4459 et
1244 4399 1403 4461 thesauros
1419 4400 1535 4463 battere
1557 4406 1712 4491 Princeps
1728 4412 1758 4467 ie

99 4485 220 4547 oliorum
239 4487 347 4545 urcium
369 4490 416 4543 est
437 4487 518 4545 ratio.
539 4484 602 4545 Sed
615 4484 793 4550 Soroleoseii
813 4512 900 4570 agge·
957 4499 1063 4567 gentes
1083 4493 1284 4553 existiuretnrt
1302 4493 1342 4554 ad
1361 4514 1445 4573 quos
1457 4496 1608 4577 quicquid
1632 4502 1713 4571 lacti,
1727 4504 1757 4561 ir

96 4600 155 4649 rcs,
181 4598 258 4657 quos
277 4580 315 4639 ab
337 4599 395 4639 una
419 4583 501 4659 parte
521 4578 604 4637 alluit
624 4577 832 4658 Borysthenes
851 4585 902 4645 llu·
958 4586 1065 4645 sectivo
1084 4586 1147 4644 auri
1168 4587 1196 4645 in
1218 4586 1401 4647 blesensium
1413 4588 1606 4668 importatur,
1630 4596 1665 4655 id
1677 4616 1757 4657 omer.

101 4674 177 4743 rius,
197 4670 301 4751 triplex
321 4670 457 4753 ejusdcru
477 4672 599 4731 rationis
610 4672 744 4744 munitio,
766 4675 899 4738 editiore·
957 4683 1097 4755 qrraotuor
1111 4685 1220 4755 potest,
1231 4679 1349 4755 colligit,
1361 4700 1417 4740 uec
1426 4700 1504 4762 pene
1518 4704 1663 4765 tauquam
1677 4688 1755 4749 osso

100 4767 206 4843 quein
227 4763 292 4823 loeo
313 4770 548 4843 suprsnrouten
569 4786 635 4836 arx,
661 4786 803 4827 unacum
829 4776 900 4830 tem·
957 4772 1108 4850 permittit.
1143 4774 1304 4849 Argentum
1330 4773 1418 4833 etiam
1449 4774 1499 4835 rix
1529 4798 1672 4859 unqua·
1700 4780 1755 4841 nte

98 4856 164 4935 plo,
184 4857 369 4917 lacesserent
396 4859 548 4935 negocium
573 4861 821 4938 oppugnantibus.
860 4862 900 4924 Et
957 4874 1141 4944 exportatur,
1175 4867 1231 4925 nisi
1258 4885 1324 4925 cum
1350 4868 1457 4946 erptivi
1482 4868 1694 4943 redimuntur.
1718 4884 1757 4937 ut

101 4968 169 5007 vcro
189 4969 278 5025 agger
298 4950 362 5028 ipse
389 4952 616 5031 circumquaque
640 4953 768 5014 minimis
787 4958 900 5034 spaciis
955 4958 1043 5017 miles
1063 4964 1204 5018 externos
1223 4959 1379 5031 scribitur;
1400 4958 1478 5041 quod
1497 4966 1608 5025 tannen
1632 4990 1701 5029 raro
1724 4970 1755 5027 o.

100 5040 293 5100 l'oranriuibus
312 5052 358 5101 est
380 5044 520 5124 repletus,
540 5051 573 5104 ut
591 5046 752 5106 minoribus
771 5056 897 5109 toronen-
955 5050 1079 5111 Polliunr
1099 5056 1207 5121 outern,
1228 5058 1257 5111 et
1277 5054 1419 5113 coriorum
1433 5062 1663 5133 permutatione
1672 5060 1755 5123 bleso

97 5132 135 5189 tis
156 5133 248 5189 areeri
260 5136 384 5207 possint.
403 5138 430 5195 si
450 5140 497 5215 qui
510 5140 687 5199 tentaverint
697 5140 895 5219 irruptionem.
955 5164 1005 5222 pro
1026 5144 1151 5221 pecnnia
1171 5165 1263 5223 saepe
1290 5151 1423 5205 utrrotur:
1464 5147 1634 5231 cibumque
1660 5158 1753 5233 ipsos.

99 5224 126 5281 si
146 5242 215 5299 eruo
235 5222 343 5283 modus
364 5231 623 5293 estmrrnitiouuru.
647 5234 893 5315 Alpraesidiarii,
923 5240 928 5305 l
949 5239 975 5298 si
995 5256 1052 5315 quo
1066 5237 1407 5317 proliciscrrntuusccurr
1421 5238 1603 5321 plerumque
1617 5246 1745 5309 delerrmt
