3742 5626
56 840 71 879 1

52 1216 67 1255 ι

52 1312 66 1347 μ

52 1406 65 1447 ι

52 1482 63 1539 l

52 1596 62 1637 r

52 1692 61 1747 Ιι

52 1786 61 1825 r

52 1880 60 1921 r

652 216 709 280 uu
728 215 868 280 REBUS
888 214 1206 279 moscuvlrtcls.
1712 215 1769 274 au

100 398 164 439 mm
185 382 272 440 ctiam
293 376 398 451 rebus,
426 399 462 439 ac
483 377 657 460 corporibus
683 381 758 460 ipsis
778 399 796 441 a
816 387 848 440 tc
867 376 906 441 ad
965 377 1110 460 Stephani
1146 376 1242 455 Regis
1271 379 1429 437 exereitum
1459 384 1591 447 cernant,
1626 380 1674 457 qui
1704 379 1768 457 jam

101 472 177 533 istos
197 471 272 532 alios
293 471 395 551 Reges
416 469 592 534 dilabantur.
616 470 703 549 Quae
723 474 820 533 omnia
840 492 906 532 cum
965 470 1151 541 Plescoviae,
1194 477 1224 530 et
1248 466 1458 548 Novogardiao
1484 473 1590 531 itinera
1642 479 1672 531 ct
1702 473 1766 532 uias

100 567 324 642 cognovissem,
355 567 441 646 coepi
470 561 539 625 aliis
574 563 711 645 pluribus
742 564 906 626 rationibus
965 582 1069 624 omnes
1110 559 1292 645 praecludit:
1335 564 1485 642 conjicere
1523 572 1639 643 potest,
1678 582 1768 644 quan·

100 655 286 738 Stepirnnum
318 655 432 737 Regem
464 676 569 737 urgere
599 665 632 719 ut
660 656 767 718 saltem
797 654 837 717 ad
865 665 906 728 te,
965 664 1025 716 tum
1052 654 1123 731 tibi,
1143 676 1180 716 ae
1204 658 1265 716 tuis
1290 653 1430 715 omuibus
1456 654 1547 715 rebus
1580 654 1714 729 accedet,
1740 659 1767 717 si

101 746 347 828 quemadmodum
367 747 527 830 cupiebas,
542 748 589 812 vel
602 749 734 829 Legatos
753 768 827 810 suos
847 768 906 810 ma·
965 746 1086 810 eosdem
1114 746 1232 820 eadem,
1259 766 1345 828 quam
1371 744 1441 817 dixi,
1469 745 1610 809 facultate
1630 747 1769 811 absoluta

100 861 196 921 gnos,
215 841 262 902 rel
276 840 495 903 internuncium
514 842 642 923 aliquem
663 845 806 914 mitteret,
827 839 906 902 uude
964 842 1096 921 Legatos
1109 843 1254 902 citissime
1274 842 1391 900 miseris
1410 837 1507 921 (qnod
1526 843 1638 900 utinam
1658 848 1768 903 etcum

99 936 184 1016 pacis
205 936 344 995 tractatio
370 932 514 996 fervorem
534 935 613 996 bunc
633 934 772 996 bellicum
793 938 905 1014 mitiga·
965 933 1094 995 Sueciae
1106 933 1192 1014 Rege
1206 935 1417 1015 quamprimum
1438 932 1571 1008 laceres)
1592 952 1768 995 ureumvero

99 1035 155 1087 ret.
178 1025 242 1087 Sed
262 1046 328 1087 cnm
349 1024 420 1087 nibil
442 1031 563 1108 assequi
583 1048 720 1110 possem3
747 1027 826 1111 quod
846 1030 904 1089 exi·
965 1026 1042 1087 hunc
1063 1025 1209 1087 hominem
1231 1029 1332 1087 statim
1352 1028 1518 1097 renriseris3
1545 1045 1678 1106 quosquis
1699 1026 1768 1086 mihi

99 1116 208 1178 mendo
230 1118 352 1199 gerendi
376 1117 449 1180 belli
475 1124 600 1202 tempori
633 1119 721 1193 baec,
755 1118 907 1182 dicereta
964 1119 1079 1181 litteras
1092 1119 1218 1189 scribes,
1237 1116 1359 1180 easdem
1380 1121 1469 1179 etiam
1488 1118 1674 1199 peralterum
1687 1126 1768 1178 tuum

99 1218 132 1272 ts
160 1215 285 1292 requiri,
314 1216 393 1274 sicut
422 1215 540 1274 triennii
572 1215 735 1295 superioris
767 1216 906 1275 uastatio
964 1210 1059 1272 alierri
1079 1212 1148 1272 mibi
1169 1214 1327 1280 curaveris,
1349 1218 1383 1270 ut
1396 1213 1421 1270 si
1443 1208 1515 1291 quid
1536 1209 1668 1272 alterutri
1681 1212 1710 1271 in
1724 1214 1768 1272 iti·

101 1300 223 1364 docuit:
244 1303 364 1367 tandem
385 1305 452 1366 Deo
473 1303 648 1387 adjuvante,
668 1310 797 1369 animum
816 1306 906 1377 illius,
965 1326 1035 1366 nere
1061 1309 1262 1384 contingeret,
1289 1307 1363 1366 tanti
1390 1302 1459 1364 boni
1481 1301 1668 1365 coniectione
1688 1301 1769 1364 dilie-

102 1401 280 1458 auctoritate
300 1397 455 1460 Pontificis
479 1397 620 1472 Maximi,
652 1406 832 1481 permotum,
865 1402 906 1459 in·
966 1406 1055 1458 retur.

99 1486 183 1560 lieri,
213 1497 246 1551 ut
277 1493 304 1551 si
338 1499 406 1552 trros
426 1493 558 1571 Legatos
585 1493 712 1574 aliquem
740 1490 780 1553 ad
799 1492 906 1564 locum,
1042 1488 1132 1569 Quod
1144 1499 1240 1551 autem
1251 1493 1357 1551 attinet
1376 1486 1415 1550 ad
1435 1489 1566 1570 reliquas
1576 1509 1671 1560 arces,
1694 1508 1769 1570 quas

100 1602 160 1642 nou
180 1580 257 1644 adeo
277 1584 380 1665 procul
401 1584 470 1645 binc
491 1583 645 1661 dissitum,
664 1584 720 1647 sed
739 1585 786 1647 vel
807 1584 906 1646 iulie-
965 1592 1047 1646 extra
1073 1585 1226 1646 Livoniam
1254 1582 1426 1664 Stephanus
1447 1581 1513 1642 Rex
1533 1585 1561 1642 in
1586 1579 1698 1643 ditione
1718 1590 1769 1645 tua

100 1677 191 1753 morae
216 1675 471 1756 Novogardieusi,
503 1685 555 1739 aut
583 1677 654 1738 alibi
683 1681 788 1750 situm,
819 1697 906 1759 quam
965 1680 1051 1758 cepit,
1073 1675 1232 1757 itidemque
1254 1675 1381 1736 bellicos
1400 1683 1546 1755 sumptus,
1567 1694 1690 1756 quorum
1706 1674 1769 1736 Vil-

101 1771 226 1848 primum
248 1773 398 1843 mitteres,
417 1769 552 1831 illesuos
572 1772 672 1830 statim
694 1773 735 1832 sit
749 1774 905 1832 missums.
964 1791 1021 1834 nae
1041 1789 1106 1830 enm
1129 1773 1190 1830 tuis
1210 1771 1334 1848 Legatis
1353 1771 1463 1829 mentio
1483 1766 1562 1828 iacta
1583 1777 1645 1839 est,
1674 1788 1711 1828 ae
1730 1765 1770 1827 de

100 1858 166 1921 Sed
187 1860 217 1921 id
238 1865 312 1944 petit
333 1866 465 1935 omnino,
491 1871 524 1923 ut
550 1866 761 1944 quamprimum
788 1863 906 1927 absolu·
965 1863 1072 1946 quibus
1091 1862 1144 1924 tibi
1165 1861 1339 1944 Stephanus
1358 1861 1425 1922 Rex
1444 1860 1556 1922 ultimis
1576 1863 1640 1921 suis
1662 1859 1769 1922 litteris

99 1955 246 2015 tissimam
267 1953 372 2016 iisdem
403 1954 530 2034 Legatis
559 1959 619 2016 tuis
647 1954 817 2019 facultatem
838 1977 906 2018 con·
964 1960 1101 2039 scripsit,
1127 1977 1186 2017 non
1206 1954 1341 2016 desinam
1363 1974 1429 2015 cnm
1449 1954 1500 2014 illo
1520 1974 1628 2032 egere,
1654 1974 1712 2015 nee
1729 1952 1769 2014 de

52 2074 54 2079 ·
101 2045 182 2108 ieras
207 2046 409 2126 transigendi,
435 2047 625 2130 paciscendi,
651 2068 688 2110 ac
713 2068 906 2130 quaecunque
964 2070 1020 2133 spe
1040 2047 1153 2121 decidi,
1179 2051 1264 2129 quin,
1290 2046 1328 2107 ob
1349 2046 1505 2110 Pontificis
1524 2046 1647 2108 Maximi
1668 2054 1768 2109 aueto-

99 2139 160 2201 alia
179 2138 353 2214 decidendi,
384 2141 593 2222 praesidiaque
610 2162 646 2202 ex
665 2140 785 2203 arcibus
805 2142 907 2204 statim
964 2147 1096 2214 ritatem,
1121 2149 1152 2203 et
1171 2143 1310 2221 gratiam,
1335 2139 1434 2220 aliqua
1460 2138 1498 2202 dc
1522 2139 1582 2201 illis
1606 2142 1649 2201 sit
1667 2143 1768 2201 remis·

100 2229 286 2295 deducendi:
319 2255 406 2315 quam
435 2237 532 2315 ipsam
553 2233 739 2306 facultatem,
768 2232 848 2316 quod
867 2231 906 2297 ad
963 2256 1062 2298 surus.
1099 2232 1164 2296 Sed
1187 2241 1307 2315 etpost
1327 2240 1395 2294 octe
1416 2230 1498 2306 dies,
1517 2235 1544 2294 si
1564 2241 1685 2315 potero,
1706 2237 1769 2295 mit·

100 2325 285 2406 Stephanum
304 2327 418 2406 Regem
430 2329 552 2397 attinet,
571 2326 692 2402 curabo,
707 2334 740 2387 ut
759 2331 906 2408 primariis
963 2339 1023 2393 tam
1050 2327 1089 2390 ad
1110 2327 1279 2390 Palatinum
1298 2324 1574 2404 Norogardiensem
1600 2326 1677 2389 alias
1701 2334 1770 2388 ate

100 2438 218 2500 qnoque
237 2420 363 2498 Legatis
382 2422 448 2481 suis
469 2419 520 2481 ille
540 2422 697 2501 impertiat.
738 2421 804 2500 ligo
826 2440 907 2498 vere,
964 2423 1096 2492 litteras,
1127 2419 1235 2501 quibus
1261 2418 1428 2497 intelligas,
1460 2415 1532 2499 quid
1562 2418 1631 2480 mibi
1656 2441 1676 2482 a
1702 2418 1769 2481 sre-

100 2531 155 2593 pro
179 2532 215 2572 co
235 2532 349 2585 umore,
370 2532 428 2593 quo
448 2512 631 2574 tcSummus
650 2511 785 2574 Pontifex
805 2532 906 2594 prose·
964 2515 1063 2598 phano
1088 2514 1173 2592 Rege
1199 2531 1375 2593 responsum
1401 2513 1457 2571 crit
1477 2509 1516 2571 ad
1537 2510 1603 2583 illa,
1630 2532 1707 2593 quae
1733 2534 1769 2575 ex

106 2608 206 2684 quitur
232 2605 341 2686 (quam
370 2604 425 2667 tibi
453 2604 540 2666 iidem
568 2604 704 2667 adhaec
728 2609 909 2668 itemmtra·
964 2629 1033 2670 arce
1055 2607 1183 2667 Staricia
1209 2605 1280 2666 mihi
1307 2603 1346 2666 ad
1371 2604 1452 2665 illius
1472 2603 1589 2665 litteras
1608 2608 1768 2687 scripsisti.

101 2697 210 2759 clauda
237 2699 389 2780 pollicitus
411 2700 497 2774 sum)
522 2697 696 2780 praestabo,
721 2707 755 2759 ut
780 2697 906 2760 eundern
965 2701 1082 2763 interea
1102 2702 1194 2770 scito,
1222 2718 1269 2759 me
1294 2705 1365 2778 post
1385 2695 1506 2758 biduum
1534 2697 1603 2759 hinc
1622 2696 1770 2760 dimittere

101 2789 141 2852 ad
162 2791 258 2852 locum
287 2811 352 2850 curm
379 2792 502 2871 Legatis
529 2794 590 2851 tuis
616 2811 662 2851 me
682 2790 842 2863 conferam,
863 2813 906 2853 re·
964 2793 1000 2854 P.
1025 2792 1148 2855 Paulum
1169 2799 1302 2851 nostrum
1323 2810 1388 2850 cum
1409 2792 1447 2849 iis
1468 2789 1584 2864 litteris,
1603 2810 1679 2870 quas
1699 2791 1769 2852 mibi

101 2880 219 2964 busque
239 2885 410 2942 constitutis
430 2880 468 2944 ad
489 2890 519 2943 tc
539 2891 685 2945 revertar:
707 2893 807 2945 cetera
826 2893 906 2947 actu·
964 2884 1003 2946 sd
1023 2883 1199 2947 Pontificem
1223 2881 1385 2943 Maximum
1404 2881 1539 2962 aliosque
1558 2878 1687 2943 dedisti:
1713 2904 1770 2946 nec

100 2994 168 3046 rus,
190 2995 265 3055 quae
285 2973 324 3036 ad
340 2974 398 3035 Dei
418 2975 541 3054 gloriam
561 2974 793 3056 propagandam,
813 2987 906 3040 tuum·
966 2977 1100 3040 desinam
1120 2977 1169 3037 hic
1194 2977 1331 3055 captivos
1349 2972 1475 3035 blesens
1501 2972 1607 3036 officiis
1628 2974 1770 3039 Christia-

101 3065 264 3149 quedccus
280 3066 517 3148 amplificandum
537 3072 662 3129 maxime
682 3079 829 3151 spectant.
852 3072 908 3135 Ce·
967 3074 1023 3143 uis,
1043 3071 1179 3151 pecunia,
1199 3088 1236 3127 ae
1246 3066 1401 3148 quibusvis
1411 3074 1516 3147 potero
1527 3066 1646 3129 solatiis
1651 3071 1768 3149 juvare.

100 3170 196 3220 terum
222 3158 302 3241 quod
328 3158 366 3221 ad
400 3165 607 3223 commercium
634 3170 665 3223 et
687 3166 907 3243 negotiationes
967 3160 1057 3242 Quod
1077 3168 1111 3222 ut
1135 3168 1278 3242 perpetuo
1303 3159 1446 3230 lacerem,
1473 3168 1504 3220 et
1524 3160 1694 3224 Christiana
1722 3184 1769 3226 es·

100 3257 242 3335 pertinet,
264 3272 354 3334 quas,
374 3257 401 3315 si
422 3254 611 3316 tibiLivouia
631 3263 716 3316 esset
733 3254 908 3334 cedendum,
966 3260 1054 3329 ritas,
1085 3261 1116 3315 et
1139 3253 1309 3332 benignitas
1338 3272 1408 3332 erga
1435 3273 1481 3314 me
1506 3261 1558 3315 tua
1585 3257 1771 3317 continenter

101 3346 228 3428 putabas
250 3345 435 3429 aStephano
448 3347 534 3426 Rege
554 3368 646 3431 posse
666 3347 832 3429 prohiberi3
852 3371 908 3412 nec
967 3348 1102 3432 impellit.
1148 3345 1195 3407 Ex
1220 3345 1337 3409 Castris
1361 3341 1401 3407 ad
1426 3343 1633 3419 Plescoviam,
1666 3367 1769 3411 meuse

98 3460 170 3499 vero
200 3460 266 3500 cum
292 3440 472 3502 Christianis
491 3440 695 3522 Principibus,
715 3439 909 3505 acPontifice
966 3441 1108 3513 Octobri,
1131 3438 1215 3501 1³81.

100 3530 232 3592 Maximo
253 3550 317 3590 eam
332 3535 505 3605 amicitiam,
527 3552 613 3613 quam
626 3541 730 3612 optas,
745 3533 818 3595 coli:
840 3556 906 3615 ego,

101 3625 168 3685 Deo
188 3626 256 3705 ipso
277 3626 442 3702 aspirante,
463 3643 550 3705 qnam
568 3622 746 3685 firmissimis
763 3625 906 3689 conditio·
990 3629 1196 3706 JOANNI
1220 3628 1300 3702 111.
1333 3626 1572 3704 subulas:
1595 3631 1745 3732 REGI,

102 3716 190 3778 nibus
210 3723 330 3798 potero,
351 3714 478 3786 curabo,
498 3725 531 3777 ut
551 3736 617 3776 curn
638 3720 698 3777 tuis
714 3716 839 3794 Lagaris
859 3740 906 3781 ca·

100 3819 218 3882 reatur,
240 3830 278 3869 ne
296 3827 424 3889 unquam
446 3805 484 3867 ad
504 3816 535 3868 te
555 3808 743 3890 Principibus
763 3809 839 3883 illis,
859 3811 907 3872 vel

101 3908 169 3964 item
191 3901 347 3983 quibusvis
361 3899 590 3972 mercatoribus,
610 3911 682 3974 ate,
702 3910 790 3983 atque
810 3924 828 3965 a
847 3905 909 3966 tuis
1043 3903 1133 3975 Quod
1155 3929 1192 3969 ex
1214 3908 1315 3988 Magni
1336 3909 1513 3971 bloscoriao
1536 3910 1633 3972 lluois
1658 3914 1770 3977 ditione

100 3993 139 4058 ad
159 3994 242 4068 illos,
263 4002 344 4055 tutus
358 4014 411 4075 per
421 3994 625 4065 Lithuaniam,
646 3993 810 4068 Poloniam‚
831 4016 908 4058 sam·
967 3995 1252 4080 majesrarenme
1264 4021 1412 4082 nunquam
1420 4022 1513 4083 posss
1532 4004 1645 4067 litteras
1656 4010 1771 4072 mittere

100 4110 157 4170 que
178 4091 321 4151 Livoniae
341 4096 469 4170 partem,
488 4108 565 4168 quas
585 4085 624 4149 ad
644 4087 828 4169 Stephanum
848 4090 907 4152 Re·
967 4090 1148 4169 existimaui,
1174 4115 1210 4156 ac
1229 4105 1328 4156 tanen
1350 4116 1428 4156 nunc
1449 4096 1540 4169 laeio3
1567 4118 1604 4158 so
1630 4100 1700 4163 mibi
1721 4107 1769 4186 ju·

100 4202 167 4261 gem
187 4183 325 4253 attineat,
346 4201 404 4242 non
425 4187 527 4262 pateat
546 4177 654 4240 aditus.
694 4179 784 4258 Quod
810 4183 907 4265 ipsum
966 4183 1093 4246 cundius
1114 4197 1171 4257 est,
1193 4189 1272 4268 quod
1298 4188 1497 4271 V.blajestas
1517 4191 1670 4270 intelliget,
1698 4216 1769 4276 qm.

100 4278 119 4335 ii
141 4293 257 4354 quoque
287 4272 443 4354 Principes
476 4272 652 4345 Christiani,
682 4294 718 4334 ac
748 4278 907 4359 praecipue
966 4296 1082 4356 cunque
1102 4278 1131 4338 in
1152 4283 1273 4360 regione
1291 4285 1358 4357 sisa,
1383 4284 1413 4342 in
1433 4303 1471 4344 ea
1489 4303 1669 4367 msopersn
1688 4288 1769 4369 dare,

100 4365 238 4427 Pontifex
264 4366 414 4428 Maximus
446 4374 480 4426 ut
512 4365 671 4438 Sanctum,
705 4366 907 4450 illibatumque
966 4383 997 4428 ut
1018 4369 1207 4450 benignitatis
1229 4373 1266 4437 V.
1289 4375 1460 4458 blajestatis
1480 4397 1552 4458 erga
1570 4400 1619 4440 ms
1644 4385 1769 4466 saepius

99 4465 154 4532 sit,
191 4459 277 4520 iacile
316 4479 334 4518 a
366 4457 512 4520 Poloniae
542 4458 680 4537 Regibus
720 4459 904 4524 obtinebant
966 4461 1092 4524 collatae
1112 4467 1279 4527 memoriam
1304 4469 1502 4546 gratissimam
1527 4492 1654 4536 wrcen.
1692 4476 1768 4537 Nan

100 4553 180 4632 Quin
198 4571 290 4621 vcro,
317 4571 383 4611 cum
404 4550 537 4628 (Narra,
568 4560 599 4612 et
618 4551 688 4614 aliis
708 4553 843 4626 arcibus,
863 4564 905 4616 at·
967 4560 996 4615 ct
1016 4557 1097 4636 apud
1116 4559 1213 4640 ipsun
1233 4560 1374 4640 blsgnum
1385 4561 1509 4638 Ducem,
1529 4585 1597 4625 cum
1610 4566 1768 4645 sartum,

100 4668 157 4728 qus
188 4644 264 4706 adco
298 4642 375 4704 Vica
407 4645 482 4706 satis
518 4664 625 4723 magno
645 4644 807 4709 Livouicae
836 4670 907 4712 oras
965 4649 1056 4729 (quas
1076 4651 1173 4733 ipsius
1192 4675 1244 4715 arx
1264 4654 1470 4729 ambrosea
1489 4658 1585 4736 ipsius
1604 4657 1702 4739 Regia
1722 4665 1769 4724 tri·

101 4742 277 4810 maritimae,
310 4736 485 4799 Pernauianr
506 4758 601 4818 usque
620 4747 733 4812 tractu,
762 4760 907 4802 unacum
966 4745 1046 4820 ginta
1067 4764 1124 4805 sex
1143 4746 1318 4807 milliaribus
1331 4750 1508 4825 germanicis
1521 4749 1670 4827 distantis,
1690 4776 1769 4817 nen·

101 4830 219 4891 arcibus
235 4828 333 4901 lrode,
355 4828 438 4900 iacal,
458 4828 565 4901 b'elrel,
588 4830 760 4913 etllapsel,
779 4854 797 4894 a
819 4832 906 4896 Sere-
966 4856 1031 4896 sem
1057 4844 1255 4900 conmoratus
1283 4839 1423 4917 iuiwem,
1449 4862 1604 4923 saepeque
1629 4865 1697 4908 cum
1721 4870 1768 4925 ao,

101 4924 223 4983 nissimo
244 4925 374 4985 Salaciae
391 4921 477 5001 Rege
499 4926 610 5004 captis)
632 4923 660 4983 hi
680 4921 809 4997 videant,
830 4947 908 5008 pens
966 4931 1093 5010 ejusque
1113 4930 1292 4993 consiliariis
1320 4936 1467 5013 egissem,
1493 4936 1582 4996 incidi
1613 4958 1769 5023 peroppor-

101 5036 216 5077 onmem
235 5017 289 5077 tibi
310 5015 510 5087 commeandi,
531 5016 577 5076 vel
598 5037 713 5078 merces
731 5017 906 5098 importandi
965 5025 1035 5080 tuno
1056 5024 1084 5081 in
1104 5043 1267 5086 sennonem
1282 5047 1360 5099 cum,
1379 5029 1428 5106 qui
1442 5027 1512 5087 mihi
1525 5049 1544 5090 a
1557 5030 1768 5099 Sua-ouon-

102 5114 129 5169 iu
157 5108 344 5170 bloscoviam
371 5108 482 5171 aditum
509 5130 579 5170 csso
606 5120 694 5180 terra,
715 5115 845 5192 marique
866 5117 906 5174 in·
966 5114 1056 5189 tilios,
1077 5122 1166 5197 atquc
1184 5117 1261 5177 arico
1282 5119 1321 5178 :rb
1340 5117 1768 5192 bocScronissinoPoloniae

102 5201 279 5263 terclnsum:
305 5206 334 5263 in
361 5206 437 5284 ipsis
457 5212 555 5265 autem
578 5202 673 5265 oculis
683 5205 745 5264 trris
765 5207 907 5267 victorem
966 5204 1051 5284 Rege
1071 5216 1159 5272 antea
1180 5212 1340 5292 injunctus,
1360 5214 1517 5297 spectabat
1536 5214 1576 5277 ad
1588 5237 1691 5297 praesu
1710 5230 1767 5287 ata·

1141 3771 1333 3820 sursulus
1354 3770 1601 3820 POSSEVINUS.
