3734 5610
96 204 115 260 d
718 196 926 258 mucosum
944 197 1147 256 NdVlGss'lO

99 356 186 417 morti
217 356 418 416 occumberet.
469 354 531 428 Qui
558 356 588 414 in
615 352 720 431 eadem
742 372 817 413 nave
835 371 901 411 cum
961 351 1047 430 pulos
1066 350 1192 412 collatas
1211 352 1247 412 iri
1265 352 1433 430 sperabant.
1479 349 1546 411 Nou
1567 354 1668 416 irruitis
1688 361 1767 419 auri·

100 448 265 509 Cancelero
285 458 384 518 eraut,
409 450 466 508 etsi
487 448 624 509 comitam
643 446 782 506 discessu
799 448 903 525 (quos
962 442 1239 515 husaudiunthaec
1249 443 1388 515 Barbari,
1408 463 1443 503 ac
1456 444 1532 507 ultro
1541 466 1662 528 operam
1677 469 1764 514 suan

98 542 249 605 avulserat
272 541 459 622 tempestatis
478 542 601 601 saevitia
621 539 795 620 (plurimum
815 560 903 618 ango·
960 536 1201 618 pelliceamque
1219 541 1280 598 tam
1300 558 1397 618 aequa
1415 542 1503 616 atque
1524 538 1651 602 honesta
1665 551 1760 622 postu·

100 642 214 705 rentur,
234 641 265 695 et
283 635 403 714 ancipiti
423 654 530 694 cursus
541 633 630 694 doctu
641 637 902 704 commoverentur,
960 630 1031 690 latio
1050 628 1090 691 ad
1100 628 1248 713 Principis
1267 632 1314 693 soi
1333 652 1422 692 aures
1440 631 1535 712 primo
1554 654 1674 715 quoque
1691 638 1762 698 ts'm·

100 734 182 790 tanta
200 734 298 790 minen
320 732 429 788 ettam
448 726 579 789 mcuuda
600 726 837 786 inCancelerum
853 747 902 784 ro·
961 743 1033 805 pore
1054 724 1237 800 perterretur.
1270 724 1348 787 Tum
1358 723 1543 784 Caucalmus
1562 747 1581 787 a
1603 730 1764 812 toparchia,

100 826 211 885 lentate
236 822 471 900 reperiebantur,
503 826 535 880 ut
558 823 626 903 ejus
645 819 734 879 doctu
754 823 785 877 et
803 819 903 899 auspi·
961 818 1011 896 qui
1031 835 1098 877 cunr
1119 816 1240 897 reliquis
1258 817 1458 879 conduxerant
1474 827 1666 883 commeatum
1681 827 1765 905 petit,

102 918 158 978 ciis
176 935 281 977 omnes
302 934 392 975 casus
411 919 539 985 tentare,
559 934 595 974 ac
609 918 718 973 certum
732 912 840 988 eapitis
853 931 901 992 pe·
961 930 998 972 ac
1017 910 1140 970 obsides
1160 912 1257 988 poscit
1274 913 1303 971 in
1324 931 1427 972 navem
1448 912 1477 972 iu
1494 912 1617 975 tutelam
1629 936 1705 977 suae
1717 938 1765 978 so·

101 1009 222 1069 ciculum
243 1007 326 1069 adire
346 1028 404 1068 nou
423 1006 655 1069 reformidarent.
687 1004 823 1065 lloctam
836 1024 902 1063 coo·
962 1005 1134 1083 ciommque
1153 1005 1271 1066 salutis.
1310 1003 1368 1065 Cui
1387 1005 1563 1084 toparchae,
1584 1011 1630 1069 sui
1651 1012 1766 1072 arbitrii

101 1108 187 1163 stans
197 1100 341 1163 sodalium
353 1099 496 1170 studium,
512 1099 728 1160 solicitudinem
741 1096 834 1158 Ducis
844 1117 902 1157 uon
962 1117 1022 1156 nen
1049 1118 1120 1158 esse
1145 1097 1216 1176 quid
1235 1101 1346 1158 stabrat
1366 1096 1525 1179 Princeps,
1557 1121 1634 1181 quae
1656 1105 1686 1163 io
1706 1125 1767 1165 sua

102 1194 288 1256 mediocriter
314 1193 407 1254 auxit.
459 1193 514 1254 llle
534 1195 610 1252 enim
631 1195 694 1275 pari
715 1192 811 1251 animo
834 1210 904 1268 erga
961 1208 1050 1250 mauu
1070 1191 1111 1251 sit
1130 1189 1159 1249 id
1169 1189 1246 1251 velle
1254 1196 1420 1272 praestare,
1439 1191 1575 1273 quodque
1583 1194 1678 1254 solum
1694 1218 1764 1276 pos-

101 1288 169 1349 illos
189 1287 329 1353 allectus,
355 1287 507 1347 metuebat
527 1307 564 1346 nc
584 1306 641 1366 quo
662 1304 717 1347 suc
737 1304 835 1346 errore
855 1305 903 1344 so·
962 1287 1032 1343 suut
1050 1290 1245 1345 commeatum
1265 1284 1448 1363 pollicentur.
1478 1285 1555 1346 Dura
1574 1284 1650 1347 haec
1670 1308 1764 1368 eguu-

102 1384 211 1442 ciorum
232 1378 408 1439 salrrtemali
420 1380 584 1440 consultum
600 1376 691 1438 videri
704 1380 811 1460 possit.
833 1377 902 1438 Bre-
962 1381 1021 1445 tur,
1041 1375 1222 1438 veredarium
1243 1377 1318 1438 clam
1338 1377 1494 1449 dimittunt,
1514 1380 1564 1458 qui
1577 1382 1761 1461 lmprenun·

102 1476 176 1534 riter
197 1475 309 1534 amissa
328 1471 503 1552 reliquarum
516 1475 632 1535 navium
644 1491 713 1552 spe,
735 1471 903 1533 rursuslor·
962 1470 1021 1530 ciet
1040 1470 1078 1530 de
1097 1471 1214 1549 ignotae
1234 1472 1330 1548 gentis
1349 1473 1490 1550 appulsu,
1522 1472 1610 1533 simul
1630 1479 1664 1534 ut
1681 1476 1763 1537 illios

102 1574 203 1629 tunam
223 1567 312 1626 maris
333 1568 495 1646 experitur,
514 1565 673 1647 mundique
692 1566 781 1626 inane
800 1583 837 1624 ac
854 1584 893 1624 na
962 1564 1089 1624 animum
1108 1562 1306 1642 explorarent,
1327 1565 1397 1642 quid
1416 1564 1467 1625 ille
1480 1573 1601 1626 statuat.
1634 1568 1763 1629 Atheon

102 1669 184 1743 turae
205 1658 341 1719 damnata
360 1659 449 1737 petit,
469 1679 506 1720 eo
525 1680 622 1740 usque
643 1664 814 1737 provectus,
835 1657 902 1716 dum
963 1657 1098 1717 nundum
1118 1661 1283 1736 pergratum
1302 1656 1359 1717 luit
1379 1656 1522 1741 Principi,
1548 1658 1625 1719 adeo
1644 1662 1762 1740 quidem

66 1778 71 1787 ¹
102 1748 199 1813 noetis
219 1752 344 1829 caligine
363 1750 505 1831 depulsa,
535 1755 694 1812 continuus
714 1750 789 1810 solis
809 1749 904 1826 fulgor
962 1755 995 1809 ut
1013 1749 1089 1810 ultm
1109 1751 1196 1809 ctiam
1216 1746 1255 1810 ad
1275 1751 1384 1827 regiam
1404 1751 1548 1811 invitaret.
1585 1753 1648 1814 Aut
1666 1756 1692 1816 si
1705 1762 1761 1816 ter·

100 1854 216 1907 vastum
238 1866 316 1906 mare
336 1844 504 1909 illustraret.
556 1847 659 1923 ltaque
679 1845 818 1904 continua
836 1843 904 1903 luca
962 1843 1066 1903 restris
1086 1842 1199 1902 itineris
1219 1845 1417 1924 longinquitas
1441 1846 1528 1904 nimis
1549 1846 1674 1909 molesta
1685 1850 1762 1930 ipsis

102 1960 154 2020 per
173 1939 283 2017 aliquot
303 1937 376 1999 dies·
389 1940 453 2008 usi,
468 1937 591 1998 taudem
605 1936 703 1996 dlviuo
718 1937 837 1996 numine
848 1933 903 1995 t'or·
960 1935 1118 2006 videretur,
1139 1939 1379 1998 commerciorum
1390 1938 1501 2017 copiam
1515 1941 1580 1998 suis
1591 1939 1672 2001 lacit.
1693 1942 1762 2004 Pro·

101 2038 237 2101 tonante,
257 2033 286 2090 in
305 2032 454 2108 ingentem
466 2029 718 2110 quendamsiuum
733 2028 902 2100 deveniunt,
962 2030 1047 2090 mittit
1066 2036 1234 2111 praeterea,
1255 2032 1283 2090 si
1302 2030 1375 2091 libet
1394 2031 1432 2091 ad
1451 2051 1487 2091 se
1507 2035 1621 2103 venire,
1642 2035 1761 2097 vereda-

102 2128 151 2207 qoi
177 2126 293 2186 circiter
320 2128 438 2183 centurn
464 2122 554 2183 millia
578 2142 723 2204 passuum
749 2122 902 2183 latitudine
960 2124 1064 2183 riomm
1084 2143 1227 2203 equorum
1247 2125 1420 2205 inpensam.
1466 2123 1582 2187 interea
1601 2128 1763 2209 toparchae

102 2218 232 2295 collegit.
255 2217 289 2276 lu
310 2216 390 2277 hunc
408 2218 530 2298 ponitus
552 2217 688 2294 ingressi,
710 2216 833 2277 aavaad
852 2237 903 2277 an·
960 2216 1049 2277 variis
1069 2215 1307 2278 frustrationibus
1325 2219 1501 2299 promissum
1521 2219 1672 2293 dillerunt,
1691 2222 1762 2285 dum

102 2310 212 2371 charas
236 2308 383 2388 deligata,
413 2310 482 2370 dum
503 2311 693 2372 circumcirca
711 2312 902 2392 prospiciunt,
960 2310 1057 2370 nuncii
1076 2308 1200 2370 reditum
1221 2315 1396 2392 expectent,
1421 2311 1507 2372 aliam
1527 2334 1588 2374 rem
1599 2336 1690 2397 super
1702 2317 1762 2378 alia

103 2405 178 2464 some
204 2402 283 2463 haud
310 2398 411 2484 prechl
434 2410 557 2463 cernunt
576 2424 679 2464 navem
699 2405 902 2482 piscatoriam:
961 2402 1122 2473 musondo,
1141 2404 1403 2483 nuncreliquorum
1417 2406 1623 2487 toparcharum
1637 2430 1760 2471 consen·

102 2518 191 2577 qaam
210 2496 393 2558 Canceierus
418 2516 485 2557 cunr
509 2498 613 2578 paucis
637 2498 796 2558 comitibus
821 2496 902 2558 adire
960 2517 1035 2567 suar,
1055 2516 1133 2556 nunc
1147 2498 1273 2575 negotia,
1286 2517 1363 2557 nunc
1373 2499 1476 2557 nescio
1489 2518 1565 2578 quae
1577 2503 1644 2563 alla.
1676 2504 1761 2564 Post·

102 2591 207 2661 voluit,
228 2592 483 2652 sciscitaturuser
498 2590 709 2671 piscatoribus,
728 2598 902 2671 quaetcna,
960 2610 1045 2669 quam
1066 2610 1101 2650 se
1121 2589 1254 2651 frustrari
1275 2593 1373 2651 sensit
1393 2591 1588 2664 Cancelerus,
1620 2599 1698 2654 serio
1719 2599 1760 2656 in·

102 2687 170 2767 quis
190 2684 333 2767 populus,
352 2685 401 2764 qui
421 2704 530 2747 mores.
562 2684 606 2745 At
617 2684 658 2745 illi
670 2686 800 2746 novitate
809 2687 902 2746 territi
961 2688 1035 2754 stat,
1053 2688 1086 2743 ut
1104 2684 1242 2764 promissi
1263 2684 1348 2744 tidem
1368 2684 1506 2756 liberent,
1526 2688 1758 2748 autseulterius

102 2778 323 2856 (nequeenim
349 2778 509 2839 illiusmodi
536 2799 629 2839 naves
649 2780 678 2838 in
700 2778 750 2839 illo
770 2778 841 2839 orbe
862 2779 902 2839 vi·
961 2776 1159 2854 navigaturum
1180 2776 1313 2840 affirmat.
1352 2779 1394 2839 At
1413 2778 1608 2851 hloscevitm,
1639 2783 1758 2842 tametsi

102 2872 219 2945 deutur)
241 2891 326 2950 quam
336 2873 611 2950 maximepossunt,
630 2870 792 2950 aufugiunt.
827 2872 901 2933 Cae
960 2868 1058 2931 adhuc
1083 2871 1182 2949 regiae
1207 2873 1367 2933 voluntatis
1386 2873 1489 2933 incerti
1508 2878 1627 2945 essent,
1659 2879 1689 2935 et
1709 2894 1759 2936 ne·

103 2972 196 3024 terum
213 2963 282 3022 llux
295 2962 477 3025 Cancelerua
496 2965 646 3043 fugientes
660 2968 840 3045 assequitur,
860 2966 902 3027 illi
961 2969 1085 3025 atrorum
1109 2963 1278 3025 discessum
1304 2972 1469 3027 metuerent
1493 2965 1663 3044 (habebant
1682 2972 1760 3031 euim

103 3056 224 3139 trepidi,
257 3075 294 3117 ac
319 3064 399 3117 metu
424 3059 613 3119 semianimes
630 3057 669 3118 ad
689 3078 785 3137 genua
806 3059 903 3120 Ducis
961 3078 1090 3131 merces,
1111 3078 1188 3138 quas
1208 3059 1248 3118 illi
1268 3078 1447 3141 magnopere
1467 3061 1666 3142 expetebant)
1684 3084 1761 3123 com·

105 3151 258 3232 provoluti,
279 3149 408 3229 pedibus
427 3151 531 3213 oscula
556 3151 689 3212 offerunt.
711 3154 752 3213 Aa
770 3152 830 3213 dux
851 3174 903 3231 pro
961 3156 1060 3211 meatu
1087 3152 1243 3212 instruunt.
1295 3156 1394 3232 Atque
1421 3155 1462 3214 ita
1480 3155 1537 3214 iter
1555 3155 1760 3234 longissimum

105 3266 161 3305 sua
180 3243 322 3321 singulari
344 3242 540 3316 humanitate,
559 3250 646 3324 gestu
668 3266 704 3306 ac
724 3252 794 3305 nutu
815 3248 903 3306 mise·
962 3263 998 3305 ac
1016 3244 1105 3304 multo
1131 3244 1371 3304 molestissimum
1391 3247 1546 3323 ingressus
1566 3254 1622 3308 est.
1670 3246 1761 3321 Quod

71 3369 76 3379 ·
104 3360 154 3397 ros
176 3335 359 3408 consolatur,
384 3340 549 3421 supplicum
570 3339 668 3400 officia
687 3346 819 3410 recusat,
839 3360 905 3421 pro·
962 3335 1079 3416 quidem
1098 3337 1205 3408 trahis,
1226 3358 1344 3416 quarum
1365 3339 1507 3420 plurimus
1527 3341 1567 3400 illi
1587 3344 1666 3421 genti
1684 3364 1762 3405 usus

106 3438 276 3510 stratosque
295 3431 446 3509 amplexus
465 3435 494 3493 in
515 3433 611 3515 pedes
631 3433 747 3494 allevat.
797 3432 904 3494 lliirum
963 3427 1098 3490 coniecit.
1134 3430 1241 3492 Trahis
1262 3440 1428 3510 gestantur,
1448 3434 1761 3499 trahisoueravchuu·

106 3529 244 3603 quantum
265 3524 375 3585 laveris
393 3525 468 3587 haec
483 3525 650 3588 humanitas
667 3526 823 3608 illipostea
837 3547 904 3587 con·
962 3529 1023 3594 tut,
1042 3522 1169 3602 denique
1190 3527 1239 3586 vix
1259 3526 1318 3586 alia
1339 3546 1446 3587 novere
1467 3527 1611 3591 vehicula.
1663 3531 1761 3615 liujus

107 3618 219 3678 ciliarit.
269 3618 318 3688 lli,
338 3638 366 3677 n.
389 3618 516 3691 dimissi,
535 3641 678 3681 rumorem
698 3620 846 3701 dissipant
866 3619 904 3679 de
963 3618 1005 3676 rei
1025 3628 1184 3678 causaest
1205 3618 1410 3695 rigidissimum
1425 3620 1520 3681 solum
1534 3621 1678 3684 horrendo
1692 3627 1761 3705 gelu

108 3717 292 3789 nevageotc,
315 3711 352 3772 de
366 3711 549 3775 humanitate
562 3714 713 3792 singulari.
734 3713 905 3774 Haccsama
963 3710 1106 3788 hybernis
1132 3714 1284 3773 mensibus
1305 3719 1486 3783 concretum,
1518 3715 1556 3775 dc
1576 3736 1634 3795 quo
1653 3728 1762 3800 postea

107 3807 216 3886 ubique
237 3808 365 3878 crebuit,
384 3828 537 3869 accurrere
557 3807 677 3885 vulgus,
697 3826 732 3867 ac
752 3808 826 3867 ultre
847 3808 904 3866 ria·
963 3804 1154 3865 disseremus.
1194 3804 1299 3886 ltlajori
1320 3806 1431 3866 itineris
1451 3814 1533 3889 parte
1549 3812 1612 3892 jam
1632 3819 1761 3891 peracta,

106 3901 196 3960 ticum
216 3901 335 3972 offerre,
363 3920 418 3960 nec
438 3902 641 3962 commercium
662 3920 815 3967 recusare,
838 3900 904 3959 nisi·
963 3899 1134 3978 supervenit
1152 3899 1335 3970 veredarius,
1357 3921 1443 3980 quem
1466 3922 1557 3982 supra
1576 3905 1760 3966 ostendimus

108 4012 165 4071 que
186 4014 242 4052 nou
262 4000 325 4055 erat
344 3994 403 4054 illis
423 3997 484 4066 las,
504 3994 671 4055 inconsulto
690 4015 745 4056 suo
756 3994 904 4074 Principe,
964 3990 1039 4051 clam
1065 3991 1103 4051 ab
1125 3993 1290 4054 lrennrebis
1308 3993 1475 4056 dimissum:
1504 3998 1553 4076 qui
1578 3997 1656 4079 (quo
1677 4021 1759 4070 casu,

107 4087 407 4164 peregriuasmerees
426 4108 533 4148 emere.
558 4088 632 4149 blox
646 4088 788 4149 docentur
804 4089 907 4159 nostri,
964 4084 1128 4159 incertum)
1152 4106 1169 4144 a
1196 4087 1244 4146 ria
1267 4088 1468 4160 aberraverat,
1498 4110 1534 4149 ac
1555 4091 1651 4152 littora
1671 4096 1760 4155 maris

110 4176 231 4237 Terram
253 4199 323 4237 esse
343 4179 485 4241 llussiam
506 4188 595 4262 atque
614 4180 804 4254 hloscoviam,
826 4190 858 4242 et
877 4183 906 4242 io
966 4178 1098 4240 Tartaris
1117 4179 1213 4240 vicina
1234 4181 1388 4260 petiverat,
1409 4188 1490 4244 ratus
1510 4204 1581 4245 sese
1595 4195 1757 4248 nostrorum

110 4268 168 4328 illis
187 4269 262 4328 locis
288 4274 358 4332 lvan
381 4274 571 4335 Vasilivitsch
591 4277 671 4352 (hoc
697 4297 725 4347 n,
745 4281 809 4337 erat
827 4276 907 4336 Prin·
965 4292 1068 4334 narem
1090 4272 1130 4331 ihi
1152 4273 1343 4334 inventurum.
1382 4274 1439 4336 llic
1459 4283 1528 4356 post
1546 4279 1664 4359 longum
1684 4300 1759 4342 cuo·

111 4363 167 4443 cipi
196 4366 319 4438 nomen)
345 4366 486 4445 plurimas
511 4370 646 4429 nationes
671 4371 793 4451 imperio
813 4388 849 4430 ac
866 4369 907 4429 di·
965 4386 1027 4427 rem
1045 4365 1163 4426 taudem
1184 4366 1223 4427 ad
1244 4373 1362 4429 nostros
1381 4369 1466 4432 rediit
1479 4371 1593 4433 Ducem
1614 4375 1643 4433 iu
1655 4375 1703 4432 via
1713 4396 1760 4434 as·

111 4458 189 4516 tioue
209 4475 266 4516 sua
284 4476 386 4535 regere
407 4481 443 4519 ae
462 4461 633 4539 gubernare.
663 4463 804 4524 Vicissim
826 4467 909 4540 rogat
966 4465 1103 4527 secutus,
1124 4458 1224 4521 literas
1243 4462 1442 4543 imperatorias
1452 4465 1519 4526 illas
1531 4465 1647 4545 quidem
1662 4464 1761 4527 buma-

110 4549 260 4610 Barberus
286 4556 449 4623 nostrates,
482 4554 560 4613 unde
586 4575 681 4634 genus
702 4555 827 4621 ducunt,
858 4561 909 4613 aot
967 4554 1066 4613 nitatis
1086 4552 1292 4633 plenissimas,
1314 4557 1477 4620 (lanosicco
1495 4558 1601 4618 attulit.
1642 4552 1761 4625 Quibus

112 4643 180 4721 quid
203 4649 306 4722 petunt
324 4645 353 4703 in
365 4651 441 4706 terra
450 4646 555 4708 alicua.
586 4647 908 4708 Adhaeenostrisese
966 4647 1160 4727 imperabatur
1188 4656 1222 4708 ut
1246 4652 1344 4712 veredi
1372 4653 1428 4721 illi,
1462 4648 1675 4726 comitibusque
1695 4654 1761 4714 suis

112 4738 309 4818 Angligcnas,
330 4740 367 4800 ab
386 4741 584 4804 illustrissimo
602 4742 687 4822 Rege
699 4740 839 4801 Eduardo
854 4739 907 4802 Vl.
965 4743 1031 4804 siue
1045 4741 1138 4821 pretio
1154 4744 1416 4824 suppeditarentur.
1449 4740 1538 4812 Quod
1549 4739 1667 4820 quidem
1680 4750 1762 4806 tanta

112 4831 140 4888 in
166 4831 245 4892 illum
273 4833 371 4894 urbem
398 4837 524 4903 missos,
553 4837 663 4900 hahere
683 4856 718 4896 se
738 4834 776 4894 ad
795 4832 908 4896 illomm
966 4836 1118 4897 alacritate
1136 4835 1175 4895 ab
1196 4840 1333 4899 omnibus
1352 4841 1381 4898 in
1401 4833 1512 4914 reliquo
1532 4835 1758 4901 itincrelactita·

112 4924 270 5005 principem
288 4927 384 5007 Regis
404 4930 451 4990 sui
471 4932 625 5004 mandata,
646 4950 701 4992 ncc
720 4930 847 5011 quicque
866 4929 907 4990 ul·
966 4941 1027 4990 tum
1048 4933 1109 4998 est,
1130 4934 1163 4989 ut
1181 4931 1210 4990 io
1233 4932 1280 4991 via
1299 4931 1384 4990 etiam
1395 4935 1623 5009 compugnarent
1634 4933 1760 5012 quidam,

111 5019 153 5072 tra
174 5036 330 5094 quaerere,
351 5044 427 5102 quae
446 5024 590 5110 Principis
613 5027 659 5087 sui
679 5024 852 5091 amicitiam,
871 5042 908 5084 ac
963 5022 1019 5082 utri
1044 5021 1170 5085 veredos
1195 5044 1267 5085 suos
1291 5021 1392 5081 trahae
1407 5023 1575 5104 jungerent.
1627 5024 1760 5089 Tandem

111 5127 175 5168 rum
196 5112 386 5190 popularibus
405 5118 469 5177 suis
489 5116 676 5191 commercia,
711 5140 769 5201 qua
788 5116 906 5199 quidem
963 5119 1032 5197 pest
1050 5136 1170 5193 magicas
1190 5114 1353 5195 longissimi
1373 5115 1486 5176 itineris
1505 5119 1659 5181 molestias
1677 5121 1759 5196 (con-

111 5220 148 5261 ex
170 5223 202 5262 er
221 5204 360 5266 maximas
378 5210 520 5272 utilitates
540 5214 569 5273 in
590 5215 742 5293 utriusque
762 5213 843 5290 regui
855 5230 905 5291 pe·
960 5208 1072 5270 lecerat
1092 5211 1168 5271 enlm
1188 5206 1361 5288 quindecies
1381 5214 1506 5273 centena
1526 5214 1603 5275 milia
1620 5216 1760 5294 passum)
