3734 5610
651 206 750 270 l'lllll
769 206 813 268 ΙΝ
834 204 1108 269 Moscovraol.

70 392 187 432 neosae
210 370 379 445 benedixit,
404 377 493 450 atque
519 389 624 430 omnes
651 389 689 429 ex
709 389 746 430 ea
764 368 867 449 repleti

66 486 180 536 surmus,
200 487 218 526 a
237 464 356 523 minimo
377 482 474 541 usque
484 462 523 524 ad
536 464 705 537 maximnm,
715 461 869 542 Episcopi,

66 557 225 628 Praefecti,
244 561 334 635 atque
354 554 620 616 Archinandritae.

143 650 228 710 Tunc
238 649 374 709 asseclae
383 649 452 708 Jnhi
463 668 569 709 recens
579 650 667 709 electi
678 646 868 709 Patriarcbae

64 740 257 802 blase-reneis
284 741 362 801 dona
387 743 562 822 pulcerrima
589 743 617 801 iu
643 740 771 801 medion
792 747 865 802 utto·

66 834 177 904 lerunt,
199 833 388 895 patriarchae
417 835 543 894 maximo
569 833 752 907 exhibenda,
777 839 867 913 atque

67 935 229 986 ceterorum
259 928 417 1007 Princeps,
449 926 518 987 dum
546 927 595 987 illa
625 927 758 1002 offerret,
789 926 869 988 elata

63 1039 136 1079 voce
158 1017 392 1080 Patriarcbarom
414 1019 619 1100 Coryphaeuur
639 1018 786 1080 allocutus
807 1028 865 1079 eat.

140 1109 310 1172 Patriarcba
325 1111 457 1174 Maxime
470 1113 794 1194 Constantinopolitano
807 1111 866 1173 Oe·

65 1205 228 1279 cononice,
249 1205 456 1281 Sanctissine,
475 1205 573 1267 ¹lobos
585 1205 813 1281 l'olodimeriae,
831 1225 868 1266 ac

46 1292 238 1358 'nascor-iae
251 1297 383 1359 Sanetus
402 1296 583 1370 Patriarcba,
604 1304 692 1378 atque
712 1299 741 1358 in
753 1299 866 1379 Spiritu

63 1392 182 1452 Sancto·
197 1390 311 1462 Frater,
331 1397 361 1451 et
388 1391 596 1452 Comminister
616 1391 693 1453 haec
724 1393 776 1452 tibi
804 1411 865 1455 ιιιιι-

64 1505 135 1545 ncra
155 1483 252 1554 tradit,
272 1483 437 1555 conlidens,
456 1484 582 1546 laturum
602 1496 637 1545 ut
657 1505 694 1546 ea
712 1490 744 1545 tu
762 1483 867 1544 libenti

63 1579 161 1638 anino
187 1577 337 1656 accipias:
365 1576 532 1656 encolpium
559 1578 676 1638 scilicet
699 1577 867 1656 margaritis

63 1675 234 1748 praestans,
261 1674 291 1730 et
310 1683 435 1749 quatuor
454 1670 657 1742 carbunculis,
682 1692 720 1732 ae
743 1669 866 1754 jaspide

61 1766 91 1823 in
114 1763 209 1824 medio
229 1772 378 1834 ornatum,
403 1763 482 1843 quod
503 1763 653 1825 Christum
673 1764 785 1842 gloriae
804 1763 864 1824 Do·

62 1857 181 1929 minum,
202 1855 358 1936 Deumque
377 1858 515 1936 optimum
535 1859 689 1918 maximum
710 1859 801 1918 totius
822 1877 864 1916 or-

61 1950 110 2010 bis
125 1949 258 2031 judicem
285 1950 454 2027 inscriptum
480 1955 595 2031 gestat,
622 1971 740 2031 unaque
766 1951 864 2027 imagi·

61 2062 129 2103 oen
155 2041 272 2103 lilarieo
303 2041 435 2121 Virginis
465 2043 558 2104 totius
583 2042 681 2103 nundi
707 2041 864 2118 Dominae,

61 2141 152 2215 atque
161 2135 387 2209 Conciliatrieis,
395 2134 547 2196 Christum
555 2134 726 2196 Creatorem
737 2137 865 2196 omnium

60 2229 215 2309 optinum,
244 2227 400 2288 Dominum
429 2229 540 2308 gloriae
572 2229 708 2291 manibus
733 2228 864 2304 ferentia,

61 2321 262 2396 carbunculis,
283 2323 443 2401 multisque
463 2322 638 2399 margaritis,
658 2320 864 2400 splendidissi-

63 2434 168 2494 moqoe
188 2435 260 2475 auro
283 2412 507 2474 circumdatam:
528 2419 698 2492 argentoun
710 2420 866 2496 practerea

60 2508 183 2569 relicere
205 2506 393 2576 deauratum,
420 2508 598 2586 egregiaque
624 2507 718 2569 torma
743 2528 860 2586 cooper-

59 2607 131 2671 tum,
152 2619 207 2659 uec
229 2620 285 2659 non
307 2598 440 2660 villosum
461 2601 599 2672 sericum,
620 2606 651 2661 et
670 2622 799 2682 quonum
820 2621 862 2663 ra-

60 2714 143 2764 sum,
175 2692 324 2773 aliamque
356 2713 438 2754 more
470 2692 661 2755 Damascene
697 2693 864 2754 conlectum

62 2784 222 2862 Venatum,
243 2795 429 2866 venustaque
449 2781 548 2866 odqreo
569 2792 599 2846 et
624 2784 722 2866 pelles
747 2785 866 2846 Pontici

60 2879 152 2939 muris
171 2880 282 2958 nigros,
300 2881 508 2959 longioresque
532 2900 570 2940 ex
589 2877 722 2955 Siberis,
748 2884 781 2938 ut
800 2883 862 2939 toto

61 2973 141 3033 ritae
160 2977 230 3034 trrae
250 2976 382 3053 tempore
400 2994 454 3054 pro
475 2973 543 3054 ipso
568 2990 674 3052 preces
699 2971 739 3032 ad
766 2970 862 3032 Deum

59 3064 184 3142 babeas,
205 3063 448 3144 quemad-odon
468 3072 499 3125 et
519 3065 586 3146 ipse
599 3064 738 3125 ‘vicissim
758 3085 812 3146 pro
832 3069 863 3126 te

59 3178 164 3238 rogare
190 3177 339 3236 nunquam
364 3157 501 3222 desistet
546 3154 720 3220 Patriareha
745 3157 863 3218 sublata

60 3250 163 3313 dextra
182 3251 351 3324 benedixit,
372 3259 402 3313 et
421 3253 560 3334 optimam
580 3250 778 3314 valetudinem
800 3270 862 3330 pro·

59 3355 225 3407 natusest.

136 3437 215 3496 Deio
242 3437 350 3498 nobilis
376 3439 420 3498 rir
443 3437 482 3498 ad
507 3436 725 3517 Metropolitum
758 3436 862 3499 Hiero

57 3529 159 3592 theam
179 3547 281 3588 senem
301 3548 481 3604 conversus,
500 3527 620 3593 humilis
639 3529 801 3611 Episcopo,
820 3531 861 3592 ia-

58 3622 137 3703 quit,
166 3619 437 3682 Mooembasiensis
456 3620 584 3682 civitatis
612 3621 732 3682 inclitae
756 3623 787 3681 io
804 3623 862 3684 Pe·

57 3717 234 3797 lopoooeso,
253 3712 473 3775 Sanctissimae
497 3711 671 3775 Patriarcba
694 3711 861 3774 Volodiore·

56 3809 128 3882 riae,
150 3807 334 3878 llloscoviae,
353 3808 504 3886 totiusque
522 3804 774 3878 Russiae,Johus
792 3807 862 3869 ina·

55 3902 155 3981 gioeor
185 3902 277 3962 totius
301 3899 401 3961 mundi
429 3899 594 3972 Dominae,
625 3904 715 3979 atque
745 3898 862 3962 lllariao

59 3994 280 4057 Conciliatricis
300 3994 412 4055 ioboita
431 3991 519 4054 laude
538 3992 740 4071 dignissimae,
759 3991 862 4054 Domi·

55 4107 127 4149 oum
146 4089 259 4167 gloriae
277 4086 376 4148 Deum
396 4086 538 4168 optinum
563 4086 721 4149 maximum
739 4084 861 4149 Creatn

55 4201 117 4241 ren
138 4181 266 4240 omnium
287 4182 363 4242 inter
381 4180 469 4241 ulnas
489 4179 628 4251 serentis,
653 4180 706 4241 libi
731 4179 861 4260 largitur,

56 4264 206 4353 simulque
236 4277 379 4334 craterem
407 4277 593 4351 argenteum,
617 4293 654 4335 ac
678 4271 861 4351 deauratam,

54 4370 146 4443 atque
166 4366 274 4444 insigni
295 4365 420 4426 artificio
439 4374 621 4448 coopertum,
640 4386 697 4428 uec
716 4387 775 4429 ooo
797 4370 861 4449 pol·

53 4459 210 4520 camimum
241 4478 375 4541 ‚pannum
413 4458 604 4522 Damascene
649 4479 732 4522 moro
761 4461 859 4522 conte·

54 4558 144 4623 etun,
163 4557 253 4632 atque
273 4551 409 4613 villosum
435 4554 573 4630 sericum,
593 4554 779 4635 eximiosque
797 4574 858 4616 rnu-

54 4647 97 4707 ris
116 4643 235 4706 Pontici
254 4643 349 4727 pelles
370 4665 407 4706 ex
427 4645 555 4720 Siberis,
574 4654 607 4708 ut
627 4647 767 4728 qnandiu
784 4668 858 4709 mor·

53 4738 145 4800 talem
163 4738 241 4801 banc
260 4739 350 4800 vitam
372 4738 480 4812 duces,
506 4741 677 4802 memoriam
697 4742 777 4804 illius
796 4762 858 4823 par-

53 4851 161 4892 ennem
186 4852 292 4894 serves
317 4832 347 4892 io
376 4833 596 4913 precationibus
620 4835 696 4906 tuis,
721 4823 859 4916 quemad.

55 4921 174 4984 modu·
198 4927 266 5008 ipse
291 4925 437 4989 laetorum
462 4947 498 4989 se
523 4925 686 5008 pollicetur.
711 4927 860 5007 Metropo-

54 5018 107 5079 lita
128 5018 269 5080 inclinato
290 5021 398 5103 capite,
417 5019 512 5095 Deus,
532 5021 636 5100 inquit,
656 5023 786 5101 optimus
801 5043 859 5082 ma·

54 5111 154 5171 ximus
173 5112 226 5172 tibi
244 5133 361 5197 semper
379 5114 468 5177 adsit.

131 5201 212 5264 lde·
239 5205 348 5269 nobilia
374 5210 418 5269 vir
442 5209 528 5271 tertio
554 5206 594 5269 ad
619 5227 667 5269 ιο
693 5212 856 5271 ceterorum

1673 202 1728 266 ³81

926 367 1141 448 Episcoporom
1181 367 1331 426 minimum
1372 386 1537 428 sermonem
1573 368 1727 428 convertit.

925 459 1094 521 Humillime
1114 460 1265 540 Episcopo
1287 458 1506 532 celeberrimae,
1527 459 1729 542 frequentissi-

925 573 1051 634 maeque
1070 553 1200 633 regionis
1228 572 1320 633 propo
1345 551 1502 614 Helladem
1527 553 1614 630 sitae,
1643 552 1729 615 Elas-

926 647 1021 718 soois,
1042 666 1118 726 quae
1130 665 1200 705 vere
1220 646 1388 725 sapientum
1408 645 1512 723 gloria,
1533 654 1563 705 et
1583 652 1729 708 oratorum

926 739 1020 800 decos
1039 739 1096 799 diei
1117 743 1234 818 potest,
1253 738 1350 799 Jobus
1369 737 1589 800 Sanctissimae
1608 739 1730 801 Volodi·

925 833 1046 907 mariae,
1059 831 1242 902 Memoriae,
1253 833 1405 912 totiusque
1416 829 1731 895 RussiaePatriarcba

926 925 1080 1002 imaginare
1103 924 1157 984 tihi
1178 925 1271 984 totius
1296 923 1396 984 nundi
1416 923 1578 997 Dominae,
1598 945 1634 986 ac
1653 926 1729 986 Coo·

926 1017 1078 1078 ciliatricis
1099 1017 1212 1078 Mariae
1232 1017 1422 1078 intemeratae
1442 1016 1599 1078 nomino·
1619 1016 1730 1095 gloriae

926 1110 1076 1171 Christum
1089 1111 1231 1191 optimum
1251 1112 1410 1171 maximum
1425 1108 1594 1172 Creatorem
1604 1115 1730 1173 omnium

925 1225 997 1285 prae
1017 1206 1153 1265 manibus
1171 1205 1334 1281 gestantis,
1360 1224 1448 1280 auro,
1472 1213 1655 1284 argentoque
1676 1204 1730 1265 lul-

924 1296 1032 1375 gidom‚
1053 1303 1083 1357 et
1104 1316 1212 1356 corooa
1233 1295 1375 1357 deaurata
1394 1302 1526 1357 ornatam
1548 1296 1647 1367 tradit,
1668 1303 1728 1358 tum

924 1391 1014 1451 etiam
1034 1387 1188 1450 rotundo·
1210 1393 1352 1450 cratarem
1374 1389 1555 1462 deauratum,
1568 1394 1658 1470 atque
1670 1391 1730 1452 sio·

924 1482 1017 1562 golori
1042 1483 1166 1544 artificio
1199 1481 1394 1555 elaboratum,
1424 1503 1480 1544 uec
1512 1503 1570 1544 oon
1600 1503 1730 1564 pannum

924 1576 1116 1638 Damascene
1136 1595 1216 1637 more
1236 1575 1419 1648 conlectum,
1443 1575 1593 1658 aliumque
1619 1597 1729 1654 rasura,

922 1674 1128 1749 venustasque
1149 1669 1240 1729 noris
1268 1668 1383 1729 Pontici
1411 1667 1509 1749 pelles
1535 1689 1575 1729 ex
1601 1668 1730 1741 Siberis,

923 1768 956 1824 ot
975 1768 1038 1824 toto
1058 1766 1136 1825 ritae
1155 1772 1226 1824 tuae
1247 1769 1381 1844 tenpore
1402 1763 1541 1843 precibus
1566 1763 1627 1822 tuis
1648 1762 1728 1832 illum

924 1854 1059 1938 adjuves,
1080 1855 1325 1936 quemadmodum
1352 1860 1383 1915 ct
1407 1857 1473 1936 ipso
1503 1875 1554 1934 pro
1579 1854 1729 1915 incolumi·

922 1954 984 2010 tate
1003 1960 1054 2009 tua
1074 1969 1181 2028 prcees
1200 1969 1273 2010 suas
1293 1947 1439 2009 adDoam
1456 1947 1660 2010 indesinenter
1678 1947 1728 2013 ba·

923 2042 1013 2102 babit.
1036 2041 1121 2102 Tunc
1140 2042 1221 2103 humi
1240 2042 1303 2102 lere
1323 2045 1450 2117 stratus,
1475 2039 1573 2118 Deus,
1599 2042 1730 2124 inquam,

923 2136 1055 2215 optimus
1085 2137 1233 2196 maximus
1265 2133 1306 2194 illi
1331 2134 1443 2213 jugiter
1471 2133 1561 2197 adsit.
1611 2134 1730 2199 Exinde

924 2228 1046 2288 calicem
1067 2229 1194 2308 propriis
1214 2228 1352 2289 manibus
1371 2226 1730 2309 aecipieosPatriarchae

923 2326 1024 2401 potum
1051 2319 1147 2393 dedit,
1172 2321 1335 2400 multisque
1370 2340 1438 2382 eum
1464 2321 1602 2400 precibus
1627 2343 1727 2402 prose·

923 2418 1011 2474 cutus
1042 2424 1109 2484 cst,
1148 2422 1255 2494 postea
1282 2413 1390 2474 cetaria
1419 2411 1585 2496 Episcopis
1608 2417 1728 2498 propria

923 2507 1030 2586 cuique
1050 2527 1139 2567 manu
1158 2515 1260 2588 potum
1286 2507 1470 2570 ministrarit.
1508 2506 1727 2572 Arabimaodri·

922 2606 979 2670 tae,
1007 2608 1098 2679 atque
1124 2597 1280 2681 praelecti,
1307 2601 1466 2681 cunctique
1487 2601 1603 2663 nobiles
1622 2603 1675 2664 riri
1709 2623 1728 2663 a

923 2693 1043 2752 minino
1071 2713 1168 2772 usque
1194 2691 1233 2754 ad
1259 2693 1417 2755 maximum
1438 2713 1476 2753 ea
1497 2693 1602 2755 eodem
1633 2695 1729 2757 oalico

923 2785 1071 2861 biberunt,
1091 2785 1285 2865 collectisque
1304 2787 1440 2865 reliquiis
1459 2805 1584 2847 mensae
1595 2787 1663 2848 bois
1676 2789 1715 2848 im

920 2879 1039 2960 positus
1065 2883 1122 2938 est
1160 2877 1350 2939 surreximus
1370 2879 1457 2956 igitar
1486 2898 1606 2956 omnes,
1636 2887 1726 2960 atque

920 2972 1077 3051 gratiarnm
1095 2971 1212 3032 actione
1238 2975 1361 3052 peracta
1386 2970 1486 3034 Deum
1511 2991 1604 3053 super
1630 2974 1729 3036 omnia

921 3065 1109 3126 benedictam
1135 3063 1365 3141 celebrari-us,
1391 3084 1428 3127 ac
1454 3062 1613 3126 Theodoro
1638 3065 1727 3146 Regi,

920 3158 1087 3240 pariterque
1105 3157 1242 3237 Reginae
1265 3155 1366 3218 fausta
1385 3159 1497 3238 precati
1517 3158 1636 3221 taudem
1662 3180 1725 3240 pro·

921 3251 992 3314 tecti
1008 3272 1128 3327 sumus.
1167 3249 1340 3313 Patriarcba
1357 3249 1457 3312 Jobus
1475 3251 1606 3312 ulti-un
1639 3253 1728 3314 nobis

920 3344 1063 3407 valedixit
1082 3355 1114 3408 et
1133 3343 1348 3406 honestissime
1368 3343 1480 3405 dimisit
1499 3364 1559 3406 ona
1577 3365 1646 3406 cam
1655 3345 1726 3429 Epi·

920 3440 1034 3522 scopis,
1055 3439 1257 3520 Presbyteris,
1276 3435 1455 3510 Praefectis,
1468 3436 1726 3515 Archimaudritis,

919 3537 952 3593 ot
981 3532 1132 3595 nobilibus
1160 3533 1234 3595 viris
1264 3531 1503 3614 quamplurimis3
1534 3538 1565 3595 et
1599 3533 1726 3618 quisque

921 3623 1038 3686 domum
1059 3644 1146 3686 suam
1165 3621 1263 3683 rediit.

999 3715 1139 3782 Crastina
1158 3715 1207 3776 (lle
1227 3713 1299 3775 bora
1320 3716 1408 3776 tertia
1421 3715 1586 3778 vestiarius
1605 3717 1727 3780 adreolt

921 3809 1036 3871 litteras
1056 3809 1166 3880 serena,
1187 3812 1218 3868 et
1235 3826 1296 3868 noa
1315 3824 1382 3868 eum
1403 3827 1440 3868 eo
1459 3808 1512 3869 riri
1533 3808 1648 3888 plurimi
1664 3808 1726 3871 lla.

919 3903 1006 3980 ginae
1028 3921 1149 3964 munera
1167 3900 1306 3962 manibus
1324 3904 1495 3978 gestantem
1523 3920 1650 3981 eumque
1670 3903 1725 3967 Pa·

919 3994 1047 4057 triarcha
1066 3995 1165 4057 salute
1185 3992 1254 4056 data
1280 3992 1519 4055 benedictionem
1544 3991 1650 4057 dextra
1675 3997 1725 4058 in·

919 4089 1046 4170 pertitus
1066 4093 1161 4159 osset,
1187 4087 1237 4149 illo
1265 4084 1453 4149 Patriarchae
1480 4089 1604 4167 primum
1634 4087 1725 4169 Rogi-

920 4201 976 4242 oae
997 4180 1227 4257 Volodimeriae,
1247 4177 1438 4252 lloscoviae,
1469 4182 1620 4262 totiusque
1645 4181 1725 4245 Rus·

919 4276 984 4337 siae
1010 4274 1090 4337 dona
1113 4272 1247 4346 tradidit,
1279 4277 1339 4334 ton
1370 4274 1529 4354 unicuique
1559 4276 1726 4340 seeundum

919 4367 1062 4430 ordinem.
1083 4367 1162 4429 Post
1180 4367 1257 4429 baec
1276 4373 1402 4448 accepta
1426 4368 1533 4431 iterum
1559 4369 1724 4433 aPatriar·

919 4461 978 4523 cha
997 4461 1215 4537 benedictione,
1235 4458 1427 4541 adhibitaque
1445 4481 1463 4521 a
1483 4463 1572 4524 nobis
1591 4483 1725 4524 revereo-

918 4555 969 4632 tia‚
990 4555 1019 4616 in
1040 4554 1136 4617 aulam
1156 4552 1195 4615 ad
1215 4555 1330 4615 lraoem
1351 4552 1496 4627 Orientis,
1521 4562 1613 4633 atque
1633 4553 1724 4615 Occi·

918 4648 1032 4722 dentis,
1071 4645 1307 4717 Volodineriae,
1339 4644 1534 4718 Moscoviae,
1570 4647 1722 4728 totiusque

917 4741 1052 4804 Rassiae
1070 4740 1217 4819 Reginam
1236 4757 1377 4799 reversos
1397 4749 1457 4800 eat.
1497 4739 1614 4800 Eodem
1632 4739 1725 4802 ferme

917 4841 1052 4918 tempore
1079 4835 1134 4896 viri
1165 4833 1215 4896 alii
1243 4830 1401 4893 adsuerunt
1432 4830 1625 4894 Patriarcbae
1655 4833 1723 4895 Johi

918 4929 1091 5011 pulcerrima
1117 4927 1196 4990 ‹looa
1215 4926 1363 4998 ferentes,
1384 4945 1542 5005 aorrrnqne
1561 4925 1620 4988 dux
1641 4925 1723 4990 cbar-

917 5028 977 5085 tam
996 5023 1136 5084 manibus
1154 5019 1285 5090 tenebat,
1303 5022 1337 5079 at
1358 5024 1465 5080 cuncta
1489 5019 1648 5101 unicuique
1675 5041 1721 5082 se·

918 5116 1046 5177 eundum
1066 5114 1197 5176 ordinem
1216 5110 1418 5192 dispensaret.
1448 5111 1528 5174 lluic
1546 5112 1722 5177 Patriarcba

916 5207 1015 5270 salute
1045 5207 1114 5271 data
1134 5203 1377 5279 ‚benedictionem
1403 5206 1526 5285 largitus
1552 5213 1615 5281 eat;
1654 5209 1722 5288 ipse
