3742 5626
153 208 172 267 d
840 201 891 257 111
908 198 1124 257 nmatione

154 361 234 421 timis
259 357 337 418 belia
362 360 483 434 gerunt,
514 375 551 416 ac
573 355 733 416 ambitiose
750 352 908 415 arinrodum
930 357 960 411 et
1017 351 1100 411 «ierit
1144 351 1195 412 Ab
1214 349 1272 412 bac
1293 351 1415 428 regione
1433 349 1473 410 ad
1488 347 1673 411 Moseovitas
1694 347 1823 430 piurima

156 454 294 513 atrociter
311 449 350 509 de
370 449 493 529 imperio
513 449 675 511 decertant.
713 446 877 507 iiordarum
897 446 958 505 inti·
1017 446 1112 505 vestis
1135 445 1233 503 serica
1257 443 1422 504 adducitur.
1473 441 1632 502 Caeterum
1652 439 1822 504 mediterra-

156 547 250 604 nitnm
282 561 374 624 prope
407 562 556 601 numerum
587 561 660 600 esse
687 543 821 599 constat:
850 539 958 618 qnippe
1017 538 1064 596 nci
1086 536 1199 597 'i'artari
1221 536 1294 598 nibil
1303 542 1418 617 praeter
1429 555 1569 615 equorum
1585 535 1744 615 pernicium
1755 555 1820 612 gre-

157 636 271 698 'i'artari
296 635 335 695 ad
368 633 526 715 Catbajurn
556 655 653 713 usque
682 632 902 692 celeberrimam
928 631 958 689 in
1016 647 1086 705 ges,
1105 633 1135 688 et
1155 628 1272 689 uolriles
1292 629 1371 689 anila
1391 629 1512 688 stilorum
1531 631 1662 696 textura,
1681 626 1739 686 sed
1753 648 1820 687 eoa·

157 737 286 790 came
311 727 348 788 ari
374 729 516 788 orientem
536 725 660 786 Oceano
681 727 848 791 civitatem,
878 722 958 782 latis·
1015 723 1073 779 etis
1098 741 1134 780 ex
1154 720 1248 792 larris,
1279 721 1424 781 candidos
1443 727 1588 781 centones
1608 719 1766 799 praebent:
1801 742 1820 780 e

156 821 251 880 simas
281 820 459 883 solitudines
482 825 594 881 teuent.
651 819 743 879 i'orro
762 819 812 897 qni
832 815 957 896 proximi
1015 815 1123 893 quibus
1136 813 1264 873 Feltriae
1284 823 1387 874 vestes
1399 814 1540 892 penulae,
1561 811 1598 872 ad
1614 813 1818 891 perierandum

156 922 225 973 sunt
245 912 439 983 bioscoritis,
457 917 641 973 mercaturae
665 911 840 971 commercio
854 914 884 967 et
902 908 956 966 ire·
1014 925 1131 965 earnem
1158 906 1290 966 imbrium
1315 908 1449 988 iujuriam
1475 905 1614 975 idoneae,
1643 911 1733 985 atque
1755 907 1818 987 pni-

155 1005 315 1085 quentibus
347 1024 446 1065 comm
477 1003 688 1086 irruptionibus
711 1007 782 1063 sunt
801 1002 873 1060 noti.
924 1002 955 1058 in
1014 997 1178 1058 eberrimae
1213 999 1420 1072 coniiciuntur:
1449 1021 1467 1058 a
1498 998 1676 1059 iiloseovitia
1716 1008 1817 1060 autern

155 1097 274 1177 Europa
298 1098 337 1157 ad
362 1097 492 1156 Dromon
512 1097 641 1173 Achillis
661 1095 790 1157 Taurica
814 1095 844 1153 in
867 1093 956 1152 Cber·
1014 1088 1119 1150 iarreas
1147 1091 1266 1150 tunicas
1292 1097 1322 1150 ct
1347 1096 1517 1170 argenteam
1536 1097 1681 1151 monetam
1704 1099 1817 1169 petuut,

155 1196 346 1250 sonesosunt
358 1189 562 1267 Praecepitae,
579 1208 704 1269 querum
716 1187 859 1266 Principis
871 1186 957 1244 bitom
1014 1203 1101 1262 quum
1121 1184 1160 1244 ab
1180 1184 1218 1242 iis
1237 1184 1334 1245 omnis
1354 1185 1486 1264 eorporis
1505 1184 1618 1255 cuitus,
1639 1183 1817 1263 superiiuae·

155 1281 298 1361 Solymus
329 1282 490 1342 'furcarum
524 1285 683 1360 imperator
712 1299 831 1341 uxorem
864 1278 956 1338 duxit.
1014 1294 1073 1354 que
1102 1276 1299 1356 supellectilis
1325 1286 1486 1357 apparatus
1506 1283 1723 1337 contemnatur:
1747 1277 1816 1339 solo

157 1375 181 1432 ii
202 1373 326 1433 Paionia
351 1376 474 1435 maxime
500 1379 572 1435 snat
595 1374 712 1443 infesti,
741 1373 861 1452 lateque
880 1372 957 1431 inter
1014 1369 1121 1427 etenim
1147 1375 1273 1429 centone
1293 1369 1331 1430 ad
1351 1370 1417 1430 irati
1437 1370 1513 1429 coeli
1534 1369 1738 1430 contumeliam
1760 1370 1816 1431 ier·

153 1463 373 1544 Borysthenem
394 1473 424 1527 et
445 1466 569 1528 'iaraaim
590 1472 697 1526 ennete
715 1467 905 1546 populantur:
926 1468 957 1523 et
1012 1463 1080 1520 tiier
1099 1461 1303 1522 sustinendam
1324 1463 1454 1521 contenti
1473 1468 1557 1532 sunt,
1578 1467 1609 1521 et
1626 1461 1699 1523 solis
1709 1463 1816 1522 contisi

154 1576 221 1617 cum
243 1558 350 1618 'i'urcia
377 1561 465 1619 sicuti
484 1561 640 1639 reiigione,
665 1560 709 1618 ita
727 1567 759 1617 et
778 1559 906 1617 caeteris
924 1557 955 1616 in
1012 1556 1133 1631 sagittis
1152 1555 1268 1615 bostem
1290 1559 1406 1614 arcent:
1432 1576 1596 1635 quanquam
1619 1554 1687 1614 dum
1706 1556 1736 1614 iu
1755 1555 1816 1616 Eu·

154 1651 244 1710 rebus
263 1651 384 1710 miritiea
405 1654 609 1713 consentiunt:
629 1653 680 1732 qui
701 1653 730 1711 in
751 1650 854 1710 eadem
878 1648 955 1708 Torr-
1013 1665 1113 1726 repam
1146 1646 1361 1706 excernendum
1395 1669 1466 1707 esse
1486 1648 1707 1716 decrevissent,
1740 1649 1815 1726 prin-

153 1743 213 1802 riea
234 1741 345 1802 (latiam
366 1743 507 1820 Ligurum
529 1745 673 1804 coloniam
690 1743 838 1810 obtinent,
858 1740 943 1800 'ibeo
1013 1739 1096 1815 cipes
1108 1759 1208 1800 eorum
1223 1739 1336 1800 terreas
1348 1739 1451 1817 galeas
1462 1747 1492 1800 et
1505 1741 1621 1810 loricas,
1639 1738 1816 1819 gladiosque

151 1834 268 1895 dosiam
286 1837 449 1914 antiquitus
468 1837 652 1918 appellatam.
695 1835 721 1892 ii
740 1854 809 1893 vero
830 1833 955 1903 Tartari,
1014 1829 1149 1903 ialeatos,
1169 1853 1188 1892 a
1202 1832 1306 1893 Persis
1327 1842 1429 1895 nostre
1448 1838 1629 1914 tempestate
1642 1834 1815 1896 coemerint.

152 1928 201 2006 qui
233 1928 310 1987 inter
336 1927 461 1990 Tanaim
492 1935 522 1989 et
543 1929 661 2005 i'oigam
686 1946 803 1986 amnem
830 1926 858 1984 in
878 1925 955 1986 Asia
1013 1922 1184 1984 Ameririie
1201 1924 1430 1986 Moscovitarnm
1457 1925 1535 1986 lines
1555 1925 1661 1985 iisdem
1681 1925 1719 1986 ab
1742 1925 1812 1986 'iar-

153 2018 234 2079 iatos
271 2040 394 2101 campos
427 2022 608 2091 inhabitant,
636 2017 753 2079 Basilio
777 2018 955 2079 biosceaita·
1012 2017 1084 2076 iaris
1105 2017 1290 2089 clauduntur,
1315 2019 1365 2097 qui
1390 2038 1481 2094 sarna
1507 2017 1647 2077 biaeotira
1673 2017 1812 2098 paludem

151 2133 212 2172 rum
233 2115 294 2191 regi
314 2117 434 2193 parent,
453 2118 483 2172 et
497 2115 704 2193 imperatorem
714 2110 872 2192 aliquando
886 2112 953 2192 ejus
1012 2109 1040 2168 in
1051 2110 1138 2179 Asia,
1158 2117 1188 2171 et
1204 2112 1281 2172 cirea
1295 2111 1401 2171 iiurios
1412 2108 1630 2189 Borysthenem
1642 2117 1673 2171 et
1686 2110 1812 2172 Tanaim

145 2204 260 2286 jndicio
285 2205 427 2284 deligunt.
476 2207 555 2264 inter
573 2224 629 2265 eos
648 2203 773 2274 Cremii,
804 2205 953 2264 intestinis
1010 2203 1039 2261 in
1060 2208 1144 2285 parte
1163 2203 1310 2283 Europae,
1331 2204 1486 2285 planiciem
1506 2207 1544 2262 ad
1557 2202 1733 2282 Hercyniam
1749 2224 1811 2265 ner·

150 2296 348 2357 seditionibus
367 2299 552 2367 laborantes,
582 2318 672 2377 quum
692 2302 781 2358 antea
796 2299 903 2377 opibns
922 2303 952 2358 et
1009 2304 1125 2372 gentem
1147 2303 1257 2358 tenent.
1295 2297 1456 2368 Roxolani,
1477 2295 1572 2357 Getae
1597 2304 1628 2358 et
1647 2295 1812 2357 Bastarnae

149 2389 219 2447 beili
239 2390 331 2466 gioria
350 2392 478 2450 maxime
499 2390 678 2459 valuissent,
697 2390 803 2469 paneis
822 2399 951 2450 antean·
1008 2388 1172 2468 antiquitus
1190 2410 1257 2450 eam
1277 2389 1392 2468 plagam
1411 2389 1569 2459 incoluere,
1589 2388 1811 2450 undeiiussiae

150 2481 197 2539 nis
217 2481 296 2540 vires
315 2482 404 2541 simui
423 2481 952 2563 acomuemdignitatemamiserunt.
1010 2499 1116 2539 nemea
1137 2480 1294 2542 eilluxisse
1319 2480 1508 2554 crediderim
1542 2502 1607 2542 raam
1633 2481 1810 2542 bitbuaniae

151 2572 249 2632 Trans
274 2572 419 2650 Volgam,
450 2574 571 2635 Casanii
598 2574 827 2634 dioscoritarum
854 2575 951 2634 amiei-
1009 2579 1132 2652 partem,
1160 2573 1303 2634 iiussiam
1331 2574 1483 2656 appeliant
1507 2574 1690 2635 interiorem:
1721 2594 1809 2654 quum

150 2666 221 2725 tiam
242 2666 381 2746 religiose
401 2667 514 2737 colant,
535 2687 571 2727 ae
585 2687 685 2728 eorum
695 2688 731 2727 se
741 2667 866 2727 clientes
877 2686 951 2726 esse
1009 2665 1075 2745 ipsa
1095 2665 1265 2737 bioscovia,
1296 2666 1413 2728 Russia
1437 2667 1506 2728 niba
1530 2672 1719 2745 nuncupetur.
1760 2666 1810 2725 Li·

148 2758 330 2838 profitentur.
380 2759 466 2821 Ultra
491 2759 641 2820 Casanios
669 2759 707 2821 ad
728 2758 854 2819 Boream
881 2763 951 2819 snrrt
1008 2755 1131 2819 ibuania
1157 2760 1256 2839 itaque
1274 2761 1314 2820 ab
1340 2759 1409 2819 Cori
1437 2761 1516 2820 venti
1541 2759 1659 2820 tiatibus
1690 2756 1809 2817 bioseo·

148 2851 306 2922 Sciabani,
325 2852 512 2912 multitudine
532 2857 726 2912 armentorum
746 2872 782 2913 ac
801 2851 950 2912 hominurn
1009 2850 1085 2909 viam
1116 2857 1249 2931 spectat:
1275 2853 1314 2914 ab
1338 2872 1448 2915 occasu
1482 2873 1566 2922 vero,
1597 2850 1810 2910 mediterranea

147 2949 299 3022 potentes.
338 2943 414 3004 Post
434 2965 489 3005 eos
509 2951 579 3005 sunt
597 2944 708 3024 Nogai,
732 2947 784 3024 qui
804 2965 949 3004 snrrrmam
1008 2941 1151 3004 Prussiae
1171 2950 1262 3024 atque
1280 2945 1426 3006 Liveniae
1447 2946 1522 3025 ipsis
1540 2944 1726 3005 biosenvitae
1747 2944 1808 3001 irari·

145 3033 236 3095 bodie
255 3056 342 3113 opum
362 3046 393 3096 et
405 3038 531 3097 bellicae
551 3037 650 3097 landis
669 3039 804 3097 obtinent
823 3038 949 3097 auetori-
1008 3033 1064 3094 bns
1083 3035 1259 3108 inseruntur,
1279 3039 1329 3098 ubi
1349 3058 1429 3098 maro
1449 3039 1645 3099 Sarmaticum
1664 3038 1702 3097 ab
1722 3036 1809 3114 Cym-

147 3132 245 3188 tatem.
279 3127 389 3188 Eorum
408 3129 512 3190 lierda
530 3150 615 3210 quam
635 3130 819 3207 amplissima
841 3129 949 3188 nulium
1008 3127 1106 3188 briaae
1133 3127 1317 3190 Chersonesi
1342 3131 1488 3207 angustiis
1513 3130 1682 3208 irrumpens,
1708 3128 1809 3187 innato

144 3218 236 3280 babet
260 3223 482 3300 imperatorem,
511 3222 567 3283 scd
592 3221 788 3299 Reipublicae
812 3220 950 3281 Venetae
1007 3219 1075 3279 siau
1094 3219 1133 3279 ad
1152 3221 1331 3298 Aquilonem
1350 3221 1518 3283 iniiectitur.
1545 3220 1577 3279 in
1598 3227 1810 3279 extremorero

147 3332 227 3372 more
247 3313 336 3372 muita
356 3313 684 3394 seniorumprudentia,
704 3319 949 3393 streormrumque
1007 3314 1075 3394 ejus
1095 3310 1210 3372 Oceani
1230 3312 1335 3383 littore,
1355 3313 1405 3371 nbi
1426 3311 1580 3389 Norvegia
1599 3316 1688 3388 atque
1702 3310 1810 3374 Suetia

145 3405 252 3465 viante
271 3405 458 3482 gubernatur.
510 3405 595 3468 Ultra
614 3407 764 3487 Nogajos,
789 3406 868 3467 baud
888 3427 948 3466 ma·
1005 3402 1191 3483 amplissima
1208 3423 1309 3481 regna.
1349 3401 1481 3462 istbome
1500 3402 1587 3462 veluti
1600 3403 1808 3481 quodamcon·

144 3514 202 3573 gno
231 3496 269 3556 ad
302 3497 454 3557 meridiem
485 3498 616 3570 deiiexu,
650 3519 756 3560 versus
776 3498 947 3577 iiyrcanum
1005 3494 1444 3573 tinentiadbaerent,bapones
1459 3495 1599 3565 existunt,
1618 3515 1808 3578 genssupra·

143 3609 238 3659 mare,
258 3589 401 3665 Zagatbai
422 3590 610 3651 Tartarorum
631 3592 820 3661 nobilissimi,
840 3589 947 3670 oppida
1006 3606 1091 3667 quam
1100 3587 1659 3668 medibiiesitagrestmsuspieiosaet
1675 3589 1808 3649 aeonae

144 3681 243 3761 iapida
268 3689 438 3743 constructa
463 3684 611 3754 incolunt,
643 3686 812 3763 regiamque
838 3683 948 3742 babent
1006 3683 1119 3742 externi
1140 3680 1268 3741 bominis
1293 3683 1464 3760 uestigium,
1491 3680 1658 3758 navigiique
1683 3702 1807 3760 eorrspe·

144 3774 373 3834 samarcandam
394 3776 512 3846 urbem,
543 3777 670 3835 eximiae
690 3774 897 3853 magnitudinis
917 3781 947 3834 et
1005 3779 1093 3844 mum,
1111 3774 1238 3835 maxime
1257 3772 1357 3853 fugax.
1396 3773 1441 3834 Ea
1461 3793 1557 3853 neque
1578 3774 1688 3852 iruges,
1709 3796 1809 3853 oeque

142 3867 300 3947 claritatis:
330 3886 417 3945 quam
437 3868 592 3938 lanarios,
613 3869 755 3929 maximus
774 3866 946 3945 Sogdianae
1005 3887 1100 3944 poma,
1120 3886 1217 3946 nequo
1237 3868 1329 3928 ullam
1349 3867 1527 3927 emeinovei
1540 3872 1646 3937 terrae,
1666 3867 1713 3927 rei
1730 3869 1807 3928 eoeli

143 3961 241 4018 amnis
261 3959 417 4027 interlinit,
437 3966 526 4040 atque
546 3961 615 4020 inde
635 3961 672 4020 mi
695 3969 813 4020 eentum
825 3960 945 4019 miliaria
1005 3959 1215 4035 benignitatem
1227 3961 1322 4020 norit:
1342 3958 1408 4021 sola
1422 3958 1583 4037 sagittandi
1595 3962 1697 4037 peritia
1708 3961 1808 4021 eibum

143 4050 172 4107 in
194 4070 272 4108 mare
293 4050 434 4127 (iaspinm
456 4052 622 4112 offunditur.
674 4053 748 4112 Cum
771 4053 809 4111 iis
828 4051 946 4132 populis
1004 4057 1101 4131 parat:
1142 4053 1290 4132 reamque
1323 4051 1448 4112 leramm
1481 4053 1645 4129 tergoribus
1672 4053 1805 4113 vestitur.

144 4150 244 4199 aetate
265 4146 365 4200 :rosim
383 4140 519 4203 iiismaei
539 4143 677 4224 Sopbus,
702 4165 755 4204 rex
777 4143 946 4213 Persarum,
1006 4143 1113 4204 Gentis
1124 4143 1243 4216 cubilia,
1257 4146 1433 4206 cavernulae
1444 4146 1567 4206 siccatis
1580 4144 1806 4222 repletaeiollis,

146 4231 235 4289 dnbio
255 4252 348 4309 saepe
367 4237 474 4292 eventu
495 4237 573 4296 belia
593 4238 705 4314 gessii:
726 4238 889 4314 timoreque
899 4256 946 4294 eo·
1004 4237 1130 4315 canique
1149 4237 1284 4296 arborum
1306 4238 1436 4316 stipites,
1463 4258 1539 4316 quos
1565 4237 1613 4297 rei
1638 4239 1806 4298 intromissa

146 4343 207 4381 rnrn
229 4323 390 4392 adductus,
415 4324 484 4383 dum
504 4329 584 4388 vires
601 4350 707 4389 omnes
727 4329 946 4388 imminentibus
1004 4328 1131 4399 damma,
1152 4330 1198 4389 vei
1218 4330 1286 4411 ipsa
1302 4334 1448 4399 vetustas,
1473 4328 1593 4390 inducta
1616 4331 1696 4390 carie
1721 4330 1806 4390 labri-

145 4421 347 4493 opponuntnr,
367 4415 488 4494 Solymo
508 4421 947 4491 unaaeievietoriArmaniam,
1004 4422 1087 4481 earit.
1128 4422 1228 4502 Aliqui
1248 4421 1287 4482 ad
1307 4441 1395 4492 mare,
1414 4422 1465 4483 ubi
1485 4422 1593 4500 iugens
1617 4429 1665 4482 est
1685 4428 1807 4503 captura

145 4506 372 4585 'i'aurisiumqne
392 4510 473 4584 regni
493 4516 581 4589 eaput
599 4511 728 4591 praedae
748 4512 871 4590 reliquit.
891 4513 946 4573 Sa·
1003 4512 1138 4591 piscium,
1157 4515 1276 4595 ineptis,
1293 4513 1350 4575 sed
1364 4514 1502 4577 felicibus
1515 4515 1677 4576 artificibus
1690 4517 1805 4594 piscan-

146 4599 306 4659 mnreanda
325 4601 398 4659 urbe
418 4611 503 4660 ortus
522 4613 570 4662 est
581 4602 810 4672 Tamburlanes,
829 4607 895 4664 sive
914 4611 947 4665 ut
1003 4609 1058 4674 tur,
1078 4605 1261 4685 duratosqne
1282 4608 1361 4667 sumo
1380 4609 1482 4688 pisces
1500 4614 1639 4684 tanquam
1655 4627 1729 4669 suas
1748 4608 1805 4667 iru-

144 4691 317 4752 Demetrius
337 4691 493 4752 dicendum
513 4701 625 4764 monet,
645 4693 875 4767 Themireutlriu,
895 4699 945 4777 qui
1001 4716 1060 4776 ges
1085 4698 1258 4760 recondunt.
1303 4700 1478 4782 Laponibus
1508 4699 1617 4773 exigua
1649 4716 1805 4777 corporum

144 4784 315 4863 Bajazetem
327 4783 530 4856 Ottemannm,
550 4786 945 4868 bnjusSoiimanitritavum,
1004 4794 1131 4861 statmo,
1158 4791 1243 4851 luridi
1269 4795 1446 4872 contusique
1470 4788 1586 4856 vultus,
1612 4786 1707 4865 pedes
1732 4809 1803 4849 vero

145 4877 223 4952 apud
244 4879 393 4955 Aneyram
417 4877 554 4940 Galatiae
583 4881 682 4940 urbem
704 4882 814 4959 ingenti
832 4881 944 4960 praelio
1005 4882 1194 4945 velocissimi.
1207 4886 1433 4963 ingeniosoru-
1441 4880 1542 4960 ueipsi
1551 4877 1669 4959 quidem
1681 4883 1803 4957 proximi

146 4978 316 5044 superatum
343 4973 434 5049 cepit,
467 4980 499 5031 et
519 4965 704 5052 peromnem
725 4974 829 5034 Asiam
849 4974 888 5033 ab
909 4993 945 5032 se
1003 4974 1188 5037 bieseoritae
1213 4982 1372 5046 noverant,
1406 4993 1494 5052 quum
1519 4991 1574 5031 eoa
1600 4991 1690 5051 parra
1713 4995 1803 5037 manu

143 5057 262 5116 terribili
282 5063 399 5120 maximi
419 5066 565 5125 exercitus
583 5067 692 5146 impetu
712 5066 869 5135 devictam,
890 5065 945 5124 ier·
1002 5067 1133 5144 aggredi,
1153 5069 1284 5130 exitialis
1303 5066 1437 5128 insaniae
1456 5084 1530 5125 esse
1551 5063 1666 5126 dicant:
1687 5070 1802 5146 magnis

144 5171 194 5207 rea
214 5149 358 5209 inclusum
379 5173 484 5225 eavea,
505 5159 533 5215 in
553 5159 692 5239 triampbi
708 5178 813 5236 pompa
822 5158 941 5219 circum·
1003 5179 1073 5220 nero
1097 5162 1194 5240 copiis
1217 5163 1334 5240 inope·
1359 5176 1455 5219 rma:
1480 5158 1611 5218 omnium
1635 5161 1726 5223 vitam
1749 5160 1801 5221 du·
