3742 5626
732 182 736 191 .
773 134 900 201 PAULI
919 133 1185 201 comentariu

719 1209 921 1287 LIBER
954 1209 1246 1288 TERTIUS.

882 1551 1081 1582 -0-1—

228 2099 380 2162 Basilides
405 2121 472 2163 cum
498 2100 537 2163 ad
564 2123 629 2163 cum
655 2098 773 2162 modum
792 2121 882 2180 supra
903 2100 954 2161 bo·
1015 2101 1114 2160 sarius
1134 2098 1294 2170 excitatur,
1315 2099 1353 2160 de
1376 2118 1433 2178 quo
1454 2101 1571 2160 minime
1591 2101 1748 2181 suspicati
1768 2099 1819 2160 tur.

152 2195 259 2255 minum
280 2194 368 2255 tidem
387 2196 505 2256 immani
525 2195 680 2273 superbia,
701 2194 892 2272 erudelitate,
912 2199 954 2255 at·
1014 2199 1088 2254 rant.
1127 2191 1223 2274 Cujus
1242 2192 1300 2263 rei,
1320 2213 1358 2252 ne
1378 2192 1495 2271 longios
1514 2210 1690 2271 evagemur,
1711 2191 1821 2253 eviden-

152 2306 210 2366 que
242 2287 381 2365 libidine,
418 2294 449 2349 et
487 2287 608 2369 reliquis
648 2287 828 2349 immoderati
864 2287 955 2350 animi
1013 2287 1160 2357 tissimum
1181 2282 1334 2346 Basilides
1354 2286 1410 2345 erit
1429 2291 1646 2364 argumentum.
1690 2286 1749 2349 llle
1768 2288 1821 2367 qui·

152 2376 365 2458 cupiditatibus
384 2390 551 2462 corruptus,
572 2380 722 2440 barbaram
746 2381 813 2451 vim,
834 2380 954 2456 caedes,
1015 2378 1082 2440 dem
1102 2377 1295 2457 gravissimas
1315 2377 1400 2438 etiam
1428 2400 1446 2439 a
1470 2378 1589 2440 tortum
1608 2377 1725 2460 plagas
1745 2398 1821 2441 aree

151 2467 323 2542 bomicidia,
343 2473 510 2543 cruciatus,
537 2473 660 2549 samem,
680 2475 906 2555 vastitatemque
925 2479 956 2534 et
1013 2472 1073 2553 pit,
1103 2470 1316 2550 plurimumque
1347 2476 1448 2532 tantm
1476 2473 1629 2551 potentiae
1659 2472 1823 2534 admixtum

153 2560 216 2623 dira
242 2563 379 2625 malorum
408 2564 591 2627 incommoda
617 2565 731 2626 ciuibus
763 2567 830 2627 suis
859 2572 890 2628 et
914 2567 953 2626 in·
1014 2563 1070 2624 suit
1092 2564 1277 2625 acerbitatis.
1322 2562 1400 2624 Nam
1428 2569 1459 2625 ct
1481 2563 1669 2625 sterilitatem
1706 2565 1823 2627 samem·

153 2655 250 2717 noxiis
278 2655 448 2720 bominibus
476 2658 641 2729 attulisset,
670 2659 712 2720 ita
740 2665 774 2719 ut
804 2680 863 2720 non
889 2660 956 2722 suis
1014 2677 1072 2738 que
1092 2655 1249 2719 admodum
1266 2656 1418 2717 crudelem
1431 2674 1540 2738 passus
1552 2661 1614 2727 est,
1637 2664 1670 2719 et
1680 2659 1826 2719 intestina

151 2753 276 2821 tanturn,
294 2771 394 2813 rerum
414 2752 502 2813 etism
522 2753 670 2813 communi
688 2751 838 2814 bominum
859 2754 955 2815 socie·
1014 2770 1131 2832 quoquo
1151 2748 1301 2810 discordia
1321 2759 1463 2811 vexatus:
1489 2769 1527 2811 ne
1548 2749 1625 2830 quid
1642 2752 1763 2812 interim
1786 2749 1825 2811 de

151 2843 218 2920 tati,
244 2851 275 2906 et
295 2844 423 2926 deniquo
441 2847 599 2907 universae
619 2865 715 2906 rerum
732 2852 855 2910 naturae
874 2867 954 2909 acer·
1012 2843 1185 2926 pestilentia
1204 2842 1311 2919 dinam,
1330 2863 1406 2922 quae
1426 2864 1463 2905 eo
1483 2844 1657 2922 praesertim
1675 2849 1824 2926 tempore.

153 2935 210 2996 lius
237 2948 268 2998 ot
294 2937 452 3000 luctuosus
478 2938 641 2999 videretur:
668 2944 805 3001 secutum
832 2941 952 3002 demum
1013 2957 1072 3017 quo
1103 2935 1233 3014 lllaguns
1266 2937 1433 2997 Cimbricus
1458 2938 1488 2996 iu
1512 2933 1708 2998 Moscoriam
1736 2940 1822 3007 renit,

152 3033 199 3087 est
239 3027 268 3088 id
310 3036 443 3111 tompus,
483 3030 561 3110 quod
600 3033 743 3091 maximus
776 3033 826 3093 ille
856 3054 953 3094 rerum
1012 3031 1142 3109 vulgatis
1160 3030 1279 3090 minimo
1299 3035 1435 3090 contactu
1447 3028 1556 3089 morbis
1571 3029 1669 3090 totius
1692 3033 1822 3111 regionis

152 3120 280 3180 omnium
311 3122 480 3184 moderator
508 3129 539 3183 ot
568 3123 714 3185 Dominus
745 3125 871 3186 clamore
902 3126 952 3187 bu·
1013 3123 1119 3184 taciem
1150 3121 1349 3202 multiplicatis
1381 3121 1535 3184 funeribus
1559 3122 1606 3181 ita
1636 3121 1820 3191 deformarit,

152 3214 230 3275 mani
266 3217 420 3293 sanguinis
455 3216 493 3276 ad
528 3217 686 3278 vindictum
724 3219 891 3289 excitatus,
924 3225 954 3279 et
1012 3220 1046 3276 ut
1064 3236 1119 3296 per
1138 3235 1242 3274 omnes
1272 3214 1335 3274 lere
1359 3215 1424 3276 vias
1450 3213 1678 3276 innumerabilia
1696 3221 1820 3275 mortuo·

151 3306 354 3384 uragnitudinc
372 3308 516 3368 scelerum
537 3309 685 3375 offensus.
712 3330 780 3370 eum
800 3317 954 3390 tyrannum
1012 3329 1076 3369 rum
1097 3307 1244 3369 cadavera
1263 3310 1330 3369 sine
1349 3307 1461 3368 bonore
1481 3306 1661 3388 sepulturas
1677 3307 1823 3388 dispersa,

152 3399 361 3476 praesentibus
388 3400 493 3478 poenis
519 3411 551 3459 et
576 3402 769 3463 incommodis
793 3404 834 3463 ita
853 3404 954 3464 verbe
1013 3420 1178 3481 canumque
1207 3408 1237 3461 ct
1262 3403 1358 3464 arium
1385 3401 1496 3463 laniatu
1524 3400 1631 3461 mirum
1658 3403 1690 3462 in
1711 3401 1822 3464 modu

153 3489 237 3559 ravit,
257 3490 312 3560 itn,
332 3491 467 3570 inpiam,
486 3491 638 3555 evidenter
657 3505 688 3555 et
706 3495 801 3573 clare,
820 3503 853 3558 ut
873 3497 954 3558 dubi·
1013 3494 1174 3556 deloedata
1198 3496 1449 3576 conspicerentur.
1498 3492 1668 3555 Accedunt
1693 3493 1823 3556 Tarum

152 3581 206 3643 turi
237 3600 295 3641 oon
324 3584 435 3663 possit,
466 3585 563 3666 ipsum
593 3608 665 3649 esse
694 3608 831 3650 severum
859 3592 955 3652 omnis
1013 3608 1079 3650 rum
1100 3587 1273 3669 trequentes
1294 3587 1450 3649 admodum
1471 3588 1711 3669 impressiones,
1730 3610 1750 3648 a
1768 3589 1821 3668 qni

152 3676 310 3755 impietatis
330 3678 463 3737 ultorem.
511 3677 577 3740 Nec
596 3684 754 3762 quisquam
774 3683 955 3763 interrogare
1014 3683 1071 3743 bus
1090 3687 1136 3741 tot
1155 3681 1244 3741 bellis
1264 3691 1404 3756 rexatus,
1429 3681 1519 3741 toties
1544 3680 1576 3739 in
1603 3678 1713 3761 sogam
1732 3682 1821 3763 esaje
1863 3706 1865 3717 ⁴

152 3767 258 3845 debet,
283 3772 349 3850 quis
376 3770 530 3832 habiturus
558 3775 599 3835 sit
623 3775 826 3854 quaestionem
853 3776 891 3837 do
909 3782 953 3857 ty·
1013 3781 1081 3836 etus
1106 3781 1170 3846 est,
1200 3793 1324 3854 cumque
1353 3772 1500 3835 adversus
1530 3772 1648 3835 hostes
1679 3776 1820 3855 regiona

152 3864 269 3939 rsnnis,
288 3865 356 3945 quis
376 3863 444 3925 illos
463 3873 676 3944 accusaturus,
696 3868 764 3948 quis
784 3868 864 3930 litem
883 3869 953 3931 defi·
1012 3888 1097 3930 suam
1119 3887 1175 3928 eos
1193 3869 1268 3928 tueri
1294 3887 1353 3927 uon
1378 3872 1497 3947 posset,
1523 3870 1647 3947 esptnm
1672 3888 1736 3930 nnn
1753 3867 1819 3930 ten

152 3957 281 4028 ultimus,
318 3960 387 4038 quis
415 3978 537 4038 poenam
568 3962 747 4039 irrogaturus
778 3962 837 4023 sitl
872 3970 953 4025 certe
1012 3959 1160 4030 defendit,
1179 3959 1235 4021 sed
1255 3981 1328 4022 auro
1349 3959 1481 4022 redemit
1521 3957 1692 4022 Raudium
1712 3978 1819 4043 quoqu

151 4048 241 4111 lletus
275 4050 445 4112 miserorum
480 4050 645 4125 bominum,
683 4073 761 4134 quos
795 4055 954 4118 crudeliter
1012 4055 1091 4116 bello
1110 4053 1270 4114 infeliciter
1289 4071 1453 4132 aggressus
1472 4058 1537 4127 est,
1566 4062 1770 4137 sumtumqae
1784 4054 1816 4113 ἰ

152 4150 311 4218 vexarunt,
331 4146 399 4204 item
420 4145 571 4207 viduarum
591 4145 793 4208 etinlantium
813 4152 953 4232 suspiria,
1011 4155 1129 4228 gentem
1159 4153 1190 4207 et
1220 4146 1308 4208 valde
1340 4165 1527 4207 numerosum
1557 4145 1696 4209 militum
1731 4149 1762 4208 in
1788 4164 1813 4204 rs

153 4254 230 4314 quos
255 4238 425 4316 parentibus
451 4245 481 4298 et
511 4240 625 4301 maritis
657 4239 816 4303 inhumane
846 4243 952 4322 spolia·
1011 4240 1232 4323 oppugnatione
1252 4240 1361 4301 omisit.
1383 4237 1503 4321 Quippe
1520 4237 1707 4303 fortitudine
1726 4240 1814 4303 ἀν’-

152 4334 233 4401 runt,
254 4329 383 4389 breviter
401 4351 517 4403 eorum,
538 4352 614 4412 quos
635 4331 819 4409 afflixerunt,
846 4344 878 4396 et
897 4334 952 4399 sor·
1010 4334 1257 4417 propugnantium
1284 4337 1458 4413 superatus,
1484 4331 1661 4413 s0⁸⁸¹¹⁵q¹¹0
1686 4340 1814 4416 Μ*

147 4423 231 4484 tuuis
251 4423 389 4487 omnibus
402 4423 597 4497 denudarunt,
617 4426 844 4489 lamentationes
863 4436 953 4509 alque
1012 4431 1167 4489 multorum
1197 4426 1309 4487 dicrum
1339 4425 1454 4495 labore,
1483 4435 1514 4485 et
1545 4424 1735 4491 vulneribus
1764 4444 1813 4489 r·

149 4516 274 4599 plangor
297 4526 384 4578 crunt
409 4521 610 4581 accusationis
629 4519 711 4590 loco,
732 4540 821 4600 quam
842 4521 884 4582 illi
904 4541 952 4581 co·
1010 4523 1076 4582 suis
1106 4519 1293 4590 debilitatus,
1323 4518 1509 4579 obsidionem
1540 4517 1672 4582 solvere
1708 4527 1813 4585 euseb

148 4630 212 4677 ΙΙΙ
242 4632 382 4694 supremo
408 4611 513 4695 judico
545 4614 662 4674 sistent.
712 4613 851 4694 Plerique
882 4635 951 4676 vero
1010 4620 1068 4674 est
1108 4613 1218 4673 Postea
1243 4631 1309 4672 curn
1334 4610 1373 4671 ad
1394 4608 1580 4693 Stephanum
1608 4612 1738 4694 Rege.
1756 4613 1814 4696 pn

149 4702 321 4787 ιἸοεῦροιι,
348 4706 474 4786 imperiri
504 4705 621 4786 quidem
647 4707 688 4768 illi
717 4715 748 4766 et
779 4707 951 4785 inconsulti,
1009 4706 1157 4767 beatioois
1176 4707 1271 4784 gratia
1290 4705 1405 4783 legatos
1420 4705 1568 4765 misisset:
1593 4713 1629 4768 ct
1647 4714 1814 4789 tamem

229 4798 314 4864 tdiu
338 4818 483 4882 prospera
513 4809 544 4863 et
569 4799 648 4861 salici
672 4805 793 4862 utunnrr
823 4799 949 4874 fortuna,
1008 4801 1154 4879 insignem
1187 4799 1321 4878 injuriam
1350 4796 1485 4860 Vendnm
1518 4797 1566 4857 bis
1600 4804 1690 4864 omni
1725 4810 1817 4865 esu

237 4894 301 4955 hle
319 4899 462 4957 metuunt.
501 4892 562 4955 Sed
589 4913 677 4975 quum
703 4894 832 4956 maximo
851 4897 949 4956 securi
1008 4897 1204 4975 oppugnatam
1241 4890 1380 4952 invadere
1416 4897 1446 4952 et
1480 4910 1637 4970 occupare
1675 4900 1817 4978 “W

237 4986 366 5049 sss·-
387 5008 499 5060 remm,
525 4994 595 5051 tune
621 4996 744 5068 repente
769 4987 828 5050 lllis
846 4987 949 5053 adver·
1007 4987 1143 5065 adeoque
1169 4990 1239 5047 anto
1263 4985 1347 5047 urbis
1377 4991 1476 5064 portas
1506 4984 1716 5053 ferocissime
1744 4999 1817 5071 atq·
