3742 5626
832 214 1054 280 setasolis.
1760 218 1781 281 5

111 379 178 440 illas
208 381 428 461 peragraveris,
466 388 497 439 et
526 376 705 458 aliquamdiu
736 378 816 461 apud
847 379 915 440 illos
972 388 1003 440 et
1028 381 1115 460 plaiae
1144 380 1324 459 singularem
1351 380 1531 463 voluptatem
1562 384 1657 461 cepit,
1687 392 1776 464 atque

111 471 219 547 ineris,
252 491 409 552 moresque
435 473 565 533 nationis
591 473 759 545 notaveris,
789 480 820 533 et
844 492 916 533 non·
971 493 1007 533 ex
1028 494 1064 534 eo
1080 475 1144 554 jam
1164 482 1296 554 tempore
1316 477 1356 534 ita
1371 493 1441 553 erga
1458 471 1674 535 celsitudinem
1688 493 1774 537 seram

110 565 218 625 trullam
247 584 365 645 qrroqrre
392 562 510 643 linguae
529 566 665 626 notitiam
690 564 744 625 tibi
764 584 916 646 compara·
972 566 1205 626 Serenissimam
1225 565 1331 627 allecta
1358 565 1428 641 luit,
1454 575 1544 646 atque
1564 586 1635 645 erga
1656 570 1775 629 carissi·

110 661 205 730 reris,
225 658 265 717 ob
286 677 340 719 eas
360 676 470 719 causas
490 664 521 717 te
540 659 729 737 potissimam
749 655 914 736 delegimus
971 658 1176 733 mrim-lilium,
1203 678 1380 739 semperque
1406 678 1471 719 eam
1492 662 1681 721 occasionem
1708 659 1772 722 dari

110 770 198 832 quant
221 751 412 812 sanctissimi
432 748 552 811 Donrini
579 748 685 809 Nostri
706 749 854 811 Nuncinm
874 747 913 811 ad
971 750 1030 811 sibi
1051 754 1174 833 optavit,
1194 772 1253 833 qrra
1270 759 1422 833 paternam
1441 769 1528 812 suam
1548 772 1619 832 erga
1639 754 1705 835 ejus
1718 754 1772 815 Se·

110 844 342 905 Serenissimum
369 851 400 903 et
422 840 565 921 Megaeram
591 841 707 904 Ducem
732 840 914 903 Moscovita·
971 845 1124 905 renitatem
1139 842 1375 905 benevolentiam
1389 852 1420 905 et
1438 847 1702 926 propensissimam
1722 866 1771 907 no·

109 956 171 996 nrnr
197 938 389 997 mitteremus.
436 932 520 995 Tarae
544 936 677 997 vicissim
703 942 805 1016 partes
830 942 915 995 emnt
971 934 1116 996 luntatem
1148 935 1255 997 illustri
1285 937 1384 1018 aliquo
1414 944 1590 1017 argumento
1619 935 1772 1002 declarare

109 1033 151 1090 ita
176 1028 273 1090 omnia
298 1048 357 1089 non
383 1027 480 1087 solnm
505 1034 587 1089 recte
613 1036 703 1109 atque
721 1030 837 1107 integre
856 1026 913 1088 sed
971 1036 1003 1089 et
1021 1026 1174 1089 testificari
1196 1038 1311 1109 posset.
1350 1024 1357 1037 '

107 1122 240 1182 solenter
259 1128 290 1182 et
309 1120 464 1199 vigilanter
483 1140 582 1198 agere,
601 1127 644 1194 ut,
664 1129 696 1182 et
708 1120 822 1183 Summi
835 1118 915 1182 Poa-
1047 1119 1124 1181 Tarm
1144 1121 1217 1183 illud
1236 1119 1341 1195 addis,
1367 1140 1432 1183 curo
1458 1144 1476 1186 a
1496 1123 1699 1185 Serenissimo
1717 1122 1772 1187 lm·

109 1213 198 1274 tisrcis
231 1211 382 1274 desiderio
413 1212 560 1275 crrnrnlnte
588 1211 779 1289 satisfacies,
810 1221 841 1277 et
866 1232 913 1275 ex·
969 1222 1122 1296 peratore,
1152 1213 1341 1296 Principum,
1372 1225 1462 1298 atque
1491 1214 1626 1279 ordinum
1652 1216 1772 1301 lmperii

107 1308 307 1388 perlationem
328 1315 461 1368 nostram
482 1308 603 1385 egregie
622 1307 785 1368 sustirmaa.
971 1306 1145 1368 Conventus
1157 1304 1345 1368 Ratisbonae
1356 1306 1517 1370 baberetur
1529 1308 1772 1389 nosqueSancti·

183 1398 423 1481 Quamprimum
454 1400 543 1478 igitur
568 1398 686 1478 Angelo
712 1398 833 1460 Domini
857 1398 915 1461 Co·
968 1407 1018 1462 tas
1037 1420 1093 1462 sua
1114 1418 1168 1481 pro
1195 1417 1251 1458 sua
1274 1401 1417 1481 pastorali
1439 1398 1640 1462 sollicitudine
1660 1404 1771 1481 gravis·

106 1494 192 1567 mite,
213 1501 245 1554 et
265 1492 398 1553 Doctore
418 1495 447 1552 in
468 1491 655 1553 Illoscoviam
675 1493 862 1573 perveneris,
883 1500 914 1553 et
968 1495 1055 1554 simis
1082 1491 1121 1554 de
1150 1494 1254 1553 cerasis
1280 1510 1368 1553 suum
1394 1502 1425 1555 et
1451 1491 1651 1576 Apostolicae
1676 1492 1770 1556 Sedis

106 1589 137 1647 in
150 1586 254 1667 Magni
275 1586 357 1646 illius
379 1584 474 1645 Ducis
495 1591 689 1665 conspectum
709 1586 827 1645 veneris
847 1582 912 1646 red·
967 1586 1096 1665 legatum
1117 1584 1157 1647 ad
1178 1584 1358 1646 Caesaream
1370 1584 1575 1667 Maiestatem,
1594 1594 1626 1647 et
1644 1584 1771 1649 eundem

105 1676 163 1739 des
183 1681 251 1759 ejus
277 1678 439 1739 Serenitati
459 1676 557 1739 Breve
582 1676 772 1738 Sanctissimi
793 1674 911 1737 Domini
968 1679 1153 1741 Conventum
1174 1680 1303 1738 mitteret
1314 1675 1503 1739 vehementer
1522 1680 1591 1759 ejus
1610 1678 1770 1742 Beatitndo

104 1770 211 1833 Nostri
237 1780 268 1833 et
293 1771 408 1833 litteras
428 1778 565 1843 nosnas,
591 1772 622 1830 in
643 1767 750 1850 mribus
770 1778 801 1830 et
819 1770 911 1831 nomi·
967 1792 1004 1833 eo
1024 1772 1132 1832 nemcio
1151 1770 1263 1832 laetata
1284 1777 1349 1845 est,
1375 1790 1434 1851 quo
1458 1770 1579 1833 allatam
1599 1780 1664 1833 erat
1682 1772 1770 1835 Sere·

105 1867 197 1927 satim
217 1862 256 1925 de
277 1872 318 1939 te,
339 1872 369 1925 et
388 1862 426 1923 de
446 1872 516 1925 triae
535 1863 693 1943 legationis
712 1880 833 1924 munere
852 1882 911 1925 me·
966 1867 1069 1927 nitatis
1088 1883 1164 1925 suae
1188 1862 1335 1925 Oratores
1355 1861 1395 1923 ad
1422 1862 1602 1923 Caesaream
1626 1862 1771 1947 Majesta·

104 1960 242 2017 ariniarus
262 1976 384 2038 atrorum
404 1955 579 2037 exemplum,
599 1963 630 2016 et
650 1952 801 2017 Pontificii
821 1954 909 2017 simul
966 1965 1027 2019 tem
1056 1955 1256 2020 Ratisbonam
1287 1957 1399 2037 pariter
1426 1962 1568 2017 venturos
1598 1960 1707 2019 etenim
1738 1956 1768 2019 id

106 2050 214 2113 Brevis
234 2050 288 2112 tibi
309 2048 373 2111 dari
390 2052 548 2130 jussimus,
567 2056 601 2110 ut
620 2045 690 2109 inde
710 2068 769 2109 raon
790 2066 909 2130 parvam
965 2059 1028 2113 tum
1044 2050 1243 2113 Sanctitatem
1263 2068 1349 2110 sna·
1367 2056 1516 2130 tamqnam
1538 2047 1667 2110 lanatum
1679 2050 1769 2131 qnod·

105 2164 223 2219 comm,
250 2164 327 2224 quae
352 2139 480 2203 dicenda
499 2150 584 2214 aurit,
609 2142 764 2203 materiam
783 2140 909 2214 haurire,
964 2142 1033 2205 darn
1060 2162 1147 2205 omen
1172 2143 1345 2224 accepisse,
1371 2140 1452 2223 quod
1478 2160 1537 2203 non
1564 2143 1631 2202 sine
1651 2140 1770 2207 divinae

105 2236 195 2299 etad
221 2235 345 2298 eandem
373 2237 552 2296 senitentiam
577 2236 740 2295 orationem
765 2241 845 2297 tuam
867 2231 909 2295 di·
965 2235 1169 2319 providentiae
1195 2235 1314 2295 tramine
1347 2254 1383 2295 en
1408 2235 1619 2295 remotissimis
1644 2237 1770 2317 regioni·

104 2334 201 2409 rigere
229 2338 259 2391 et
285 2329 470 2389 conlornrare
498 2329 611 2409 possis.
651 2326 817 2407 Postquam
838 2345 909 2388 vero
966 2329 1023 2391 bus
1043 2328 1195 2391 amborum
1207 2326 1300 2407 legati
1315 2323 1354 2388 ad
1368 2323 1494 2387 eundem
1505 2325 1672 2409 Principem
1683 2332 1769 2391 misai

104 2432 267 2507 paternam,
288 2431 320 2483 et
339 2421 545 2504 Apostolicam
567 2420 745 2483 Sanctitatis
765 2438 840 2481 suae
859 2419 912 2482 be·
937 2442 940 2517 j
965 2420 1071 2484 eodem
1096 2420 1159 2483 lere
1184 2428 1318 2503 tempore
1343 2440 1433 2482 rrnrrm
1460 2422 1489 2481 in
1515 2419 1611 2483 locum
1632 2424 1768 2482 conveni·

105 2516 304 2579 reedictionem
331 2519 399 2597 ejus
426 2514 588 2576 Serenitati
614 2512 707 2575 fueris
731 2515 910 2595 impartitus,
937 2522 940 2599 ξ
965 2524 1041 2580 rent.

104 2608 176 2671 illud
195 2612 319 2692 copiose
340 2628 472 2690 expones
493 2604 574 2689 quod
593 2624 657 2667 cum
678 2605 834 2669 Sanctitas
853 2626 909 2668 sua
1041 2607 1109 2670 lam
1141 2627 1213 2669 vero
1245 2627 1310 2669 cum
1337 2606 1491 2670 Sanctitas
1519 2627 1574 2669 arra
1600 2612 1770 2671 exametris

104 2704 259 2765 multorom
279 2720 417 2764 sermone
442 2709 474 2762 et
492 2698 603 2761 celebri
628 2698 706 2761 lama
726 2702 911 2780 cognoverit,
965 2702 1073 2763 litteris
1094 2703 1289 2779 cognoviscet
1308 2698 1379 2782 qrrid
1399 2703 1467 2781 ejus
1481 2701 1660 2762 Serenitatis
1680 2701 1769 2781 legati

104 2800 174 2878 ejus
210 2796 410 2857 Serenitatem
450 2792 614 2875 preclaram
653 2790 801 2871 quandam
838 2812 911 2870 erga
966 2794 1090 2855 Caesari
1116 2796 1364 2873 proposuissent,
1391 2789 1463 2871 qrrid
1488 2790 1577 2851 nobis
1602 2794 1690 2853 etiam
1714 2814 1769 2877 per

102 2886 310 2969 Apostolicam
323 2883 445 2956 Sedem,
465 2892 496 2946 et
514 2884 657 2946 Sanctam
670 2882 835 2945 Romanam
852 2882 912 2945 Ee·
965 2885 1136 2947 familiarem
1151 2893 1283 2945 nostrum
1302 2883 1488 2944 rernrnuciari
1503 2880 1707 2961 mandassent,
1727 2890 1768 2947 ni·

104 2982 230 3042 clesiam
255 2979 438 3039 voluntatem
463 2996 537 3059 prae
561 2995 597 3038 se
622 2974 714 3052 ferre,
740 2982 772 3038 et
796 2977 846 3058 pio
872 2996 910 3039 ac
964 2982 1067 3041 mirum
1099 2976 1266 3058 Principem
1297 2978 1430 3057 ipsorum
1461 2971 1549 3037 valde
1575 2996 1684 3059 cupere
1709 2996 1768 3039 non

104 3072 230 3136 salutari
259 3071 368 3133 affectu
399 3068 571 3133 cathedram
602 3067 683 3131 illam
712 3072 846 3131 venerari
877 3072 906 3130 in
963 3072 1060 3133 solum
1087 3088 1154 3133 cnm
1179 3068 1382 3130 Serenissimo
1402 3064 1600 3149 imperatore,
1623 3068 1681 3132 sed
1701 3092 1767 3133 mam

103 3187 164 3248 qna
189 3165 330 3226 Cbristus
355 3162 502 3225 Dominus
531 3161 652 3224 visibile
681 3165 774 3224 totius
802 3160 907 3223 Eccle
934 3158 938 3263 t
963 3165 1031 3227 aliis
1051 3162 1229 3225 Christianis
1250 3159 1440 3242 Principibus
1461 3167 1492 3222 et
1510 3164 1680 3225 nominatim
1701 3184 1768 3227 eum

102 3263 168 3322 siae
188 3266 280 3340 capnt
299 3258 442 3317 vicarium
467 3234 665 3318 euom'sean
686 3256 766 3317 Petri
786 3274 906 3317 succes·
962 3258 1087 3320 Summo
1112 3252 1257 3318 Pontibce
1276 3254 1413 3315 Rotam
1432 3256 1591 3317 amicitiam
1611 3266 1642 3319 et
1661 3256 1767 3322 loedrrs

102 3372 202 3414 sorem
222 3350 395 3422 collocavit3
420 3353 482 3409 mm
503 3366 539 3411 ea
562 3368 682 3430 proque
708 3350 777 3429 ejus
796 3350 907 3409 sancti·
962 3354 1036 3413 inire
1055 3347 1195 3433 quodque
1214 3346 1332 3409 litteras
1352 3345 1533 3411 serenitatis
1553 3370 1628 3413 suae
1648 3354 1678 3412 in
1699 3372 1766 3414 enrr-

102 3454 152 3506 tas
189 3464 282 3526 saepe
321 3438 468 3505 audiverit
503 3440 674 3523 Principem
717 3442 800 3503 illum
836 3460 907 3503 esse
962 3441 1030 3506 dem
1050 3443 1230 3505 senitentiam
1248 3439 1379 3521 scriptas
1400 3439 1589 3519 obtulissent,
1609 3446 1638 3504 in
1656 3444 1767 3527 qrribns

103 3538 366 3611 Potentissimum,
393 3538 444 3616 qui
463 3534 566 3595 multis
585 3535 706 3617 populis
731 3542 762 3596 et
781 3536 906 3596 nationi·
962 3540 1069 3601 eximia
1095 3538 1193 3617 pietas
1218 3532 1398 3595 Serenitatis
1427 3552 1502 3595 suae
1528 3544 1558 3597 et
1583 3533 1652 3598 idei
1683 3536 1766 3599 aelus

104 3632 161 3693 bns
181 3630 425 3692 bellicosissimis
446 3628 623 3708 longissimo
642 3635 787 3690 terrarum
806 3636 905 3689 tractu
961 3636 992 3693 et
1013 3630 1097 3711 justa
1124 3648 1161 3689 ac
1193 3626 1281 3709 plane
1306 3645 1453 3705 generosa
1486 3648 1557 3707 erga
1583 3648 1766 3691 communcrn

102 3727 162 3787 late
182 3723 366 3799 dominetur,
391 3723 442 3803 qui
463 3719 648 3801 complures,
668 3730 700 3782 et
720 3720 904 3781 clarissimas
961 3722 1078 3784 bostem
1109 3728 1244 3781 nostrum
1280 3718 1409 3779 Turcam
1440 3716 1606 3798 indignatio
1637 3718 1768 3783 ducebat

105 3820 246 3880 victorias
271 3814 311 3877 de
331 3814 482 3876 Cbnstani
503 3815 631 3875 nominis
657 3814 787 3874 inimicis
805 3832 904 3894 repor·
962 3815 1062 3876 omnia
1092 3812 1142 3874 illa
1174 3812 1374 3871 Sanctissimo
1403 3809 1534 3872 Domino
1567 3812 1680 3873 Nostro
1713 3834 1767 3895 per

100 3916 187 3985 tavit,
207 3911 258 3990 qrri
278 3906 452 3968 bellicarum
471 3926 569 3967 rerum
590 3903 749 3987 disciplina
767 3904 904 3981 excellat,
960 3915 1061 3987 grata,
1091 3913 1122 3967 et
1147 3898 1332 3986 perjucunda
1358 3900 1510 3965 accidisse
1534 3902 1764 3967 demonstrabis.

99 4007 151 4085 qui
181 4000 310 4080 denique
339 3999 456 4062 militari
494 3995 683 4073 tortitudine,
718 3995 904 4077 gubernandi
1036 3998 1153 4060 Etenim
1174 4014 1241 4056 cum
1254 3994 1410 4055 Sanctitas
1429 4014 1496 4069 stra,
1515 3995 1583 4057 Deo
1603 3999 1644 4058 ita
1665 3995 1766 4080 dispo·

100 4092 274 4175 prudentia,
298 4095 388 4154 animi
414 4088 617 4173 magnitudine
642 4090 841 4172 omnibusque
860 4110 903 4151 re·
960 4100 1049 4153 nerrte
1075 4089 1156 4151 illius
1181 4106 1342 4149 successor
1366 4089 1423 4161 sit,
1451 4090 1498 4148 cui
1525 4088 1684 4152 aCbristo
1703 4090 1765 4155 Do·

100 4188 160 4265 giis
180 4183 338 4246 virtutibus
359 4187 401 4249 ite
418 4184 573 4267 praeditus
598 4185 640 4245 sit
658 4190 749 4264 atque
769 4191 903 4257 ornatus,
960 4188 1041 4246 raino
1066 4181 1176 4243 dictu·
1202 4187 1267 4253 est,
1303 4178 1402 4242 Pasce
1427 4200 1525 4260 agrios
1544 4202 1646 4257 meos,
1664 4180 1765 4246 Pasce

99 4287 133 4340 ut
153 4296 257 4337 omnes
276 4279 306 4337 in
327 4281 375 4338 sui
397 4276 620 4341 admirationem
641 4286 672 4340 et
690 4296 820 4338 amorem
840 4276 903 4339 alli·
960 4298 1033 4339 oves
1054 4294 1147 4349 meas,
1167 4293 1292 4353 errmqne
1311 4276 1340 4335 in
1360 4272 1411 4335 illa
1432 4270 1507 4337 sedo
1525 4272 1659 4337 resideat
1676 4296 1764 4358 quam

100 4375 170 4445 ciat,
190 4378 222 4431 et
241 4367 322 4450 quod
341 4388 430 4430 unum
451 4371 549 4432 omnia
570 4368 653 4431 illius
673 4372 778 4445 animi,
799 4388 902 4451 corpo·
958 4370 1158 4435 Beatissimus
1179 4366 1327 4447 Princeps
1340 4367 1555 4447 Apostolorum
1575 4367 1686 4430 Petrus
1695 4368 1766 4431 Deo

99 4468 202 4544 risque
221 4461 300 4524 bona
321 4464 445 4523 maxime
463 4462 601 4538 illustrat,
620 4464 651 4525 in
669 4482 785 4523 summa
804 4482 901 4525 rerum
958 4472 1081 4527 auctore
1102 4460 1272 4533 constituit,
1291 4462 1341 4539 qrri
1361 4458 1464 4519 urbem
1485 4459 1611 4523 Romam
1631 4463 1762 4538 gentin-

99 4559 229 4617 oranium
243 4562 394 4637 potestate
412 4562 444 4615 et
456 4554 605 4617 altissimo
617 4555 669 4617 illo
683 4555 806 4618 honoris
817 4564 901 4619 statu
957 4558 1127 4629 Dominam,
1147 4560 1177 4614 et
1188 4552 1333 4631 Reginam
1350 4570 1409 4611 una
1429 4572 1496 4612 cum
1510 4552 1695 4635 Coapostolo
1706 4574 1764 4615 suo

100 4670 166 4711 cerm
197 4652 324 4711 maximo
352 4649 475 4730 imperio
503 4650 657 4710 maximam
682 4650 840 4731 pietatem,
871 4658 902 4712 et
957 4650 1054 4714 Paulo
1077 4645 1233 4725 Evangelii
1252 4663 1401 4726 praecone
1427 4643 1547 4706 Cbristo
1573 4643 1702 4704 Domino
1722 4644 1762 4705 lu·

98 4743 253 4823 religionis
281 4739 417 4803 studium
448 4742 649 4822 conjunxerim
682 4738 822 4823 qaodmre
851 4747 902 4824 pio
958 4752 1059 4807 cratus
1091 4749 1155 4815 est,
1184 4745 1217 4799 ut
1246 4756 1323 4816 quac
1348 4734 1445 4796 lueret
1469 4733 1618 4817 discipula
1643 4738 1763 4812 erroris,

98 4830 227 4917 quodam
246 4843 278 4897 et
296 4852 444 4915 generosa
474 4830 626 4895 desiderio
644 4835 779 4915 inprimis
798 4834 905 4897 ardeat
958 4846 1043 4900 esset
1062 4835 1205 4912 magistra
1223 4829 1373 4903 veritatis,
1404 4847 1493 4907 qrrarn
1524 4828 1631 4889 alaram
1660 4828 1763 4892 urbem

99 4937 262 5011 perpetuos
282 4928 519 4992 Christianorum
549 4925 655 4987 bootes
685 4925 803 4989 Tuscos
831 4934 903 4988 tam·
957 4928 1049 4991 iidem
1075 4924 1248 4989 Beatissimi
1268 4918 1410 5003 Apostoli
1439 4922 1585 4999 sarrgrrioe
1606 4941 1660 5003 pro
1680 4922 1762 4985 Cbri·

99 5042 188 5104 pram
214 5023 291 5084 alter
314 5019 414 5083 David
434 5018 599 5081 Philisteos
621 5021 714 5081 armis
729 5019 903 5080 victricibus
956 5024 998 5084 sti
1024 5022 1143 5081 nomine
1166 5016 1261 5077 elluso
1286 5013 1417 5091 glorioso
1441 5016 1582 5093 martyrio
1607 5036 1753 5080 consecra

99 5112 301 5197 subjugandis
332 5112 417 5177 llaec
441 5115 561 5194 inquam
585 5130 654 5173 cum
682 5110 903 5175 Sanctissimae
957 5121 1041 5183 runt,
1061 5110 1162 5192 ibique
1188 5107 1302 5168 illorum
1320 5104 1434 5169 Sancta
1458 5126 1601 5188 corpora,
1627 5117 1659 5173 et
1676 5130 1763 5173 vene·

98 5206 240 5272 Pontilex
258 5203 299 5271 de
310 5206 482 5273 Serenitme
499 5225 558 5271 sus
575 5207 736 5289 acceperit,
755 5224 903 5287 menan,
930 5222 935 5293 Ι
958 5203 1071 5273 rendae
1095 5202 1237 5285 reliquiae
1264 5200 1295 5265 in
1314 5200 1531 5283 snb‘quissisis
1552 5209 1590 5265 st
1609 5202 1759 5282 religimis
