3742 5626
109 220 145 282 ld
835 218 1051 279 HOSCOVle

109 376 175 449 dle,
195 378 277 438 reiut
297 376 471 441 hirundines
482 384 511 441 ct
525 394 629 447 ranae,
650 396 719 456 prae
734 378 851 437 intense
863 374 910 437 l'rl·
968 376 1058 447 eluet,
1072 381 1250 437 mercatores
1261 374 1300 437 ad
1312 392 1349 435 se
1361 394 1397 434 ex
1413 374 1780 458 ranisregieaibusquse-

107 492 179 551 gere
196 470 319 533 brumali
339 470 505 532 monentur.
546 470 657 532 Postea
677 469 820 530 redeunte
840 486 911 529 rere
968 474 1035 528 stus
1054 469 1147 547 gratia
1166 470 1337 539 venientes,
1363 466 1488 527 libenter
1508 468 1680 549 excipiunt,
1699 492 1775 553 quos

108 566 147 624 2'1
170 564 282 647 Aprilis
303 564 360 634 die,
380 585 434 623 eos
455 565 551 624 dentre
571 565 748 625 reviviscere
758 565 850 645 ajunt
873 560 910 621 lli
968 561 997 620 in
1017 559 1172 639 tuguriolis
1191 561 1256 620 suis
1276 579 1340 618 eum
1361 561 1503 620 uxoribus
1518 559 1694 642 relinquunt,
1711 566 1769 645 ipsi

108 667 206 717 eutem
231 654 287 719 boe
312 654 400 717 mode
430 657 687 717 commerciacum
713 654 911 714 Grustentziis
936 654 940 683 ⁴
968 674 1038 712 vern
1059 655 1174 713 interim
1194 662 1330 712 renatum
1350 654 1487 722 abeunt„
1508 656 1637 726 reversi,
1656 657 1683 717 si
1699 677 1770 718 nao-

107 756 137 808 rt
150 750 371 829 Serpenevtziis
391 750 506 830 populis
526 749 584 809 sibi
606 748 710 809 vicinis
737 746 848 806 babere
868 745 909 805 dl·
968 766 1017 806 res
1037 744 1187 826 hospitum
1207 746 1366 804 concubitu
1379 747 1655 829 consuetudineque
1674 749 1772 811 laetio—

108 849 227 914 cuntur,
247 863 311 901 cum
327 842 392 926 jam
413 840 538 902 suburam
558 845 678 901 mortem
690 841 749 899 sibi
761 839 910 899 imminere
936 822 940 865 ¹
969 859 1018 898 res
1039 844 1069 898 ct
1088 838 1243 899 hilariores
1263 839 1443 908 invenerint,
1463 860 1584 900 mernere
1604 841 1703 920 aliquo
1722 842 1774 903 be·

107 935 253 1007 sentiunt,
282 946 355 994 tunc
375 954 490 997 merces
511 952 584 993 suas
604 933 694 991 certis
714 934 743 993 in
765 930 840 992 locis
860 931 908 990 de·
968 933 1077 1011 spitcm
1098 931 1224 1000 donant,
1245 932 1294 990 sin
1309 932 1421 1000 minus,
1443 935 1567 1012 turpiter
1584 935 1774 996 convitiisla·

106 1034 233 1111 ponunt,
272 1048 347 1109 quas
379 1026 542 1087 Grustintal
575 1030 605 1085 et
624 1024 817 1106 Scrponertzi
844 1024 909 1083 suls
968 1025 1110 1084 eessinrn
1132 1023 1295 1100 expellunt.

103 1121 252 1183 mercibus
272 1120 387 1181 interim
406 1118 662 1199 aequivalentibus
672 1116 776 1178 eodem
787 1117 854 1177 loeo
866 1138 908 1176 re·
1044 1112 1184 1176 Monetae
1203 1116 1392 1196 pecuniariae
1413 1116 1513 1176 nulius
1531 1117 1609 1196 apud
1619 1137 1674 1178 eos
1687 1140 1775 1189 usus,

104 1214 200 1284 lictis,
221 1210 368 1273 auserunt.
409 1212 454 1272 llli
474 1216 573 1271 autem
595 1211 821 1280 reviviscentes,
840 1208 909 1269 illss
967 1205 1022 1267 sed
1043 1228 1110 1267 eum
1132 1210 1345 1269 mercatoribus
1363 1208 1532 1269 adventitiis
1549 1230 1643 1270 rerum
1654 1232 1773 1291 permu-

103 1326 236 1375 merces,
255 1306 282 1365 si
303 1304 400 1383 aequa
420 1304 646 1363 commutatione
666 1304 724 1363 sibi
735 1302 907 1385 placuerint,
967 1304 1077 1361 tatione
1098 1306 1232 1369 utuntur,
1252 1308 1352 1381 cipro
1372 1321 1471 1381 panno
1491 1302 1770 1382 crassomlesoqne,

103 1418 156 1479 pre
176 1399 242 1457 suis
260 1398 424 1475 uceipiunt:
444 1396 490 1454 sin
511 1396 608 1457 minus
623 1396 727 1478 justae
747 1392 870 1464 fuerint,
890 1414 908 1455 a
967 1395 1035 1453 itera
1056 1414 1107 1474 pre
1126 1394 1299 1464 securibus,
1326 1396 1457 1466 acubus,
1484 1395 1681 1465 coclearibus,
1708 1397 1768 1455 cul·

104 1487 296 1549 Grustintziis
310 1496 337 1548 et
351 1490 659 1570 Serpennvtziissuas
673 1494 816 1565 repetunt,
829 1486 907 1547 rande
965 1488 1034 1555 tris,
1055 1487 1184 1567 poculis,
1205 1489 1353 1564 speculis,
1375 1495 1406 1546 et
1425 1487 1455 1547 id
1474 1508 1571 1567 genus
1589 1490 1657 1549 aliis
1675 1489 1769 1548 rebus

103 1582 172 1641 lites
198 1589 228 1641 et
255 1583 334 1641 bella
360 1580 416 1640 bac
442 1581 480 1639 de
506 1600 598 1641 causa
624 1584 699 1641 inter
719 1602 774 1641 eos
794 1581 907 1657 saepis
965 1579 1063 1658 pelles
1082 1578 1207 1639 terarum
1230 1582 1300 1640 rarii
1321 1581 1440 1660 generis
1460 1582 1673 1642 mercatoribus
1689 1581 1771 1641 dant.

102 1675 177 1733 sirac
196 1675 262 1733 eriri
283 1673 429 1738 (licuntur.
479 1672 525 1733 Es
544 1672 737 1733 barcenonae
757 1673 907 1732 montibus
964 1671 1061 1749 Regio
1081 1690 1168 1751 quam
1189 1673 1368 1740 inhabitant,
1389 1672 1655 1750 frigidissimacst,
1674 1675 1769 1733 solem

102 1765 212 1825 Cossin
234 1766 340 1826 durius
361 1766 473 1836 dictim,
493 1767 601 1845 ingens
620 1766 726 1833 nritrm,
749 1762 906 1844 quilauco·

101 1861 192 1919 meria
214 1860 428 1941 praeterlapsa,
461 1861 489 1919 in
510 1878 648 1935 magnam
668 1858 787 1919 durium
809 1855 904 1916 Tueb-

100 1952 158 2011 min
179 1950 290 2011 dictum
310 1956 496 2013 exoneratur.
531 1952 563 2009 lu
576 1946 720 2009 Tacbmin
741 1954 838 2011 autern
854 1950 906 2011 bu-

99 2044 146 2102 vle
171 2045 275 2125 pisces
301 2041 419 2123 quidam
442 2043 526 2101 nasci
547 2040 697 2114 (licuntur,
728 2043 777 2123 qui
798 2045 905 2124 capite,

99 2134 209 2205 oeulis,
231 2154 322 2205 noso,
343 2156 409 2203 ere,
431 2134 582 2205 manibus,
604 2134 792 2216 pedibusque
812 2136 903 2197 bomi-

100 2246 165 2287 uem
193 2226 338 2297 reserent,
367 2227 423 2288 sed
450 2227 564 2307 absque
584 2226 662 2289 ullae
681 2230 763 2288 vocis
784 2249 904 2308 expres·

98 2320 194 2379 siene.
236 2320 330 2399 Ajunt
348 2340 466 2399 queque
486 2319 561 2379 ultra
580 2319 657 2380 banc
677 2320 795 2382 lluvium
811 2320 904 2402 prodi·

99 2410 203 2487 glossa
231 2410 340 2471 termae
366 2412 500 2471 bemines
525 2410 674 2483 babitare,
706 2434 828 2494 quorum
855 2414 904 2475 alil

100 2500 226 2563 {ererum
245 2522 327 2564 mnrc
346 2502 416 2585 pilis
437 2506 547 2583 rigent,
565 2504 614 2565 alii
635 2504 750 2566 caninis
770 2527 835 2568 cum
857 2528 904 2567 ca-

98 2594 210 2675 pltibus
230 2596 259 2656 ln
281 2596 435 2677 speluncis
456 2598 658 2657 subterraneis
679 2600 820 2661 victitant.

320 2854 483 2948 lill'l'lll
515 2854 664 2948 lidtilll.

174 3062 202 3120 A
226 3061 403 3123 Luerrmoria
421 3064 545 3123 ulterius
563 3064 607 3125 ad
619 3064 774 3125 Oceanum
794 3067 901 3142 glacia·

98 3156 154 3214 lem
174 3152 364 3234 procedendo
379 3154 477 3237 lmppi
497 3158 612 3236 populi,
632 3157 766 3216 barbaric
786 3168 816 3215 et
837 3157 901 3216 leri·

97 3253 159 3304 tate
186 3247 319 3324 rigentes
338 3249 368 3306 in
388 3250 606 3329 campestribus
627 3255 656 3307 et
676 3250 772 3328 sylvis
795 3249 901 3328 degon·

97 3344 145 3395 tes
172 3344 336 3399 occurrunt.
387 3338 426 3399 lli
454 3360 599 3421 nusquam
626 3346 723 3401 certas
742 3340 834 3401 sedes
853 3342 902 3401 ba-

99 3430 185 3500 beet,
205 3428 261 3489 sed
279 3450 339 3489 uun
360 3432 388 3491 in
409 3432 474 3491 loco
488 3432 561 3492 seris
571 3433 773 3513 piscibusque,
794 3435 903 3513 quibus

97 3522 232 3582 victitant
254 3524 358 3599 (panis
378 3524 456 3583 enim
480 3546 567 3584 usum
590 3527 742 3599 nesciunt)
766 3525 902 3608 depastis

97 3614 156 3673 alie
175 3616 375 3695 commigrant.
406 3614 566 3693 Tuguriola
585 3638 656 3688 sua,
677 3620 705 3677 in
728 3621 835 3698 quibus
853 3620 902 3681 ba·

97 3706 206 3777 bitant,
225 3708 389 3779 corticibru
407 3710 540 3769 arborum
556 3711 780 3793 cespitibusquc
790 3717 901 3790 tegunt,

964 1764 1004 1825 ibi
1024 1763 1177 1824 aestivalis
1197 1763 1318 1824 solstitii
1337 1771 1483 1845 tempore,
1504 1766 1696 1846 quadraginta
1709 1767 1770 1826 die·

965 1857 1022 1918 bus
1041 1862 1184 1936 perpetuo
1204 1857 1361 1936 splendere
1381 1859 1497 1935 (tribus
1517 1862 1615 1920 noctis
1628 1858 1709 1919 boris
1721 1879 1768 1918 cr·

964 1950 1081 2031 ceptis)
1101 1948 1273 2030 perbibent,
1295 1952 1402 2031 quibus
1422 1952 1469 2011 sol
1488 1951 1706 2032 velrrtquadam
1721 1972 1767 2013 ca·

963 2042 1054 2121 ligine
1073 2040 1243 2112 obducitur,
1272 2052 1307 2103 nt
1326 2043 1399 2104 radii
1422 2045 1501 2104 illius
1522 2066 1579 2105 nnn
1599 2052 1768 2125 appareant.

963 2134 1163 2196 Nihilominus
1183 2144 1282 2195 tamen
1301 2136 1471 2197 laborantes
1491 2137 1529 2197 ab
1548 2156 1767 2216 operesueer·

963 2226 1130 2291 cluduntur.
1180 2230 1211 2288 ln
1237 2226 1285 2289 bls
1310 2250 1426 2310 qnoque
1450 2229 1580 2310 portibus
1601 2236 1716 2289 nnrrtcs
1736 2231 1766 2287 in

963 2320 1053 2383 altum
1071 2322 1293 2383 eminentissimi
1307 2320 1443 2383 dicuntur
1453 2340 1540 2391 esso,
1560 2322 1609 2400 qni
1621 2319 1659 2379 ad
1671 2320 1764 2380 aern-

963 2434 1019 2475 nae
1039 2414 1169 2490 (montis
1187 2416 1217 2475 in
1236 2415 1360 2491 Sicilia)
1380 2413 1613 2483 similitudinem,
1631 2411 1764 2473 murras

962 2528 1080 2588 semper
1103 2517 1254 2579 eructant,
1283 2510 1313 2569 ia
1342 2508 1450 2587 quibus
1469 2505 1679 2567 salamandrae
1704 2507 1763 2565 ani·

962 2601 1050 2661 malla
1070 2601 1230 2680 quaedam,
1263 2602 1435 2673 lacertanmr
1452 2599 1661 2669 similitudine,
1688 2619 1765 2677 qnae

963 2697 993 2753 in
1022 2696 1091 2772 igne
1117 2716 1174 2755 non
1200 2714 1292 2755 sccrrs
1315 2712 1352 2754 ec
1374 2693 1476 2773 pisces
1496 2692 1526 2750 in
1547 2693 1634 2769 aquis
1655 2691 1764 2759 vivunt,

963 2806 1099 2847 cresccre
1117 2785 1319 2868 perhibentur.

1038 2877 1123 2940 Ultra
1144 2880 1299 2940 Oceanum
1324 2878 1410 2937 etiam
1435 2875 1590 2953 glacialem
1616 2878 1763 2952 regionem

962 2970 1108 3052 quandam
1120 2969 1330 3052 Engroneland
1346 2968 1467 3038 dictare,
1486 2970 1573 3047 qnasi
1585 2970 1764 3046 incognitam

961 3066 1044 3144 ajunt
1073 3082 1154 3123 csse.
1203 3062 1289 3124 Haec
1313 3067 1374 3123 lum
1396 3062 1435 3121 eb
1454 3060 1533 3121 altos
1553 3067 1683 3130 meotes,
1713 3061 1764 3141 qui

961 3157 1111 3236 perpetuis
1131 3176 1249 3233 semper
1267 3156 1384 3215 nisibus
1404 3154 1511 3232 rigent,
1536 3159 1596 3214 tum
1617 3155 1703 3213 ctiam
1725 3156 1765 3213 ob

961 3254 1133 3330 perpetuam
1160 3248 1283 3325 glaciem
1307 3248 1377 3308 arari
1397 3249 1576 3306 innatantem
1597 3250 1692 3325 (quae
1715 3266 1765 3325 pe·

960 3341 1115 3401 riculosam
1137 3340 1352 3420 navigationem
1367 3340 1452 3414 lacit)
1464 3360 1481 3398 a
1492 3341 1673 3407 commercio,
1694 3360 1765 3399 coa·

961 3434 1188 3513 versationeque
1208 3438 1388 3493 caeterarum
1408 3434 1538 3511 gentium
1555 3433 1651 3492 aliena
1663 3436 1765 3513 sejun-

960 3535 1069 3604 ctaque
1089 3531 1152 3589 est.
1172 3526 1239 3586 ideo
1260 3526 1411 3603 incognita
1430 3523 1543 3584 dicitur.

1035 3616 1223 3680 dioscoritas
1235 3638 1271 3677 se
1282 3617 1435 3698 plurimum
1441 3618 1572 3698 jactant,
1592 3617 1670 3697 quod
1684 3617 1757 3677 Prin·

961 3728 1034 3793 ceps
1054 3730 1154 3771 eornm
1177 3732 1212 3772 ex
1224 3711 1281 3771 bae
1292 3730 1410 3791 qunque
1422 3710 1634 3778 remotissima,
1655 3718 1687 3768 et
1701 3710 1764 3770 lere

96 3800 232 3860 vestibus
253 3822 290 3861 ex
312 3799 441 3863 dirersis
461 3801 586 3861 terarum
598 3802 725 3883 pellibus
736 3804 901 3875 zebellinls,
958 3804 1060 3864 ultima
1080 3804 1162 3864 orbis
1180 3804 1300 3881 regione
1320 3803 1427 3861 tributa
1446 3804 1554 3881 cegat.
1586 3802 1763 3881 llccqusm-

97 3891 282 3964 bcrmclInis‚
313 3894 455 3963 cervinis,
484 3904 514 3955 et
533 3893 562 3954 id
582 3913 679 3972 genus
698 3895 765 3956 aliis
785 3898 900 3956 insimul

98 3986 232 4043 censetis
252 3990 385 4055 utuntur,
407 4006 568 4067 eorumque
588 3986 756 4070 hujusmodi
775 3990 902 4049 restitus

98 4074 242 4135 interdum
263 4078 291 4135 in
303 4076 485 4139 lllosceriam
507 4100 525 4139 s
540 4082 752 4141 mercatoribus
762 4080 901 4153 defertur,

99 4166 185 4245 pileis
204 4168 289 4226 etiam
311 4176 341 4230 et
361 4171 466 4245 caligis
485 4192 524 4231 ex
544 4175 671 4232 cervinis
691 4174 820 4253 pellibus
833 4195 901 4235 cen·

99 4256 188 4316 l'cetis
207 4264 333 4318 utuntur.
367 4260 481 4321 Tribntl
500 4269 597 4322 autem
618 4265 684 4324 loce
704 4268 801 4347 pelles
820 4270 889 4327 et
860 4290 900 4349 pr

100 4368 186 4415 sees,
206 4368 327 4427 querum
347 4354 432 4429 copia
451 4352 590 4422 affluunt,
610 4376 715 4434 magno
731 4359 900 4420 Mescorum

98 4442 178 4503 Duei
198 4441 338 4523 pendunt.
377 4442 489 4505 idioma
509 4466 594 4505 suum
614 4451 761 4528 proprium
782 4451 900 4524 babent,

99 4534 178 4614 qued
203 4536 242 4595 ab
263 4534 330 4595 aliis
345 4556 401 4596 nen
422 4537 607 4613 intelligitur,
637 4539 704 4599 ideo
724 4542 802 4621 apud
823 4552 901 4604 exte·

99 4646 150 4687 res
169 4626 377 4708 propemodum
398 4631 469 4688 muti
490 4649 561 4690 csse
583 4630 724 4693 videntur.
775 4634 901 4713 Sagitta·

101 4720 135 4778 rii
159 4725 258 4780 autem
285 4740 392 4779 omncs
415 4728 486 4780 sunt
511 4722 696 4802 peritissimi.
727 4724 803 4785 adeo
824 4734 855 4787 ut
873 4733 900 4789 si

100 4830 176 4888 ques
200 4815 231 4871 ia
257 4815 414 4873 venatione
440 4817 671 4893 praestantiores
697 4816 776 4878 feras
804 4823 902 4882 nanci-

101 4906 237 4972 scantur,
257 4924 312 4965 eas
331 4910 383 4979 (ut
403 4907 498 4987 peltes
518 4926 616 4968 eorum
636 4911 768 4987 integrae
789 4913 900 4973 etinte-

102 4996 168 5051 etee
187 4994 267 5067 sint)
286 4999 378 5058 missa
397 5000 533 5077 sagitta
525 5022 553 5060 rn
575 5022 679 5064 nasum
698 5002 840 5065 oculosve
859 5007 889 5065 ia

959 3898 1006 3956 ris
1020 3897 1179 3956 verisimile
1198 3916 1257 3955 neo
1270 3896 1318 3964 sit,
1328 3895 1445 3954 tolerari
1456 3904 1554 3955 tameo
1564 3897 1662 3973 aliquo
1674 3896 1763 3955 mode

959 3992 1074 4069 petest,
1095 4008 1160 4049 cum
1170 3988 1247 4048 alies
1260 3989 1374 4047 ricinus
1384 3986 1553 4067 Principes,
1574 3990 1621 4067 qui
1634 3989 1673 4048 ab
1685 3990 1763 4069 ipsis

959 4083 1068 4142 tributa
1088 4084 1255 4160 exigerent,
1277 4100 1334 4140 non
1356 4078 1495 4141 babeant.

1037 4175 1137 4253 Atque
1157 4173 1205 4233 bic
1226 4174 1293 4232 linis
1306 4174 1455 4249 regionum
1469 4172 1760 4251 septentrionalium.

960 4266 1136 4345 glaciallque
1162 4266 1232 4327 mari
1258 4264 1454 4347 adjacentium
1475 4266 1571 4345 (quae
1591 4262 1758 4325 diescere·

960 4360 1103 4442 principis
1123 4364 1194 4418 sunt
1212 4357 1403 4434 tributariae)
1423 4363 1502 4418 esto.
1528 4354 1615 4417 Nunc
1636 4356 1674 4418 ed
1693 4375 1754 4417 cre

959 4456 1042 4512 teras
1067 4452 1205 4529 regiones
1224 4448 1453 4519 describendas,
1482 4448 1634 4509 llicridiem
1657 4447 1763 4509 Orien·

959 4550 1080 4621 temque
1089 4562 1195 4603 versam
1204 4544 1288 4605 satas
1300 4541 1761 4603 bloscovitiscenbnesrerrrtsr.

1112 4797 1391 4895 manumissi
1425 4797 1606 4894 l'thtlbl.

1039 5006 1233 5079 Creremissl,
1242 5006 1446 5079 Morderetes,
1468 5016 1499 5070 ct
1512 5008 1674 5081 Vacbiees,
1683 5010 1766 5073 ieter

103 5080 259 5143 terdeiuet.
291 5084 332 5147 lii
350 5091 438 5151 etiam
457 5092 565 5155 ieras
557 5114 586 5154 ro
607 5098 702 5157 nartis
721 5092 829 5175 bys-e
849 5116 903 5179 per
958 5096 1097 5179 VJ'atkars
1116 5098 1323 5179 etVelogdam
1342 5103 1521 5180 provincias,
1538 5122 1658 5183 quarem
1670 5123 1765 5186 supra

102 5174 187 5235 sires
211 5176 419 5255 imeqauarur,
446 5184 659 5263 insecutusque
677 5188 796 5265 sagittis
813 5186 935 5247 men-¹
959 5120 1138 5250 alonem
1158 5190 1298 5259 lecimus,
1320 5190 1577 5273 longelatequsla
1592 5196 1761 5275 rastissyi·
