3742 5626
816 214 999 273 Elmilld.
1733 212 1751 266 ὅ

98 379 177 435 atate
195 372 327 433 ducridi
347 369 465 431 celeria.
497 369 628 431 laterent
646 368 822 430 etllutlreni
835 369 896 450 pel·

98 468 147 529 lea
165 486 298 527 ursarum
320 462 406 524 allraa
425 465 457 524 in
476 462 647 529 Eireniam,
665 483 742 543 quas
762 484 801 524 cx
821 463 896 540 trigl-

98 560 234 621 diasimis
252 556 472 637 Septentrleais
491 559 623 638 partibus
641 554 800 619 adrolrunt.

237 810 488 913 EilEllllllt
509 813 762 914 El'lS'ltlllE

103 968 356 1018 nssnnnsronras
375 968 473 1033 mnu,
492 972 575 1030 ausu
594 972 717 1022 uacans
729 968 897 1021 uescorns

179 1062 328 1112 nameus
347 1064 386 1110 aa
404 1060 542 1115 inerma
560 1062 709 1114 mosanas
726 1064 815 1114 atsur.

177 1200 324 1265 Villrelme
340 1203 483 1267 lairena-
493 1206 646 1285 Magister,
664 1203 899 1283 Arclriepiseepe

101 1294 254 1373 lligensis,
271 1296 423 1377 Episcopo
434 1298 638 1379 Terqrateusie,
647 1299 817 1376 caeterique
828 1294 897 1374 Epi·

101 1390 202 1470 scepi‚
221 1397 252 1451 et
270 1392 398 1453 universi
413 1390 562 1463 Lirenas,
581 1394 706 1453 misistis
723 1390 763 1451 ad
783 1409 840 1450 nes
858 1388 898 1448 le·

101 1487 188 1560 gates
206 1490 337 1556 restroa,
355 1486 435 1546 vires
453 1487 563 1558 bonos,
584 1486 704 1546 tranum
721 1481 899 1552 Becklrerst,

103 1574 254 1639 Othonem
297 1577 471 1650 Grettruias,
512 1588 544 1639 et
585 1578 764 1639 Volmarinnr
806 1574 899 1635 Vran-

102 1669 160 1746 gcl,
179 1691 245 1731 cum
261 1672 380 1751 reliquis
399 1670 556 1753 adjunctis,
576 1682 608 1733 ut
630 1674 837 1752 capiteeoram
849 1688 898 1727 ae·

104 1764 152 1825 tris
170 1764 319 1835 inclinate,
337 1770 471 1846 peterent
491 1764 655 1825 Teutonico
670 1763 824 1841 Magistro,
843 1763 898 1824 Δί’·

104 1855 291 1937 clriepiscepn
302 1857 436 1935 lligensi,
455 1857 609 1939 Episcopo
622 1858 812 1939 Terpatensi,
829 1876 898 1917 cun·

104 1951 218 2030 etisque
233 1950 377 2012 Lireniae
395 1951 514 2033 papulis
534 1952 611 2012 lranc
630 1972 650 2013 a
670 1952 758 2012 nobis
776 1950 899 2029 gratiam

105 2045 182 2115 tieri,
201 2050 233 2105 ut
252 2045 320 2105 dato
339 2044 377 2107 arl
398 2045 567 2126 praefectos
584 2042 900 2122 nestrosNeugardiac

104 2135 476 2211 etPlcsceriaemaudatn,
495 2158 632 2221 pascum
642 2137 902 2218 Lironibnsjnata

104 2235 235 2291 veterem
255 2252 365 2293 morem
383 2234 556 2293 sanciretur.
584 2229 901 2311 Nesveropraelcctis

106 2326 214 2384 uostris
234 2326 450 2396 mandarimus,
482 2325 589 2385 nullam
610 2324 762 2384 vobiscum
785 2326 902 2403 propter

105 2422 231 2477 vestram
254 2419 445 2499 injustitiam,
477 2438 577 2496 pacem
599 2416 783 2488 firmandum,
803 2418 901 2477 relen-

106 2515 154 2570 tea
174 2509 250 2569 lranc
271 2516 395 2571 rostram
416 2512 586 2593 injustitiam
607 2511 765 2571 vindicare.
797 2512 901 2571 Caete-

106 2623 169 2663 rum
196 2603 284 2681 iegati
309 2606 399 2665 rostri
424 2603 533 2666 lraeus
551 2604 720 2665 Boclrlrorst
745 2622 810 2664 eum
836 2602 903 2663 suis

107 2696 231 2773 collegis
251 2718 317 2759 eam
336 2718 439 2779 pacem
460 2699 581 2759 anobis
594 2703 764 2767 exorarunt,
784 2696 822 2757 iis
835 2714 902 2755 cen·

107 2789 284 2862 ditionibus,
314 2798 347 2851 ut
364 2790 511 2869 Magister
532 2790 730 2860 Teutonicus,
751 2787 903 2867 Archiepi·

108 2900 221 2960 scopus
233 2882 386 2961 lligensis,
396 2890 426 2943 et
437 2884 606 2963 Episcopus
618 2883 823 2963 Tematcnsis,
835 2900 904 2940 cua·

109 2976 208 3051 otique
220 2973 369 3045 Lirenas,
387 2976 527 3057 quidquid
546 2978 655 3056 injuste
666 2981 767 3035 contra
780 2994 835 3035 nes
846 2993 904 3032 aro·

108 3067 153 3127 liti
170 3074 257 3139 sunt,
277 3067 307 3129 id
327 3071 482 3131 restituant
502 3074 533 3128 et
542 3070 711 3129 resarciant
746 3067 906 3129 Praeterea

108 3161 177 3219 ilico
198 3163 308 3223 nostris
328 3163 560 3241 nogotiatoribus
579 3160 743 3223 concedant
761 3180 826 3221 cunr
838 3161 905 3221 auis

109 3255 320 3315 mercatoribus
340 3256 495 3333 negotiari,
526 3258 681 3336 omniaque
700 3255 837 3315 moreium
856 3273 905 3332 gc·

110 3348 206 3419 ueris,
226 3354 327 3429 utpote
347 3368 450 3421 cerae,
476 3352 556 3422 seri,
576 3350 745 3420 loricarum,
764 3354 795 3408 et
814 3368 905 3408 arare·

110 3462 172 3501 rum
192 3443 420 3521 permutationes
440 3444 550 3507 lacero.
587 3442 661 3506 itera
680 3451 714 3502 ut
733 3441 905 3524 Episcopus

111 3532 306 3613 Torpatensis
324 3539 477 3616 conquirat
495 3538 633 3599 tributum
652 3536 779 3597 omnium
793 3544 906 3616 praete·

110 3629 226 3697 aiterum
253 3650 409 3698 annerum,
436 3639 468 3691 et
491 3632 630 3691 universa
655 3629 755 3689 debita
781 3650 820 3690 ex
843 3634 906 3689 tota

110 3720 241 3781 dioecesi
253 3721 446 3804 Terpatensi,
465 3723 504 3784 de
524 3742 702 3801 unoquoque
721 3723 816 3800 capite
834 3741 907 3783 aaar-

110 3834 176 3875 cam
202 3814 421 3886 Germanicam,
451 3818 540 3877 tertio
562 3817 648 3897 pacis
672 3815 803 3875 tirraatae
829 3832 908 3875 anne

110 3908 290 3968 mittendam.
322 3911 421 3988 Atque
441 3907 499 3968 lace
519 3914 649 3969 nestrum
669 3909 807 3969 tributum
827 3906 908 3967 dein·

110 4020 186 4076 ceps
204 4002 330 4078 singuiis
348 4003 437 4063 anais
455 4000 528 4063 dare
538 4001 646 4063 debeat
658 4002 831 4082 Episcopus
840 4002 909 4060 sine

110 4093 267 4163 ditatione,
298 4097 434 4157 omuibus
452 4115 571 4177 queque
589 4094 739 4155 seruitium
758 4098 809 4154 aut
828 4093 909 4152 mini·

111 4185 235 4244 sterium
255 4185 341 4247 nebia
358 4194 508 4266 praestare
526 4189 709 4259 volentibus,
729 4210 768 4251 ex
782 4206 909 4266 quacun·

110 4298 172 4358 que
191 4279 310 4339 natione
329 4281 463 4352 veniant,
480 4280 911 4363 eitraullumimpedimeutum,

112 4371 238 4433 liberum
263 4373 294 4431 in
315 4379 432 4433 neetm
452 4376 591 4451 regiones
609 4394 764 4437 accessum
784 4379 815 4433 et
835 4392 911 4433 cera·

113 4471 241 4527 meatum
261 4464 435 4526 concedant
466 4464 543 4543 Regi
562 4488 680 4550 qaoque
701 4467 860 4537 Peloniac,
881 4470 912 4527 et

113 4578 221 4638 magun
235 4560 310 4620 Duci
322 4557 509 4629 Litheaeiae,
527 4563 615 4621 autri
634 4563 712 4623 aliua
731 4564 800 4641 quis
809 4563 838 4621 in
852 4560 912 4621 lle·

114 4672 182 4729 gem
200 4653 343 4713 Pelopiae
370 4661 423 4713 aut
441 4671 578 4730 magnum
600 4654 713 4715 Ducem
733 4654 911 4716 Lithuaniae

115 4751 300 4824 surrogetur,
329 4745 426 4807 nullas
450 4746 606 4827 suppetias
625 4752 656 4806 et
674 4748 783 4807 auxilia
801 4746 863 4807 ulla
881 4748 912 4807 in

115 4838 255 4902 reserant.
285 4838 437 4919 Quidquid
456 4844 610 4921 practerea
628 4839 728 4899 literae
738 4858 829 4919 super
839 4858 913 4917 pace

116 4933 230 4992 firmata
239 4934 401 5005 muscatae,
412 4954 488 5015 quse
499 4933 647 4993 multoties
656 4930 823 5009 descriptae
833 4939 914 5003 suet,

117 5034 150 5085 et
174 5045 293 5105 quarum
318 5029 436 5089 nemine
456 5046 571 5087 crucem
590 5044 687 5087 eoram
707 5024 843 5085 omnibus
864 5044 914 5085 ro·

117 5119 168 5179 bia
186 5119 314 5181 osculati
332 5126 417 5191 sant,
441 5123 606 5190 contineat,
624 5138 664 5181 ea
682 5118 780 5179 omnia
799 5118 855 5179 rite
873 5118 913 5179 le·

118 5214 281 5327 gitimaqae
294 5215 462 5293 precam
506 5212 632 5296 lasuper
649 5219 681 5275 et
704 5210 845 5293 praelecti
863 5232 914 5275 ue·

954 368 1008 427 stri
1026 386 1150 445 magnac
1168 366 1357 448 Naugarrltae
1375 373 1406 428 et
1434 366 1610 429 Plescorlac
1629 366 1686 429 has
1712 364 1752 427 de

953 480 1030 543 pace
1050 461 1121 520 inita
1138 460 1239 525 literas
1257 461 1295 525 ad
1310 480 1366 521 res
1379 480 1433 542 per
1445 463 1580 523 nuncium
1591 482 1677 523 sunm
1688 461 1751 523 Me·

954 552 1066 613 lardum
1087 551 1217 634 Terpilro
1242 554 1399 615 misemnt:
1429 552 1612 616 Teutonicus
1633 577 1750 637 quoqne

952 645 1111 725 Magister,
1131 643 1387 727 Archiepiscopus
1403 646 1561 727 Rigcnsis‚
1581 648 1751 729 Episcopus

954 739 1167 821 Tarpetensis,
1201 742 1372 822 caeterique
1389 738 1531 821 Episcopi
1551 740 1617 801 loce
1636 748 1666 805 et
1685 744 1750 803 rico

952 835 1082 895 emnium
1095 832 1240 894 hireneus
1260 831 1419 915 superbis
1438 832 1547 905 literis,
1565 854 1681 893 crucem
1701 856 1750 897 ex·

954 927 1079 989 osculati
1091 932 1172 998 sent,
1184 931 1217 987 et
1228 924 1349 987 dextras
1360 930 1570 1007 perrexeruntt
1588 932 1655 986 oete
1664 928 1751 987 etiarn

954 1020 1060 1098 sigillis
1085 1019 1208 1083 easdem
1234 1039 1333 1083 earam
1360 1016 1494 1080 lietardo
1520 1016 1652 1099 'l'orpilre
1677 1037 1754 1078 cera-

954 1114 1153 1185 muniverunt,
1173 1118 1204 1173 ct
1222 1134 1275 1193 per
1294 1112 1421 1175 eunden
1429 1110 1596 1175 Melardurn
1616 1111 1753 1171 nuncium

955 1204 994 1267 ad
1015 1211 1134 1267 nostres
1158 1206 1326 1286 praefectos
1343 1208 1387 1270 ita
1405 1207 1604 1268 communitas
1621 1202 1754 1264 nan-t·

956 1302 1074 1369 seretti,
1095 1319 1160 1360 eum
1180 1301 1210 1360 iu
1229 1301 1333 1373 tinem,
1352 1300 1433 1383 qaod
1446 1303 1534 1385 juata
1552 1298 1701 1361 literarum
1710 1306 1755 1357 te-

957 1410 1056 1452 nerem
1074 1393 1175 1453 amnia
1193 1412 1250 1455 noa
1268 1399 1301 1454 et
1318 1394 1487 1472 praelectas
1506 1399 1627 1456 uestros
1636 1410 1755 1453 cencer-

958 1486 1074 1557 oentia,
1089 1486 1174 1567 juste
1192 1490 1224 1546 et
1242 1484 1372 1565 legitime
1391 1488 1496 1569 exequi
1516 1487 1650 1559 relictis,
1669 1490 1756 1566 prout

957 1579 986 1639 tn
1016 1578 1110 1639 litaris
1134 1579 1272 1660 seriptum
1299 1580 1480 1650 continetur,
1507 1581 1539 1640 in
1558 1580 1639 1643 laune
1658 1600 1755 1659 usque

956 1671 1046 1733 diem.
1085 1671 1198 1733 Herum
1216 1672 1343 1733 omniura
1362 1669 1435 1731 ailril
1454 1670 1554 1733 adlrue
1570 1673 1753 1754 praestitisti.

958 1762 1076 1825 interea
1095 1786 1152 1827 nes
1172 1786 1211 1826 ue
1228 1763 1417 1826 Christianus
1436 1766 1561 1844 sanguis
1580 1774 1694 1827 temere
1713 1763 1755 1825 el·

958 1856 1141 1930 funderetur,
1160 1878 1376 1940 saepenumero
1393 1878 1449 1940 per
1467 1858 1569 1920 literas
1583 1877 1638 1919 ros
1646 1859 1756 1918 meum·

958 1970 1038 2023 mus,
1064 1956 1097 2012 ut
1116 1950 1192 2013 lraec
1210 1957 1298 2033 pacta
1312 1954 1401 2035 juata
1419 1957 1590 2013 contextum
1608 1952 1755 2013 literarum

957 2042 996 2105 de
1014 2062 1090 2125 pace
1109 2046 1352 2124 conscriptarum,
1367 2046 1453 2128 juste
1471 2050 1503 2107 et
1521 2048 1602 2107 recte
1623 2064 1757 2123 eaeque-

957 2138 1070 2198 renini.
1109 2136 1253 2199 Similiter
1271 2158 1325 2219 pcr
1343 2137 1471 2217 legatum
1490 2142 1619 2198 vestrum
1631 2135 1758 2198 Gerlrar-

959 2228 1029 2290 dum
1047 2228 1249 2302 Elemminck‚
1269 2240 1300 2292 et
1319 2233 1455 2292 nuncium
1472 2229 1669 2302 Valentinum,
1687 2231 1757 2290 item

958 2342 1013 2404 per
1036 2321 1227 2385 Melchierem
1252 2344 1320 2386 cum
1343 2326 1410 2386 suis
1433 2323 1597 2407 adjunctis,
1627 2325 1759 2405 itemque

959 2435 1011 2495 per
1029 2414 1188 2478 ilenricunr
1211 2418 1309 2479 l'ieter
1334 2419 1419 2480 vebis
1439 2418 1658 2490 nunciavimus,
1687 2422 1720 2479 ut
1738 2436 1759 2479 a

960 2509 1057 2569 veritis
1082 2510 1202 2591 injustis
1221 2517 1253 2573 et
1271 2514 1389 2573 minime
1408 2512 1563 2572 veracibus
1581 2516 1757 2594 temperare·

960 2601 1014 2671 tis,
1044 2606 1136 2682 etque
1161 2603 1272 2684 prebes
1292 2610 1322 2664 et
1341 2606 1473 2683 integros
1492 2624 1548 2665 res
1565 2605 1760 2684 praestaretis

961 2695 991 2753 in
1010 2696 1147 2755 omnibus
1166 2697 1284 2766 causis,
1300 2698 1384 2777 juxta
1405 2696 1506 2757 literas
1523 2698 1609 2778 pacis
1621 2701 1651 2756 et
1662 2699 1760 2757 crucis

962 2788 1110 2857 osculum,
1139 2792 1326 2868 uestramque
1347 2788 1460 2869 cuipam
1479 2790 1701 2869 agnosceretis,
1720 2808 1760 2849 ne

962 2880 1086 2957 sanguis
1110 2870 1250 2941 ianexius
1276 2880 1480 2943 effunderetur.
1530 2880 1597 2941 Vos
1617 2901 1687 2942 rere
1706 2900 1757 2943 uo·

963 2977 1053 3033 stram
1078 2973 1264 3035 clementiam
1289 2977 1460 3056 sprevistis,
1493 2980 1525 3037 et
1547 2974 1651 3037 literas
1676 2974 1760 3035 liberi

963 3070 1144 3127 commeatus
1154 3087 1173 3127 a
1183 3066 1270 3127 nobis
1282 3069 1449 3149 postulatis,
1460 3090 1496 3130 ea
1505 3068 1601 3130 selum
1612 3066 1760 3137 decausa,

964 3164 996 3219 ut
1015 3178 1065 3219 res
1084 3159 1201 3238 longius
1221 3161 1422 3242 protelaretur.
1453 3162 1494 3225 Et
1513 3163 1650 3243 quonlam
1663 3160 1761 3239 legem

963 3250 1101 3324 diuinam,
1121 3273 1297 3335 omnemque
1308 3256 1456 3317 ceritatem
1468 3256 1693 3338 postposuistis,
1704 3270 1763 3315 uec

963 3344 1002 3405 de
1022 3347 1119 3407 crucis
1138 3348 1242 3408 osculo
1262 3348 1420 3431 quidquam
1439 3351 1595 3428 cogitatis,
1621 3352 1764 3409 noemam·

964 3459 1021 3519 que
1039 3441 1162 3519 gratiam
1176 3448 1207 3503 et
1221 3442 1404 3504 clementiam
1415 3442 1631 3521 aspernamini,
1651 3460 1762 3524 eapro-

964 3538 1029 3615 pter
1048 3532 1366 3598 meditamuriarocate
1377 3536 1475 3597 dirine
1486 3536 1611 3608 anailie,
1627 3536 1762 3618 justitiae

965 3632 1083 3687 nestrae
1110 3646 1194 3704 crgo,
1225 3633 1256 3687 et
1279 3635 1397 3690 vestrae
1415 3631 1595 3713 injustitiae,
1625 3648 1712 3706 quam
1732 3628 1762 3686 in

965 3738 1081 3781 erucem
1100 3719 1238 3781 altissimi
1249 3721 1446 3802 designastis,
1465 3742 1521 3781 ves
1533 3721 1654 3791 ulcisci,
1675 3726 1763 3780 etre-

965 3818 1055 3872 stram
1080 3814 1359 3894 praevaricationem
1377 3814 1535 3874 uindicare.
1584 3810 1653 3873 Deo
1674 3813 1764 3889 igitur

966 3904 1053 3964 notris
1071 3907 1212 3966 auxilium
1234 3912 1416 3983 praestanto,
1437 3911 1467 3967 et
1480 3906 1682 3966 alterutrorum
1694 3922 1763 3964 sau·

965 3998 1082 4075 guinem
1101 3997 1313 4079 profundente,
1333 4004 1443 4060 eertum
1461 4000 1532 4070 erit,
1552 4016 1619 4057 enm
1639 4014 1697 4056 nen
1714 4014 1764 4057 ne

966 4095 1056 4151 stram
1076 4091 1115 4149 eb
1134 4092 1266 4173 eulpam,
1285 4092 1342 4153 scd
1362 4098 1488 4154 vestram
1507 4091 1678 4175 injustitiam
1699 4110 1766 4171 pre·

967 4182 1060 4243 t'undi.
1089 4182 1158 4243 Hoc
1176 4185 1300 4258 scitote,
1321 4206 1376 4248 nos
1396 4206 1455 4246 nen
1468 4186 1566 4247 minua
1578 4202 1764 4246 aeroscsae

968 4274 1169 4339 Christianum
1182 4277 1362 4361 Principem,
1380 4300 1438 4342 nec
1458 4299 1584 4361 unquam
1594 4283 1767 4358 gratumne·

968 4370 1017 4431 bis
1037 4370 1101 4431 lore
1120 4374 1338 4453 spectaculum,
1357 4374 1385 4435 sl
1404 4375 1494 4436 ullius
1512 4373 1667 4453 sanginem
1684 4372 1767 4431 inna-

969 4470 1083 4525 cent0m
1101 4486 1121 4527 a
1140 4468 1228 4529 nebia
1245 4467 1382 4551 profundi
1401 4468 1571 4539 rideamus,
1598 4466 1664 4525 sire
1684 4462 1767 4522 Clari·

969 4559 1086 4621 stianus
1105 4559 1156 4621 ille
1174 4562 1229 4634 sit,
1249 4564 1315 4625 sire
1333 4563 1463 4643 gentilis.
1501 4559 1673 4623 Eleatem
1693 4556 1767 4636 inju-

969 4655 1080 4715 stitiam
1109 4660 1239 4716 rostram
1265 4657 1450 4735 agnoscatis,
1485 4652 1671 4714 decrevimus
1689 4666 1768 4707 anne

969 4748 1153 4827 magnificam
1181 4756 1212 4808 et
1235 4754 1455 4830 praepotentem
1482 4751 1609 4806 nostram
1631 4742 1769 4801 virtutem

969 4836 1028 4901 tna
1046 4840 1190 4921 epistola,
1223 4860 1282 4919 qua
1300 4842 1409 4903 bellum
1428 4839 1516 4899 robis
1535 4834 1709 4907 indicimus,
1729 4830 1769 4896 ad

971 4930 1106 4993 allectum
1130 4931 1292 5005 deducere,
1324 4953 1410 5014 quam
1437 4929 1591 5012 epistelam
1618 4948 1671 5007 per
1689 4928 1771 4990 ltuue

971 5028 1103 5085 nostrum
1122 5026 1286 5085 ministrum
1305 5026 1343 5086 ad
1363 5046 1418 5086 ves
1436 5024 1636 5095 destinamus,
1661 5024 1768 5107 juben·

970 5123 1020 5178 tea
1038 5136 1078 5177 ne
1097 5118 1216 5179 inritum
1235 5117 1314 5179 illam
1334 5118 1507 5190 detineatis,
1525 5116 1581 5178 sed
1596 5117 1717 5179 liberum
1728 5114 1767 5177 ad

972 5212 1409 5288 nmragmmeoneedatia.
1440 5208 1768 5276 llatuminaestrode·
