3734 5610
146 204 183 260 Ι
740 199 869 258 RERUM
887 196 1220 257 ΙΟΕὓθΠΓΙῦΔΒΙΙΙ

146 355 321 428 demutor,
349 356 521 417 utebantur
549 356 646 437 lisque
670 354 749 416 ritae
769 352 948 424 uecemria,

147 471 203 513 seu
224 450 366 532 pecunia,
388 448 534 511 emebant.

224 540 404 606 liu-eremi
424 543 536 603 rationo
557 562 595 604 oa
606 549 735 610 utuntur,
753 543 847 599 utres
861 555 948 616 quas·

147 658 265 719 cunque
295 657 349 719 per
375 634 488 706 Sorolr,
515 642 567 695 eut
591 635 779 702 Derenosto,
809 631 867 691 lroe
892 634 948 699 est,

147 738 199 794 arat
208 731 434 812 quadragesimo
444 734 496 791 aut
507 729 698 807 nonagesimo
709 744 840 794 numero,
851 742 950 805 quem·

147 824 305 888 admodum
327 844 383 885 uos
394 823 565 892 centesimo,
576 823 737 890 numerent,
750 816 950 894 dividuntque.

148 918 347 980 Numerantes
366 916 467 995 itaque
487 913 612 976 subinde
638 916 789 994 repetunt,
816 908 950 989 multipli-

149 1019 292 1094 eantque,
314 1012 363 1072 bis
382 1006 495 1080 Sorolr,
517 1015 562 1069 ter
572 1007 685 1077 Sorolr,
705 1001 949 1084 quatuorSorolr,

148 1105 182 1168 id
197 1110 262 1177 est,
279 1104 480 1185 quadraginta,
500 1106 552 1162 aut
571 1101 627 1169 bis,
646 1104 706 1168 ter,
731 1101 834 1177 quater
854 1095 939 1155 llere

148 1203 245 1271 noeto,
263 1197 322 1258 hoc
343 1202 390 1284 est
409 1196 579 1273 nonaginta.
616 1190 709 1262 Mille,
729 1190 830 1268 gentili
849 1190 950 1268 lingua

148 1291 310 1354 Tissacza:
351 1292 421 1350 item
452 1287 557 1347 decern
591 1284 695 1355 millia,
723 1305 783 1345 una
811 1283 949 1354 dictione,

148 1385 239 1447 'lmus
269 1385 370 1462 viginti
394 1382 501 1452 millia,
527 1380 669 1441 llralma:
700 1379 818 1458 triginta
849 1376 949 1448 millia,

151 1478 264 1540 Tritma
285 1478 460 1557 exprimunt.

224 1568 371 1649 Quisquis
389 1586 506 1629 merces
526 1566 749 1646 qualescunque
762 1563 947 1627 dioscoriam

18 1674 22 1685 “
145 1664 286 1734 attulerit,
306 1682 361 1723 eas
380 1663 516 1722 contiuuo
529 1660 607 1741 apud
624 1661 789 1739 portitores,
809 1677 863 1716 scu
877 1656 948 1715 telo·

147 1759 187 1819 nii
200 1755 377 1837 praefectos,
389 1754 517 1836 profiteri
532 1774 568 1814 ao
582 1753 713 1814 indicere
723 1752 851 1829 cogitur:
872 1769 948 1828 quas

146 1852 177 1913 lrl
199 1858 278 1912 stata
297 1850 370 1910 hora
388 1849 581 1926 conspiciunt,
602 1848 835 1924 aestimantque3
860 1844 948 1903 aesti-

106 2002 110 2013 ‚
146 1954 245 2006 matos
265 1963 344 2014 roro,
365 1941 451 2001 deno
471 1960 527 2000 uec
546 1937 675 1999 rendere
704 1958 760 1999 uec
779 1957 878 1998 emere
899 1956 948 1996 au·

146 2036 207 2109 det,
227 2038 284 2098 nisi
305 2037 385 2115 prius
405 2034 512 2093 suerint
531 2030 659 2112 Principi
679 2031 834 2092 indicatae.
856 2029 949 2089 Porro

146 2128 293 2212 Princeps
312 2131 339 2189 si
361 2128 517 2207 quiequam
534 2145 633 2185 emere
646 2125 778 2197 voluerit,
798 2132 859 2186 tum
875 2132 947 2183 mer-

146 2228 240 2286 catori
260 2222 373 2283 interi·
395 2240 443 2280 res
464 2238 537 2280 suas
558 2239 612 2279 uec
632 2217 776 2287 indicare,
804 2237 859 2277 nec
889 2219 947 2276 cui-

146 2336 235 2396 quam
257 2314 359 2375 licitari
379 2333 433 2374 eas
451 2314 593 2392 integrum
616 2317 672 2382 est,
692 2332 750 2391 quo
770 2308 811 2381 ut:
830 2315 862 2370 ut
874 2330 947 2368 mer-

147 2414 266 2470 catores
286 2406 431 2467 interdum
452 2405 561 2466 diutius
581 2405 775 2466 detineantur.

224 2499 331 2581 Neque
351 2502 438 2561 etiam
460 2501 553 2559 culrls
573 2499 739 2569 memorari,
760 2505 876 2576 praeter
897 2495 945 2555 Li-

147 2592 520 2666 uruams,P010n0s,aut
544 2592 658 2652 illorum
683 2591 804 2671 imperio
830 2589 947 2671 subjec-

1006 350 1083 421 lant,
1112 371 1250 432 quaeque
1273 352 1304 412 lu
1329 370 1408 412 mare
1432 352 1659 434 septenulonali
1687 352 1810 433 degunt,

1008 465 1047 507 ex
1076 446 1184 525 qulbus
1209 444 1361 505 manubria
1391 447 1547 526 pugionum
1575 445 1666 508 Turci
1697 448 1809 510 affabre

1008 539 1154 599 conficere
1174 538 1281 609 solent,
1302 543 1452 600 nostrates
1464 540 1587 617 piscium
1607 539 1715 602 dentes
1737 562 1809 603 esso

1007 631 1811 711 putentetnominantlnl'artariamrarosellac,l'reoa,

1007 725 1809 796 reetes,eeoriumrarmaautemetserrumnouoisit'ur-

1006 817 1550 896 tin,sutexsiuqularil²reelectorum
1558 821 1809 906 permissionem·

1007 917 1165 992 portantur,
1186 911 1301 973 adalia
1325 909 1393 972 loca
1411 913 1486 972 intra
1515 911 1669 975 Orientem
1696 921 1727 975 ct
1752 916 1809 975 Se·

1006 1006 1214 1087 pteutriouem.
1255 1003 1393 1065 Pauueas
1408 1013 1507 1066 tanen
1527 1017 1559 1066 et
1579 1008 1674 1070 lineae
1693 1013 1808 1078 restes,

1007 1098 1157 1169 cultellos,
1176 1118 1308 1167 secures,
1327 1117 1410 1168 scus,
1430 1099 1562 1179 specula,
1578 1102 1737 1182 marsupia,
1755 1108 1810 1162 aut

1007 1191 1079 1273 quid
1097 1191 1177 1253 aliud
1197 1191 1342 1273 ejusmodi
1370 1190 1490 1251 ducunt.
1530 1193 1700 1255 Mercautur
1725 1194 1808 1255 lullu-

1007 1287 1128 1346 eisslme
1147 1304 1184 1346 ac
1203 1283 1407 1344 dolosissiner
1434 1303 1489 1344 nec
1515 1287 1617 1363 paucis
1644 1288 1752 1356 verbis,
1772 1300 1808 1346 ut

1006 1379 1125 1459 quidum
1145 1379 1337 1458 scripserunt.
1379 1374 1459 1446 Quin
1487 1377 1555 1440 dum
1579 1381 1708 1460 precium
1735 1380 1805 1439 alie·

1005 1481 1083 1544 runt,
1102 1491 1138 1532 ac
1157 1490 1218 1532 rem
1239 1471 1358 1530 minoris
1377 1468 1497 1532 dimidio
1507 1474 1608 1555 precio
1622 1475 1653 1533 lu
1672 1472 1804 1534 iraudcm

1006 1565 1169 1628 venditoris
1204 1571 1342 1633 licentur:
1386 1572 1564 1627 mercatores
1600 1558 1806 1646 nonuunquam

1007 1678 1065 1718 non
1092 1680 1151 1719 uuo
1176 1667 1288 1723 tautum
1316 1666 1366 1722 eut
1391 1660 1482 1720 altero
1510 1680 1613 1721 mense
1639 1679 1808 1740 suspensos

1007 1770 1043 1812 ae
1062 1753 1191 1813 incertos
1212 1755 1352 1825 detinent,
1372 1772 1472 1812 renum
1492 1753 1530 1812 ad
1551 1759 1712 1815 extremam
1738 1751 1806 1812 des·

1006 1847 1184 1925 perationem
1205 1846 1349 1927 quosdam
1368 1846 1529 1929 perducere
1550 1849 1658 1906 solent.
1700 1844 1806 1907 Caete-

1006 1959 1067 1998 rum
1087 1940 1137 2018 qui
1157 1960 1254 2001 moros
1273 1941 1385 2001 illorum
1405 1945 1501 2010 tenet,
1522 1938 1686 2019 dolosaque
1707 1940 1806 2009 rerba,

1006 2032 1115 2111 quibus
1135 2034 1263 2114 precium
1283 2036 1324 2094 rei
1346 2034 1531 2103 imminuunt,
1557 2037 1735 2114 tempusque
1754 2052 1805 2093 ex·

1005 2123 1134 2197 tralrunt,
1156 2147 1213 2187 uon
1234 2133 1324 2199 curat,
1346 2132 1396 2189 aut
1416 2125 1595 2186 dissimulat:
1617 2127 1643 2185 is
1663 2147 1712 2187 res
1731 2146 1807 2187 suas

1005 2220 1072 2279 sine
1092 2219 1193 2301 aliquo
1215 2220 1370 2300 dispendio
1390 2218 1503 2280 rendit.

1082 2312 1165 2374 Ciris
1183 2313 1302 2395 quidam
1323 2313 1546 2384 cracoviensis,
1573 2311 1717 2372 ducentos
1737 2332 1803 2373 een·

1004 2408 1136 2466 tenarius
1156 2409 1235 2488 cupri
1255 2407 1430 2478 advexerat,
1450 2425 1527 2486 quos
1546 2407 1686 2485 Princeps
1705 2426 1806 2466 emere

1006 2498 1112 2570 voluit,
1151 2506 1181 2560 ct
1204 2506 1397 2561 mercatorem
1423 2499 1534 2560 tamdiu
1555 2499 1693 2569 detinuit,
1723 2509 1758 2559 ut
1776 2501 1806 2559 is

1005 2590 1124 2652 tandem
1146 2592 1264 2653 fastidio
1284 2593 1424 2661 affectus,
1444 2612 1547 2653 rursus
1568 2593 1804 2668 rersuspatriam

146 2694 205 2761 tos,
216 2687 400 2750 dioscoriam
419 2687 520 2747 venire
541 2685 663 2746 liberum
683 2689 739 2744 est.
779 2681 857 2744 Nam
872 2681 946 2742 Sue·
1005 2703 1124 2762 cuprum
1144 2685 1306 2745 reduceret.
1357 2685 1450 2745 Porro
1473 2706 1536 2746 cum
1557 2685 1668 2762 aliquot
1686 2684 1803 2742 miliari·

147 2783 293 2853 tensilrus‚
312 2780 553 2850 Lirouieusibus,
574 2778 606 2838 et
624 2776 781 2838 Germanis
802 2796 838 2837 ex
863 2776 946 2836 mari·
1004 2777 1062 2836 bus
1082 2777 1120 2837 al)
1139 2779 1212 2839 urbe
1232 2780 1370 2850 abessatr
1390 2779 1570 2838 subordinati
1589 2775 1706 2856 quidam
1720 2774 1803 2835 illum

147 2877 227 2937 timis
246 2875 423 2944 civitatibus,
443 2869 649 2951 Norogardiae
663 2870 817 2932 duntaxat:
839 2869 946 2931 Tureie
1005 2877 1181 2950 sequuntur,
1208 2874 1334 2956 ejusque
1354 2873 1447 2943 bona,
1467 2893 1502 2932 ae
1522 2873 1549 2931 sl
1567 2870 1724 2953 portorium
1745 2888 1802 2929 uon

148 2989 219 3030 rero
239 2973 270 3027 et
288 2967 422 3027 Tartaris
443 2964 642 3045 Chloppigrod
662 2964 780 3046 oppido,
800 2984 858 3044 quo
876 2982 947 3022 nun·
1005 2965 1165 3036 soluisaet,
1196 2965 1343 3039 inhibent,
1365 2965 1607 3046 interdicuntque.
1656 2962 1806 3024 Mercator

149 3061 282 3122 diuorum
302 3068 436 3138 ternpore
455 3057 562 3116 diversi
589 3055 724 3118 homiues
750 3079 788 3118 ex
814 3057 947 3117 remotis·
1004 3077 1143 3119 reversus
1163 3058 1363 3131 dioscoriam,
1390 3060 1468 3139 apud
1489 3059 1674 3120 consiliarios
1692 3055 1803 3117 Prlael·

148 3155 233 3218 simis
253 3153 326 3213 loeis
346 3151 504 3221 coulluust,
529 3155 720 3210 mercaturam
745 3168 887 3210 exercerc
912 3167 948 3207 ac
1005 3152 1052 3228 pis
1073 3151 1111 3211 de
1132 3154 1238 3234 injuria
1257 3153 1314 3212 sibi
1333 3153 1415 3213 illata
1433 3154 1633 3233 conqueritur3
1652 3148 1804 3212 illiaudita

147 3247 271 3309 mereari
296 3263 474 3304 concessum
499 3248 556 3302 est.
597 3240 725 3314 Quando
747 3263 817 3303 vero
844 3243 946 3319 Legati
1006 3264 1113 3314 causa,
1145 3264 1215 3304 mox
1245 3265 1281 3305 se
1305 3246 1381 3305 ultro
1403 3247 1585 3306 constituunt
1603 3242 1733 3304 medios:
1767 3262 1803 3303 ac

148 3360 185 3401 ac
214 3337 359 3400 Oratores
393 3336 577 3397 dioscoriam
615 3336 855 3417 proticiscuutur,
885 3341 946 3395 tum
1005 3339 1151 3414 negotium
1181 3356 1252 3398 sese
1278 3343 1493 3408 transacturos,
1527 3339 1554 3397 si
1574 3338 1693 3416 gratiam
1712 3342 1804 3417 petat,

150 3452 254 3493 omues
272 3430 469 3509 undecunque
487 3433 666 3490 mercatores
686 3429 715 3487 in
736 3428 947 3514 illorumfidcur
1005 3430 1184 3510 pollicentur.
1215 3430 1364 3491 Mercator
1383 3431 1512 3501 calidus,
1535 3432 1711 3511 quisciebat
1724 3430 1803 3490 Priu-

148 3545 186 3588 ac
204 3525 414 3606 protectionem
435 3523 583 3603 suscepti,
602 3521 784 3582 Moseoriam
806 3531 837 3583 et
856 3522 948 3583 libere
1004 3525 1063 3603 cipi
1083 3525 1305 3602 ignominiosum
1325 3523 1402 3595 lore,
1422 3525 1449 3584 si
1469 3524 1614 3606 ejusmodi
1635 3544 1748 3584 merces
1765 3545 1803 3584 ex

149 3625 180 3682 et
200 3620 267 3679 sine
284 3619 421 3701 portoriis
441 3617 482 3678 ire
503 3620 638 3698 possunt,
658 3615 802 3676 scotiam
822 3636 946 3677 consue·
1006 3616 1120 3676 ditione
1139 3638 1195 3678 sua
1213 3616 1433 3689 reducerentur,
1455 3638 1491 3679 ac
1510 3619 1536 3678 si
1558 3638 1614 3676 non
1630 3619 1805 3698 reperiretur

149 3722 262 3775 rerunt.
301 3768 327 3777 ,.
1006 3712 1149 3791 quispiam
1170 3711 1218 3790 qni
1238 3716 1337 3770 tuntas
1358 3733 1474 3772 merces
1495 3711 1613 3770 mercari
1626 3716 1655 3769 et
1665 3711 1805 3770 exolvere

226 3805 403 3889 Majorpars
413 3803 552 3864 mercium
565 3807 635 3863 suut
645 3822 765 3864 massae
781 3810 947 3882 argenteae,
1004 3810 1125 3884 posset,
1146 3824 1203 3863 nou
1224 3803 1312 3864 ullam
1332 3807 1453 3883 gratiam
1472 3805 1561 3886 petit,
1587 3803 1642 3864 sed
1658 3806 1803 3886 justitiam

148 3901 250 3981 pauni,
270 3899 407 3961 sericum.
426 3898 513 3978 panni
533 3896 637 3958 sericei
658 3903 689 3956 et
704 3897 800 3967 aurei,
819 3899 947 3956 uniones
1005 3897 1063 3957 sibi
1088 3897 1282 3960 administrari
1304 3898 1441 3977 postulat.
1480 3896 1613 3959 Tandem
1635 3918 1699 3958 cuer
1725 3897 1804 3956 ride-

149 4010 291 4069 genmae,
310 4010 414 4052 surum
435 3991 558 4062 filatum,
585 3989 730 4051 interdum
757 3989 832 4049 viles
859 3991 946 4050 etiam
1004 3995 1070 4050 rent
1088 3990 1163 4050 adeo
1184 3992 1378 4062 obstinatum,
1410 3993 1510 4072 utqui
1532 3991 1637 4052 abduci
1663 4011 1802 4071 apropo·

148 4082 293 4162 quasdam
313 4104 364 4144 res
383 4104 439 4143 suo
463 4090 594 4164 tenpore
620 4088 750 4165 portant,
775 4103 813 4143 cx
838 4084 947 4162 quibus
1004 4085 1062 4144 sito
1083 4103 1139 4143 non
1160 4088 1272 4163 posset,
1295 4103 1391 4163 neque
1411 4084 1525 4144 illorum
1545 4083 1612 4143 dolo
1633 4089 1683 4144 aut
1709 4084 1803 4145 lraudi

149 4196 208 4236 uon
228 4195 326 4255 parum
351 4175 424 4235 lucri
449 4177 587 4236 referunt.
635 4176 736 4258 Saepe
760 4177 846 4236 etiam
871 4177 946 4237 acci·
1005 4175 1112 4236 cedere
1133 4177 1231 4248 vellet,
1251 4197 1371 4257 cuprum
1392 4178 1535 4257 Principis
1555 4179 1672 4239 nomine
1686 4184 1801 4238 emunt:

149 4268 201 4339 dlt,
219 4272 253 4328 ut
271 4268 313 4327 rai
331 4268 457 4350 alicujus
477 4268 625 4330 desiderio
650 4290 755 4331 omues
775 4276 945 4331 tencantur}
1004 4291 1041 4331 ao
1059 4271 1209 4352 persoluto
1225 4272 1309 4352 justo
1329 4270 1436 4350 precio,
1458 4269 1604 4333 lrominem
1624 4272 1777 4332 dimittunt.

148 4381 238 4443 quarn
256 4360 306 4440 qui
325 4361 434 4440 pdmns
452 4360 596 4432 attulerit,
621 4363 689 4442 plus
704 4367 788 4444 justo
808 4364 943 4424 lucratur.
1079 4365 1221 4426 Extemis
1240 4363 1373 4441 singulas
1392 4384 1442 4424 res
1462 4366 1559 4426 carius
1584 4365 1726 4424 vendant:
1760 4361 1800 4420 ita

148 4455 227 4516 Deio
252 4474 319 4514 cum
343 4453 442 4534 plures
462 4461 639 4515 mercatores
665 4456 823 4517 earundem
848 4477 944 4517 rerum
1003 4466 1036 4517 ut
1055 4479 1131 4538 quae
1150 4477 1209 4518 uno
1229 4456 1335 4517 ducato
1355 4456 1462 4538 alioqui
1485 4469 1595 4530 emunt,
1615 4476 1649 4515 ea
1663 4453 1800 4533 quinque,

146 4568 283 4626 maguam
302 4549 414 4627 copiam
434 4546 616 4624 adverterint,
635 4553 717 4608 tauta
736 4568 943 4631 nonuunquam
1003 4556 1089 4622 octo,
1108 4551 1219 4621 decem,
1238 4549 1383 4611 interdum
1404 4553 1504 4630 viginti
1528 4550 1642 4610 ducatis
1661 4545 1801 4611 indicent.

147 4643 257 4704 utilitas
276 4641 481 4720 consequitur,
506 4646 539 4700 ut
559 4641 586 4700 is
608 4641 657 4719 qui
677 4660 727 4701 res
747 4662 819 4702 suas
845 4664 944 4721 quam·
1003 4641 1180 4721 Quanquam
1201 4644 1258 4725 ipsi
1275 4643 1414 4717 vicissim,
1433 4642 1617 4725 aliquaudun
1639 4646 1801 4701 temtaram

147 4736 268 4815 plurima
293 4734 479 4805 vendiderat,
506 4733 626 4795 easdem
654 4753 756 4795 rursus
781 4734 943 4795 vilesceute
1002 4736 1040 4796 ab
1060 4737 1190 4796 extemis
1209 4735 1322 4808 decem,
1341 4746 1392 4800 aut
1411 4735 1574 4818 quindecim
1596 4733 1714 4793 tioreuls
1729 4755 1799 4794 mer·

148 4830 245 4906 precio
270 4835 361 4901 emat,
386 4847 551 4908 magnoque
577 4847 634 4888 suo
660 4827 814 4888 commodo
841 4829 871 4888 in
894 4849 942 4908 pa·
1002 4834 1113 4900 centur,
1134 4849 1210 4909 quae
1236 4833 1282 4893 rix
1303 4852 1393 4893 unum
1421 4837 1471 4889 eut
1495 4825 1619 4885 alterum
1646 4827 1724 4888 valet
1749 4828 1799 4887 tlo-

148 4920 231 4979 triam
251 4922 381 4985 reducat.
421 4921 542 4983 Merces
561 4941 631 4982 roro
651 4941 729 5000 quae
747 4921 816 4982 iude
830 4921 942 4982 iu'Ger·
1001 4942 1111 4984 renum.

147 5012 275 5072 maniam
293 5021 451 5093 portantur,
471 5022 542 5078 sunt
559 5015 664 5098 pelles,
685 5021 716 5076 et
735 5035 817 5078 cera:
843 5017 872 5076 in
892 5015 929 5076 Li
1076 5016 1168 5078 Porro
1195 5013 1405 5078 contrahendis
1437 5011 1541 5082 rebus,
1571 5014 1598 5073 si
1625 5011 1696 5093 quid
1722 5012 1800 5074 lorte

147 5105 297 5167 tlruaniam
317 5112 348 5166 et
366 5107 518 5180 Turdam,
545 5111 668 5182 corium,
694 5109 803 5189 pelles,
828 5116 858 5170 ct
883 5109 952 5190 arnt,
1001 5109 1118 5182 dixeris,
1137 5116 1188 5171 aut
1207 5106 1419 5192 imprudentius
1438 5104 1619 5184 promiseris,
1639 5126 1736 5167 eorum
1758 5108 1800 5168 di·

148 5199 226 5276 longi
245 5197 353 5259 dautes
371 5200 550 5269 animalium,
570 5222 646 5280 quae
665 5205 722 5282 ipsi
742 5203 826 5265 llors
845 5202 943 5283 appel·
1000 5205 1125 5282 ligenter
1136 5203 1337 5267 meminerunt,
1350 5197 1589 5277 praestandaque
1599 5207 1720 5280 urgent:
1741 5203 1798 5277 ipsi
