3742 5626
567 164 623 224 tet:
643 160 781 225 Betae)
802 160 1113 235 utoscuvtt'tw,
1136 160 1258 227 LiliElt
1280 164 1317 221 l'.
1729 168 1783 225 tet

119 326 165 383 nis
185 322 370 385 eorirallibus
391 328 571 406 nete-rseptus
590 333 682 394 esset,
702 322 777 385 ualle
795 321 921 404 qeeadani
979 332 1066 383 noete
1087 324 1196 383 nnilnm
1215 327 1244 383 in
1265 336 1376 405 partem
1396 347 1431 385 ire
1458 340 1687 387 commoverunt.
1728 329 1780 391 rti-

118 416 617 496 occupataroceptnqneintercluso
629 415 920 498 rebeenentersclop-
976 424 1039 477 tei-ri
1056 414 1186 479 blattina
1202 417 1418 479 liesnor'oiseio
1444 428 1533 479 notae
1558 420 1676 479 virturis
1693 418 1780 481 l‘rae·

118 512 197 591 petis
217 530 270 571 reris
290 506 452 589 premebat.
493 506 612 571 Interim
630 510 805 573 Zninoseins
833 509 920 571 Scar-
977 506 1056 569 iectu
1078 512 1227 586 negotium
1255 506 1322 585 rlnt,
1348 511 1398 591 qni
1419 530 1485 569 cum
1506 509 1685 591 quibusdam
1706 512 1780 574 urbo

118 602 233 677 beenrrr,
253 602 303 681 qni
325 598 571 681 quemadmodum
585 613 737 665 ostensum
749 613 805 676 est,
827 605 856 664 in
872 624 919 665 sn·
977 604 1119 679 egressis,
1145 624 1181 663 ar·
1201 604 1349 683 promenti,
1375 622 1450 683 quae
1470 600 1508 662 ad
1534 624 1600 665 eam
1626 604 1780 685 jacebant,

117 693 285 778 perioribus
304 693 485 755 stationibus
506 704 585 769 erut,
611 695 717 758 ilunieu
738 717 805 757 enox
826 704 919 759 traus-
972 691 1124 771 cadavera
1155 694 1330 756 subtrniiere
1361 694 1587 775 incipientibus,
1623 718 1682 761 una
1712 720 1777 761 cuin

116 790 168 860 ire,
191 790 388 868 impetumque
409 791 438 849 in
458 788 565 849 liostes
591 786 663 851 dare
677 789 781 871 jubet:
821 788 919 850 simul·
975 784 1069 847 altero
1090 790 1189 867 equite
1208 808 1243 847 se
1264 784 1458 863 ostendisset,
1480 786 1616 850 celeriter
1625 794 1655 851 in
1676 792 1778 853 urbem

116 899 174 961 que
195 882 261 961 ipse
282 899 358 960 equo
379 902 557 954 conscenso,
578 884 615 943 iis
634 885 685 965 qni
714 886 742 944 in
763 879 918 956 subsidiis,
974 877 1162 957 refugerunt,
1191 900 1366 963 semperque
1404 888 1511 961 postea
1549 882 1625 943 intro
1663 884 1779 944 triennia

117 970 155 1033 de
188 970 295 1052 quibus
328 980 397 1034 ante
429 972 624 1050 dictumest,
650 973 863 1047 conscelerant,
888 983 921 1035 ut
974 991 1009 1031 so
1031 974 1248 1034 continuerunt.
1288 972 1464 1035 Zanioseins
1490 972 1696 1053 reigerenrino
1716 976 1777 1035 nul-

114 1087 149 1127 so
170 1074 342 1145 sequnntur,
367 1068 503 1147 imperat..
540 1066 691 1129 Scarbeeo
717 1072 918 1151 promtissime
973 1062 1033 1124 luni
1052 1065 1178 1145 anqiiins
1199 1066 1444 1139 loeumintorum,
1465 1064 1604 1148 quodque
1625 1068 1728 1148 pietati
1741 1088 1778 1128 nc

114 1158 221 1221 llreeneri
240 1168 441 1237 transgressu,
460 1158 620 1239 Szujscins
643 1159 694 1221 ubi
715 1166 837 1242 prinnini
858 1170 917 1223 ata·
945 1227 948 1234 ¹
973 1154 1146 1219 immanitati
1167 1156 1268 1219 deberi
1290 1157 1497 1231 arbitrabatur,
1518 1159 1594 1219 nitro
1616 1157 1694 1219 busti
1708 1158 1774 1220 olie-

114 1251 244 1314 tionibus
265 1250 375 1313 nitidata
397 1260 496 1314 enstra
516 1250 739 1329 arriniade'crtit,
765 1276 831 1317 enos
852 1254 918 1315 reli·
945 1288 947 1293 ·
972 1248 1094 1309 rendum
1122 1261 1214 1325 ratus,
1240 1249 1279 1314 ad
1306 1251 1454 1314 obsessos
1477 1254 1573 1324 niittit,
1594 1258 1773 1333 potestatem

114 1366 203 1427 quemi
232 1344 395 1429 perlitatum
420 1366 457 1405 ac
489 1347 651 1426 equitatum
677 1366 791 1407 oenoern
824 1346 916 1409 direr-
943 1371 947 1422 ς
973 1362 1007 1402 se
1028 1342 1086 1403 illis
1117 1354 1295 1405 niortnorum
1317 1344 1432 1422 iacere,
1453 1366 1490 1407 ao
1510 1344 1560 1406 rei
1581 1366 1634 1425 per
1654 1345 1773 1406 militem

114 1444 158 1501 sis
186 1440 280 1519 portis
300 1435 338 1499 ad
360 1446 460 1499 eastra
480 1436 681 1519 oppugnanda
701 1440 799 1499 inittit.
839 1438 915 1500 lntc-
943 1449 946 1526 j
973 1434 1099 1497 conierri
1120 1458 1255 1517 corpora,
1276 1458 1312 1499 ac
1333 1436 1409 1500 tradi
1431 1442 1468 1499 iis
1484 1441 1655 1518 jussui-oni,
1675 1443 1728 1499 unt
1746 1442 1773 1499 si

114 1536 168 1593 rim
188 1532 237 1613 qni
258 1552 294 1593 ex
321 1530 471 1603 instituto,
491 1528 737 1611 epu-niarlmorlum
762 1542 915 1591 ostensum
942 1535 946 1568 ¹
972 1530 1028 1609 ipsi
1050 1548 1157 1609 perse
1180 1530 1285 1590 toliere
1306 1552 1342 1591 ea
1361 1530 1467 1607 veiint,
1486 1528 1544 1591 lide
1563 1529 1682 1614 pentolina
1702 1532 1774 1592 inte·

113 1633 170 1694 est,
197 1626 225 1683 in
247 1622 447 1686 tabernaculis
474 1622 674 1696 excubabant,
699 1645 736 1685 se
763 1628 871 1705 quique
897 1646 915 1687 a
941 1635 946 1690 t
971 1640 1053 1699 gerini
1081 1618 1112 1681 id
1139 1622 1199 1682 iliis
1218 1622 1346 1685 ieitennm
1373 1620 1521 1697 ostendit;
1548 1626 1598 1705 qui
1624 1627 1654 1685 in
1681 1626 1772 1684 neuris

112 1715 270 1779 Zanioseio
296 1718 377 1797 jussi
399 1714 529 1791 inierant,
550 1712 589 1775 ad
624 1725 774 1779 certarnen
792 1721 857 1797 jam
879 1738 915 1779 se
940 1703 946 1803 l
971 1724 1069 1787 eraut,
1089 1712 1227 1777 laudibus
1249 1716 1325 1778 lianc
1345 1718 1411 1797 ejus
1434 1718 1574 1797 pietatem
1596 1716 1771 1777 ctiresrtaii-

112 1807 319 1891 expedierant.
359 1810 501 1891 primique
534 1808 682 1889 linngari,
710 1813 760 1892 qui
780 1832 846 1870 eain
875 1809 915 1873 ad
970 1826 1028 1888 qne
1047 1808 1136 1867 animi
1147 1828 1268 1869 seersum
1279 1828 1458 1889 ningnupcre
1471 1808 1662 1879 enottetrain,
1682 1829 1772 1889 reque

112 1902 250 1965 Velicrnn
270 1900 377 1962 ilrnnen
406 1908 571 1962 castrorum
601 1911 717 1984 partem
756 1903 913 1981 tenebant,
969 1900 1183 1982 ereorSznjseio
1197 1901 1423 1977 conmiunicata,
1435 1910 1468 1961 ut
1480 1904 1616 1981 sequenti
1630 1900 1679 1961 die
1692 1904 1771 1961 cirea

109 1993 179 2059 indo
204 1994 339 2057 loannes
360 1996 551 2069 Cretensius,
576 2014 642 2056 euin
671 2002 766 2057 turma
797 1996 913 2058 stanis-
939 1989 943 2080 j
968 1990 1120 2054 meridiem
1140 1992 1180 2055 ad
1198 2016 1234 2055 so
1253 1990 1365 2064 redeat,
1384 2014 1442 2073 quo
1464 2016 1501 2055 ea
1521 1992 1559 2055 de
1578 2014 1611 2056 ro
1630 1995 1771 2057 earistitui

108 2088 148 2150 iai
168 2088 352 2169 Prijeenscii:
381 2088 545 2149 Sariiaeins
565 2108 632 2149 cnm
656 2086 827 2167 llieronpini
853 2090 913 2152 Ge·
939 2081 942 2088 ’
969 2093 1085 2167 posset,
1106 2086 1265 2165 rugiebant.
1305 2086 1356 2149 rid
1376 2096 1494 2169 tenipus
1516 2086 1686 2150 Stariisians
1703 2086 1770 2149 Zol-

109 2182 261 2243 stomseii:
300 2201 422 2261 qrmrnm
451 2179 543 2259 legati
564 2188 663 2250 erant,
696 2192 766 2263 post
786 2182 841 2244 iios
861 2182 912 2244 alii
968 2176 1075 2239 licvius
1095 2177 1275 2241 adolescens
1300 2180 1444 2259 singulari
1469 2180 1588 2260 iugenio
1609 2178 1771 2263 praeditus,

108 2284 193 2339 trinta
219 2272 371 2333 eeleritate
402 2280 625 2355 procurrerunt,
650 2280 683 2335 ut
702 2272 805 2335 eodeni
828 2278 912 2355 qnasi
967 2270 1115 2333 illeleliior
1140 2271 1267 2335 an'iszn
1288 2272 1400 2333 stabuli
1420 2271 1570 2335 Zaeeeoseii
1590 2273 1769 2355 praelectus,

108 2372 138 2430 in
152 2368 290 2447 vestigio,
309 2386 369 2425 nno
389 2364 527 2425 condictu
547 2374 635 2445 utque
651 2368 761 2449 impetn
787 2371 912 2430 trecenti
966 2364 1076 2446 aliique
1104 2363 1222 2426 nobiles
1242 2366 1373 2445 jenenes
1399 2364 1554 2427 Tleracicis
1574 2368 1769 2445 generosissi-

108 2463 227 2523 circiter
248 2480 284 2521 ex
300 2456 441 2519 bostibus
461 2454 614 2535 caderent,
634 2471 811 2542 caperentur
834 2460 911 2523 uitro
966 2460 1023 2520 ruis
1049 2456 1134 2539 equis
1160 2460 1254 2533 sceti,
1279 2454 1581 2541 splerulidissinieque
1601 2479 1706 2521 ornnes
1726 2480 1769 2519 or-

106 2557 272 2633 sensgintn,
290 2572 396 2631 magna
415 2570 485 2612 sero
505 2571 606 2611 eorrnn
615 2573 687 2633 parii
697 2553 910 2615 vulneraretur.
966 2550 1030 2611 nati
1054 2552 1160 2633 injussi
1189 2569 1248 2611 nna
1275 2548 1511 2631 proficiscuntur.
1559 2554 1710 2629 ,ignoscit
1735 2574 1770 2613 ex

107 2648 264 2728 Szuiscius
285 2648 333 2727 qni
348 2666 365 2705 e
385 2646 516 2725 proximo
537 2666 620 2706 nuno
633 2658 769 2711 ee'eeituni
782 2648 910 2729 enqitio-
964 2642 1129 2722 translngis
1143 2640 1315 2705 zotternin
1331 2642 1460 2725 qnidam,
1480 2643 1612 2706 ostendit
1623 2644 1776 2719 iiustibns,

107 2744 154 2803 nio
180 2736 372 2821 expectabat,
399 2734 520 2798 eaedem
553 2736 631 2799 lniuc
657 2747 688 2801 ct
713 2739 811 2819 iugum
840 2759 909 2801 suo·
963 2733 1269 2818 praeterquamquod
1290 2738 1454 2817 propinqua
1475 2738 1768 2815 cogeretioueZamo-

106 2854 169 2895 nien
190 2852 326 2903 certioris,
347 2838 504 2891 revocatos
527 2833 603 2889 intra
617 2830 719 2891 urbem
740 2852 807 2891 niun
827 2852 910 2891 rece·
963 2828 1061 2890 scium
1086 2831 1288 2905 contingeret,
1302 2828 1455 2887 inultorum
1477 2832 1566 2889 etiarn
1585 2838 1767 2891 secretorum

104 2926 158 3007 pie.
200 2920 371 2984 Desideruti
392 2931 468 2983 etex
487 2922 599 2981 nristris
617 2922 729 3001 praelio
749 2946 785 2984 eo
797 2920 911 3003 aliquot
963 2920 1114 2982 conscium
1135 2939 1222 2991 csse;
1239 2918 1358 2980 solebat
1380 2920 1458 2980 enirn
1477 2918 1669 2998 Zarreoseius,
1689 2920 1768 3003 quod

104 3018 238 3089 inerunt,
264 3034 329 3076 euin
360 3014 436 3076 nolle
466 3011 504 3073 ab
526 3010 664 3073 liostibns
686 3026 832 3095 occupata
853 3018 907 3077 cir·
962 3020 1082 3096 praeter
1100 3019 1238 3086 aetatem,
1257 3011 1392 3072 exienimn
1413 3014 1443 3073 in
1463 3032 1500 3073 eo
1520 3010 1649 3075 indolem
1669 3034 1706 3076 ae
1726 3016 1766 3075 in·

104 3110 270 3172 coniventis
288 3104 427 3167 aemilium
442 3104 510 3167 ierri
522 3104 560 3165 ab
580 3105 647 3167 aliis
664 3126 723 3170 non
745 3112 906 3191 preterisset.
962 3108 1081 3185 geriienn
1107 3106 1304 3185 perspiceret,
1330 3104 1361 3164 in
1380 3104 1595 3168 secretioribus
1615 3108 1705 3169 rebus
1725 3106 1764 3171 od

104 3203 299 3265 Piontcor'ios
319 3196 439 3259 noiriles
459 3218 552 3277 eques
572 3206 688 3280 captus,
709 3222 745 3261 ar·
766 3200 804 3260 ali
816 3200 907 3263 bosti—
963 3198 1078 3278 liegem
1102 3194 1267 3259 referendis
1286 3198 1381 3277 ipsius
1405 3198 1577 3281 plerumque
1602 3204 1765 3283 operanti.

104 3296 161 3357 bus
181 3290 330 3357 abductus
350 3290 413 3351 init.
456 3290 616 3351 Oriuscius
638 3312 704 3352 cum
724 3290 773 3353 din
795 3292 909 3355 iurtitcr
962 3290 1029 3355 ilnc
1047 3311 1080 3352 re
1099 3290 1197 3352 ilosci
1217 3287 1340 3362 inducti,
1360 3300 1471 3353 mutato
1492 3292 1629 3365 coeesiiio,
1657 3316 1694 3354 ae
1704 3298 1765 3377 pie·

103 3388 208 3451 leontos
228 3386 432 3458 seestiunisset,
451 3382 540 3463 globo
563 3406 580 3446 e
599 3386 746 3468 superiori
766 3384 833 3448 loco
852 3406 907 3470 per
962 3384 1035 3445 tatis
1045 3386 1075 3445 in
1091 3380 1250 3444 deiunctus
1262 3382 1364 3459 editio,
1384 3388 1548 3465 praesenti,
1568 3384 1648 3469 qnod
1667 3395 1766 3448 usten-

104 3481 255 3542 humerum
281 3485 312 3538 et
336 3478 476 3538 ieitestina
505 3478 642 3555 trajecto,
668 3478 772 3559 periit,
796 3479 907 3540 Petrus
962 3474 1098 3555 debatur,
1119 3472 1274 3538 commodo
1294 3476 1485 3559 postiiabito,
1510 3479 1611 3541 uerbis
1637 3500 1698 3542 reru
1719 3502 1765 3542 ex·

104 3570 309 3636 Grndzeseins
337 3590 403 3631 eenn
429 3590 482 3651 per
508 3566 611 3630 iiostes
638 3588 725 3631 maun
750 3572 828 3631 viam
847 3570 906 3633 sibi
961 3570 1091 3647 trahunt,
1111 3572 1225 3630 iuterim
1242 3574 1374 3651 iimjnrcs
1392 3570 1566 3653 seioppetos
1585 3572 1765 3655 complures,

102 3666 312 3749 patefecisset,
339 3658 438 3743 ariqne
465 3668 585 3721 nostros
606 3664 670 3741 jain
696 3670 727 3723 ct
746 3663 812 3741 ipsa
829 3683 906 3744 pene
960 3671 991 3724 et
1018 3667 1198 3745 quingentos
1224 3663 1344 3724 circiter
1368 3664 1587 3745 scloppetarios
1618 3668 1647 3725 in
1680 3686 1761 3725 moro

103 3768 203 3823 eastra
221 3760 251 3817 in
271 3764 364 3817 tretenn
391 3759 596 3835 penetrasset,
616 3774 633 3812 e
654 3774 736 3815 muro
767 3758 905 3817 tormenti
960 3756 1037 3818 clam
1056 3753 1228 3837 disponunt.
1267 3753 1430 3817 Zolircrius
1450 3756 1762 3817 crmieariercmrlnei

103 3848 260 3936 cujusdam
285 3848 408 3927 majoris
441 3848 502 3906 ictu
535 3850 707 3908 interemtus
740 3846 807 3909 init·
858 3848 905 3912 Ex
959 3844 1223 3921 aerimnrlrerteret,
1249 3855 1283 3907 ut
1307 3844 1427 3908 totidem
1452 3867 1488 3909 sc
1514 3848 1679 3929 explicent,
1709 3869 1762 3908 eos

103 3945 255 4022 llurignris
281 3938 432 4020 equitibus
459 3936 640 3999 Frareeiseus
662 3939 763 3999 (lobon
781 3948 812 4001 et
831 3939 904 4002 Bar·
959 3940 1103 4015 bortatur,
1125 3942 1265 4001 continuo
1286 3959 1363 4001 rinus
1385 3940 1623 4021 cseloppetariis
1641 3949 1762 4002 coortus

101 4036 192 4101 rubus
203 4033 300 4110 llalug
312 4032 366 4092 ciri
379 4030 521 4091 militares
532 4028 711 4093 ecciderunt.
743 4029 904 4109 Quodnisi
931 4055 935 4118 Ι
958 4032 1115 4114 scloppcto
1141 4036 1171 4093 in
1195 4030 1351 4093 Zariszam
1383 4034 1514 4101 irruens.
1547 4034 1629 4093 irrito
1662 4040 1760 4095 tamen

101 4126 230 4191 subsidii
251 4126 299 4200 iis,
319 4126 370 4205 qui
391 4122 614 4187 eeeeei'tlrinseia
636 4125 903 4187 cireeenrrenieban-
930 4119 935 4172 i
960 4132 1082 4207 propter
1106 4145 1251 4189 arumrum
1278 4122 1482 4185 firmitudinem
1510 4128 1569 4186 ictu
1590 4148 1656 4187 enen
1677 4126 1760 4189 ierit:

102 4236 152 4283 tur
172 4215 286 4280 ierendi
307 4236 409 4277 rausa:
421 4216 547 4278 celerius
565 4220 703 4281 acastris
714 4215 903 4299 progredien·
958 4218 1047 4279 simol
1079 4218 1172 4279 ceteri
1198 4217 1372 4299 sclnppetos
1405 4236 1508 4278 ornnes
1541 4239 1601 4280 uno
1627 4230 1761 4302 tempore

101 4312 171 4375 duen
191 4312 302 4371 ieostris
316 4307 430 4370 inisset.
452 4308 540 4372 iacile
554 4312 824 4393 uerieersascrqrias
837 4311 903 4373 lios·
960 4309 1144 4393 displodnnt.
1190 4308 1367 4384 Zoilerios,
1394 4313 1502 4392 quique
1523 4332 1588 4373 enni
1609 4334 1645 4375 oo
1666 4323 1761 4391 erant,

100 4408 172 4471 timu
199 4402 238 4463 ari
264 4405 331 4484 ipsa
358 4413 458 4463 castro
489 4402 636 4484 pertrahi,
666 4404 763 4483 iisque
796 4402 904 4465 deictis
960 4409 1113 4466 conversis
1140 4404 1226 4483 equis
1252 4404 1389 4465 celeriter
1418 4424 1453 4464 se
1478 4407 1640 4487 rccipinnt;
1670 4411 1715 4467 eis
1743 4429 1760 4466 e

100 4498 244 4561 debellari
266 4496 327 4558 iere
341 4502 401 4555 tum
413 4496 558 4575 potuisse,
578 4494 696 4557 minime
709 4494 903 4559 dubitandum
958 4500 1051 4562 aunis
1071 4496 1138 4557 aliis
1158 4516 1226 4558 ireos
1247 4496 1424 4579 scloppetis‚
1444 4508 1475 4559 et
1494 4520 1553 4579 quo
1567 4498 1684 4579 longios¹
1695 4518 1758 4579 pro·

99 4590 264 4655 ridebatur.
297 4588 543 4668 Eratisqnartus
558 4586 903 4665 reiensisdanuariiriies;
957 4594 1036 4655 necti
1054 4599 1168 4659 essent,
1188 4610 1224 4651 eo
1243 4590 1407 4671 majoribus
1428 4590 1497 4651 inde
1517 4594 1672 4652 tormentis
1694 4592 1759 4650 lios·

99 4684 157 4748 sub
183 4692 300 4745 noctem
327 4678 520 4753 Zarnoscins,
544 4680 623 4761 quud
650 4686 774 4745 maxime
799 4704 903 4749 omnes
958 4694 1005 4747 tes
1027 4693 1256 4767 persequuntur,
1277 4682 1758 4744 incolomesnibilominusincas·

100 4779 223 4839 liuscos
243 4770 453 4856 cupidissimus
473 4794 594 4834 suornm
614 4773 827 4839 bonumdorum
846 4780 903 4841 sci·
957 4788 1004 4841 tra
1038 4780 1132 4839 nostri
1158 4774 1324 4845 redierunt,
1356 4774 1435 4855 quod
1459 4784 1572 4837 tantum
1605 4775 1758 4853 globorum

102 4878 156 4940 rel,
180 4868 338 4931 Nicolaum
364 4864 541 4927 l'rrrrceinm
569 4868 598 4927 in
624 4866 691 4929 ioco
722 4870 825 4949 praelii
854 4892 901 4933 ex·
957 4870 1088 4931 nimiunn
1108 4871 1292 4938 euasissent,
1312 4866 1447 4927 aturribus
1468 4866 1651 4927 irritantibus.
1690 4866 1758 4929 dane

102 4958 221 5030 cubare,
245 4982 283 5021 ac
308 4960 337 5021 si
363 4958 438 5021 irerte
463 4958 601 5021 iiostibns
628 4956 667 5019 ad
688 4958 820 5023 tollenda
839 4984 901 5023 cnr·
957 4971 1028 5023 ante
1052 4960 1187 5021 doaeines
1218 4961 1443 5031 Ostronieeins,
1474 4960 1525 5041 qui
1547 4958 1587 5021 ad
1613 4969 1758 5022 toeenenta

100 5076 171 5139 pura
193 5056 343 5133 egressis,
368 5049 517 5133 gerendae
537 5056 580 5114 rei
600 5051 726 5115 inanitas
752 5050 903 5116 accideret
958 5075 1025 5115 cerm
1038 5054 1105 5114 aliis
1118 5052 1251 5126 retrabat,
1264 5050 1432 5132 irnjnsmorli
1445 5052 1756 5117 reniadZomoseiuui

98 5152 128 5210 in
148 5168 253 5209 orienes
276 5148 453 5207 occasiones
472 5145 614 5207 intentmn
635 5168 704 5209 eure
721 5146 817 5227 jubet.
858 5149 902 5211 Ea
959 5146 1113 5209 detulerat.
1155 5144 1188 5207 ln
1201 5166 1272 5207 arca
1285 5144 1380 5206 ierreo
1393 5144 1550 5208 duodecim
1561 5146 1650 5209 tubos
1663 5148 1758 5228 solop-
