3742 5626
488 216 616 283 REfflS
632 214 871 295 POLONlAE,
888 215 945 283 sl·
962 215 1215 281 noscovms
1234 216 1372 281 obers.
1725 220 1770 283 ὓ

87 383 172 463 ,seltz
210 383 252 444 ito
281 382 419 443 Sebiesai
451 383 599 461 negotium
629 382 689 443 nisi
724 381 904 452 absolvatur,
964 390 1134 459 moremque
1157 377 1375 450 Christianum,
1395 398 1432 440 ac
1453 384 1570 458 praeter
1585 381 1769 445 constitutio·

99 480 189 537 tctam
209 477 296 557 pacis
315 475 518 536 tractationem
540 474 732 546 iniecturuaa,
751 494 788 536 ae
807 474 904 535 tnrba-
965 491 1030 542 nes,
1050 477 1082 532 et
1101 471 1226 547 litteras,
1239 492 1325 551 quae
1344 471 1420 533 alias
1439 473 1589 534 intereos
1608 471 1769 556 Principes

99 575 206 630 lurum.
248 567 339 640 Quod
368 569 395 627 si
424 566 553 648 denique
580 564 670 646 Regii
696 566 728 627 id
760 565 904 646 suspendi
963 565 1094 644 scriptae
1114 563 1231 625 lucrant
1250 566 1302 637 (ne
1321 563 1408 644 quid,
1422 571 1493 626 -orto
1513 565 1608 636 bello,
1624 574 1770 630 saeresle-

99 663 139 724 nd
159 668 278 742 tenpus
298 661 399 733 velint,
418 662 629 740 permitterent,
649 660 822 738 utiliagnus
833 659 906 720 Dux
963 656 1047 716 ribus
1068 654 1168 718 daruni
1186 655 1350 733 iuieretur)
1376 655 1506 735 Magnus
1530 656 1604 717 Dux
1628 658 1769 723 detinuie

99 755 314 825 consuleretur,
334 774 373 814 no
393 774 452 834 qua
471 762 601 814 restaret
620 755 649 812 in
669 759 821 832 posterum
843 752 904 812 litis
963 752 1027 824 set,
1053 755 1084 808 et
1110 748 1235 809 haberet
1258 751 1410 831 captivos3
1435 750 1609 828 praesertin
1633 750 1770 829 Zareslri,

100 848 230 907 occasio.
269 847 401 908 Antonio
419 857 521 907 autem
546 846 706 927 Regiorum
726 845 905 907 sententiam
964 845 995 901 et
1023 840 1183 902 Martinuar
1211 840 1450 901 Mammouiclum
1481 838 1662 919 Viloonses,
1692 866 1771 926 quoa

100 942 251 1023 probanti:
277 946 366 1021 atquo
385 940 515 1018 urgenti,
543 946 577 1001 ut
597 940 707 1019 reliqna
726 939 905 999 eonheeren·
964 934 1138 994 uomlnatirn
1165 934 1272 995 dirnltti
1299 934 1366 995 Rex
1392 932 1520 995 volebat.
1559 930 1637 994 Tum
1659 935 1771 1008 Mosei,

100 1040 163 1105 tur,
191 1034 262 1095 illud
283 1032 433 1094 differetur
457 1032 683 1111 (orpeaabmur
702 1033 798 1103 enim,
828 1049 906 1110 quae
964 1027 1138 1105 sauguinem
1166 1026 1366 1087 Christianum
1393 1045 1451 1086 uoo
1478 1045 1550 1087 csse
1576 1029 1704 1107 peeunia
1727 1049 1770 1089 re·

90 1128 241 1209 superius
266 1125 345 1187 dicta
370 1131 418 1187 ost
447 1147 465 1187 a
490 1125 648 1186 Zonoscio
674 1125 847 1205 responsio,
875 1128 907 1183 et
965 1118 1128 1179 dimentum
1163 1119 1320 1181 dixerunt:
1358 1124 1542 1181 mercatores
1577 1124 1677 1181 autem
1712 1142 1772 1182 oon

100 1219 197 1301 Regis
210 1224 339 1282 mentem
361 1216 579 1299 quadamtenus
598 1236 636 1279 ea
655 1216 695 1278 de
712 1216 907 1279 reAntonius
965 1211 1062 1271 luisse
1088 1213 1243 1292 captivos,
1272 1233 1369 1294 nque
1395 1217 1569 1273 asservatus
1595 1213 1624 1272 in
1644 1213 1705 1274 ulla
1724 1232 1773 1274 eu·

104 1314 240 1391 noverat)
269 1312 372 1375 hiosci
402 1310 510 1389 Regiis
540 1310 694 1389 obiecere,
730 1328 789 1368 nou
818 1307 907 1381 ellici,
967 1302 1082 1377 stodie;
1110 1303 1277 1365 Pristerura
1299 1313 1414 1367 tantum
1439 1304 1500 1365 ibis
1518 1304 1681 1367 adhibitam
1702 1306 1773 1369 suis·
1814 1338 1819 1359 ι

102 1405 181 1487 qnod
201 1427 255 1487 per
273 1404 447 1466 Zachariam
469 1400 619 1464 Boltinurn
635 1402 748 1481 Magno
762 1400 849 1472 Duei,
868 1399 908 1459 do
965 1417 1017 1468 se,
1044 1416 1138 1476 quos,
1164 1417 1203 1456 ne
1223 1396 1292 1475 quid
1312 1397 1412 1458 damni
1433 1400 1621 1480 acciperent,
1645 1408 1773 1463 curaret.

103 1499 236 1557 exercitu
255 1499 294 1558 ab
316 1498 473 1558 obsidione
494 1496 699 1556 l'leseoriensi
720 1492 908 1568 deducendo,
968 1487 1057 1560 Quae
1083 1508 1151 1549 curn
1177 1494 1283 1549 essent
1306 1489 1404 1561 dieta,
1433 1496 1464 1551 et
1495 1491 1774 1574 advesperasceret,

102 1592 279 1673 promissum
307 1591 410 1651 luerat.
451 1589 486 1652 ld
514 1590 592 1648 enim
620 1608 656 1647 se
683 1586 828 1648 laetorum
856 1583 908 1645 ali·
967 1581 1082 1662 reliqua
1100 1583 1130 1642 in
1151 1580 1279 1642 futuram
1298 1580 1476 1645 sessionem
1495 1587 1610 1667 rejecta
1627 1592 1708 1648 sunt

102 1688 176 1763 quot
195 1685 271 1744 intra
291 1682 373 1755 dies,
398 1682 528 1743 Antonio
549 1678 696 1759 pollicitus
716 1679 812 1740 fuerat
830 1676 908 1739 Rea.

103 1778 146 1838 At
171 1775 261 1855 Regii
286 1775 405 1846 dixere,
434 1776 567 1836 Antonio
594 1774 772 1852 promissum
804 1771 910 1840 luisse,

104 1888 142 1930 are
161 1871 285 1950 irruptio
268 1874 481 1928 attentaretur
502 1868 660 1929 exereitum
681 1870 790 1935 autem,
811 1884 909 1944 quam·
982 1881 1130 1957 mm
1151 1880 1408 1957 ΡΜΜΑΕ
1432 1883 1598 1960 ΑΝΝῙ
1624 1885 1757 1985 1382

103 1962 229 2043 primurn
249 1982 307 2043 pax
328 1960 422 2032 laeta,
452 1960 638 2021 conditiones
658 1959 806 2038 scriptae,
830 1958 910 2038 jure-

104 2074 164 2134 que
189 2053 318 2137 jurando
344 2054 474 2114 firmatae
499 2052 645 2127 luissent,
677 2049 875 2111 deductum'
867 2047 911 2107 rri.
1274 2024 1404 2072 ΜΒΝ)
1424 2024 1474 2073 ¹¹¹·

104 2146 244 2227 Daunique
269 2168 333 2207 cum
368 2145 407 2205 de
433 2147 547 2206 ratione
571 2143 777 2206 tradendarum
802 2141 912 2201 areium

105 2239 194 2317 liegii
226 2248 360 2318 agerent,
398 2238 514 2299 Mosei:
549 2238 646 2298 Nobis
675 2236 764 2297 altum
795 2252 911 2312 supero,
1047 2236 1161 2313 Mosei,
1186 2256 1251 2297 eum
1278 2237 1396 2299 multam
1421 2240 1518 2301 noctis
1533 2249 1658 2322 ‚partem
1677 2243 1776 2306 demo·

106 2333 235 2410 hlagnus
262 2331 408 2391 Dominus
434 2336 535 2390 noster
560 2328 640 2390 haud
664 2327 820 2390 mandarit.
871 2323 913 2386 Ut
971 2330 1028 2391 rati
1047 2336 1152 2391 esseut
1171 2328 1251 2410 aprid
1271 2331 1447 2409 Arrlouium,
1474 2354 1541 2395 eum
1561 2343 1716 2413 mgamnt,
1742 2347 1777 2399 ut

106 2425 183 2483 euim
205 2423 350 2503 Princeps
372 2421 561 2484 Christianus
586 2428 650 2493 est,
677 2424 719 2483 ita
742 2420 911 2481 Christiano
971 2424 1090 2483 omniuo
1115 2423 1159 2499 (si
1179 2425 1375 2500 gratissimam
1396 2445 1459 2485 reru
1479 2425 1579 2487 iacere
1597 2426 1708 2506 Magno
1728 2450 1777 2491 aa·

108 2537 202 2588 more,
233 2518 411 2594 sinceroque
439 2521 472 2576 ut
505 2534 562 2575 nus
590 2534 777 2592 gereremus,
804 2512 911 2595 jussit:
971 2536 1035 2576 rum
1063 2515 1191 2576 Domino
1218 2516 1322 2592 vellet)
1350 2523 1468 2579 curaret
1492 2520 1522 2580 in
1547 2519 1669 2597 litteris,
1694 2542 1777 2602 ¹quae

106 2608 186 2690 quod
207 2617 238 2668 et
258 2609 383 2669 iacimus
404 2609 567 2679 nobiseum,
586 2608 673 2686 qnasi
687 2626 754 2668 cunr
773 2606 913 2667 iratribus
972 2618 1056 2669 eraut
1077 2608 1115 2668 do
1133 2628 1207 2688 paee
1222 2609 1414 2682 scribendae,
1435 2619 1469 2670 ut
1488 2611 1539 2673 ille
1561 2612 1640 2675 'isar
1656 2614 1778 2688 (lusui,

107 2704 226 2764 nostris.
269 2703 372 2782 ltaque
392 2703 519 2770 scitote,
544 2720 631 2780 quam
657 2702 780 2781 primurn
801 2697 913 2777 aliquid
972 2708 1004 2762 et
1023 2700 1202 2761 Astraehaui
1223 2699 1386 2762 dicereturz
1412 2722 1484 2782 prae
1504 2702 1577 2776 hoc,
1597 2706 1671 2767 nihil
1690 2728 1778 2770 arces

107 2794 147 2855 de
168 2795 313 2854 Sebieszo
334 2796 544 2864 statuerimus,
575 2791 794 2869 Novogardlam
819 2792 914 2851 mitte·
973 2792 1103 2873 pendero
1114 2792 1257 2870 Magnum
1268 2792 1394 2869 Ducem,
1414 2794 1676 2875 quasRegiesset
1688 2800 1778 2862 tradi·

106 2908 189 2958 anus,
215 2887 329 2946 aulicos
349 2887 435 2945 nobis
455 2885 600 2962 dignitato
620 2904 678 2944 non
699 2885 828 2964 inpares
848 2902 914 2942 ern·
972 2893 1066 2946 maram.
1087 2884 1175 2947 Hane
1190 2885 1378 2945 occasionem
1398 2892 1506 2948 naetus
1520 2889 1673 2952 Antonius
1687 2892 1779 2955 multu

108 2980 217 3053 cnturi;
239 2999 361 3058 quorun
383 2980 452 3038 item
471 2998 551 3038 unus
565 2976 719 3038 Palatinus
739 2981 788 3037 est
808 2975 915 3036 Porco·
974 2977 1034 3037 illis
1053 2978 1192 3057 exposuit
1206 2975 1245 3037 de
1264 2977 1571 3043 uuo-Christianorum
1583 2984 1780 3066 imperatare3

108 3073 239 3143 aiensis,
259 3071 395 3133 loannes
412 3070 576 3141 Zerebow‚
597 3071 707 3151 quibus
726 3071 839 3130 areium
858 3074 914 3130 trs·
973 3090 1062 3150 quam
1088 3069 1262 3149 dignitatem
1287 3070 1389 3133 Sedes
1418 3071 1597 3153 Apostoliea
1628 3078 1780 3139 coolirma·

108 3165 270 3226 alendarum
289 3164 418 3226 facultas
439 3162 616 3224 demandata
634 3168 692 3223 est.
973 3166 1028 3235 ret,
1048 3182 1195 3243 quamque
1215 3184 1254 3224 ex
1269 3162 1403 3236 Οήιιιιίο,
1422 3166 1473 3227 ubi
1492 3166 1780 3233 Eeclesiae'Galbo·

186 3260 296 3320 Aeturn
316 3262 365 3318 est
385 3257 495 3318 deindo
514 3277 533 3317 a
553 3254 684 3330 Moseis,
698 3270 742 3315 ne
760 3254 864 3315 rustici
882 3255 915 3314 in
973 3254 1050 3317 lieaa
1070 3257 1169 3317 minus
1189 3254 1239 3317 lidi
1257 3258 1608 3342 imperatoresByaautii
1627 3282 1701 3325 aare
1713 3283 1780 3325 eae·

107 3350 297 3415 Lithnaniam
317 3350 550 3423 abducerentur3
577 3347 656 3429 quod
675 3347 765 3427 Regii
784 3346 915 3429 prohibi·
972 3353 1089 3430 parunt,
1109 3350 1140 3409 ia
1159 3349 1355 3411 Occidentem
1374 3353 1575 3417 ammiane
1596 3354 1634 3418 Si
1652 3355 1781 3431 biom

107 3452 170 3505 tum
192 3446 289 3505 luisse
311 3442 446 3505 dixerunt
466 3464 485 3505 a
505 3442 607 3521 Rege,
628 3462 665 3503 ac
683 3441 808 3521 proinde
827 3461 915 3521 nego·
968 3444 1053 3524 justo
1078 3442 1164 3503 titulo
1190 3443 1304 3519 vosad,
1335 3452 1425 3526 atque
1453 3444 1617 3511 bonoribus
1642 3450 1781 3530 legin-ts

108 3539 180 3597 tium
211 3537 297 3619 pacis
323 3556 394 3597 esse
420 3555 507 3615 qnam
537 3536 658 3615 primum
689 3535 915 3607 absolvendum,
973 3533 1109 3595 decorari
1134 3535 1220 3608 velit,
1251 3543 1356 3616 ageret
1384 3541 1509 3619 prinum
1535 3562 1604 3603 eun
1634 3542 1781 3607 Pontice

109 3636 143 3691 ut
162 3629 331 3691 istiusmodi
352 3631 467 3708 reliqua
486 3648 525 3688 no
547 3626 726 3688 acciderent.
973 3627 1105 3690 Maximo
1141 3650 1179 3689 ea
1214 3632 1346 3703 ratione,
1384 3652 1445 3713 qua
1479 3634 1587 3715 reliqui
1619 3635 1782 3699 Christiani

188 3722 264 3783 Turn
285 3722 323 3783 ad
343 3721 542 3782 Beatissimo
561 3719 695 3800 Virginis
720 3721 917 3780 annunciatao
973 3719 1133 3803 Principes
1152 3729 1258 3799 agunt,
1287 3724 1339 3802 qui
1367 3727 1600 3805 noo-ignorant,
1624 3750 1689 3791 uon
1708 3750 1782 3792 esse

110 3816 205 3889 diem,
225 3836 293 3875 eum
313 3814 412 3889 hlosci
433 3813 581 3885 dicerent,
602 3834 689 3875 arces
709 3832 781 3874 esse
800 3811 917 3873 traden-
975 3821 1088 3876 tautam
1107 3835 1169 3875 rem
1190 3815 1357 3888 Caunum,
1377 3823 1408 3878 et
1427 3818 1659 3897 Asmcbanum,
1678 3828 1712 3883 ut
1731 3842 1782 3885 no·

111 3910 184 3985 das,
205 3909 266 3985 (id,
287 3906 366 3987 quod
387 3906 477 3984 Regii
496 3909 682 3982 recusarunt)
704 3906 744 3967 do
762 3906 917 3967 tormentis
975 3926 1033 3968 rus
1052 3904 1157 3967 titulus
1176 3908 1395 3987 quasialterius
1410 3911 1562 3984 Caesaris,
1582 3911 1782 3994 imperatoris,

110 4003 245 4063 vicissim
268 4000 405 4079 utrinqne
425 3998 586 4061 reddendis
606 4010 706 4060 actum
728 4004 785 4071 est,
804 4000 835 4059 in
855 3999 917 4078 qui·
975 3999 1024 4061 vel
1041 3998 1139 4079 Regis
1161 3998 1295 4061 addatur.
1334 4001 1369 4063 st
1390 4004 1506 4065 Caesar
1524 4004 1555 4065 id
1575 4005 1691 4079 lecarb,
1710 4009 1783 4070 seiri

112 4097 187 4164 bus,
212 4114 333 4174 nempe,
358 4092 469 4172 Regis,
496 4092 544 4154 rel
568 4091 671 4172 Magni
690 4091 787 4153 Ducis
812 4095 918 4152 essem
976 4111 1081 4154 vocem
1098 4094 1187 4153 istam
1211 4092 1289 4154 Taua
1309 4114 1368 4155 non
1391 4096 1571 4175 Caesarem,
1597 4098 1655 4161 aed
1672 4100 1784 4181 aliquid

112 4187 256 4265 insignia,
277 4189 325 4247 vel
345 4188 564 4269 inscriptiones.
975 4185 1058 4248 aliud
1076 4208 1096 4247 a
1116 4182 1250 4247 Tartsds
1275 4198 1464 4269 usurpatum,
1490 4193 1576 4271 qrraal
1601 4191 1730 4273 Regin.
1747 4194 1783 4256 ri.

192 4277 308 4339 Deinde
333 4290 450 4340 ventum
483 4286 531 4341 est
556 4277 595 4340 ad
620 4278 784 4360 captivos:¹
801 4276 920 4339 Moscis
976 4281 1071 4341 tulum
1091 4276 1251 4357 designari.
1291 4280 1342 4341 nd
1361 4302 1399 4344 ea
1417 4283 1533 4345 Mosei:
1554 4285 1734 4366 Honorium,
1754 4295 1786 4351 et

114 4372 293 4453 petentibus,
315 4378 347 4432 ut
366 4372 525 4435 liberaliter
538 4378 780 4450 omnosutroqne
799 4390 819 4431 a
837 4368 919 4431 Prin·
978 4369 1139 4433 Arcadium
1163 4369 1263 4434 Roma
1289 4373 1475 4438 l'olodimero
1501 4380 1591 4459 prirao
1610 4379 1784 4444 bioscnrum

114 4466 181 4546 elpe
202 4464 434 4541 dimitterentur3
454 4466 543 4544 Regii
567 4465 765 4547 negamibns,
784 4464 871 4526 aliter
889 4462 921 4525 id
979 4463 1109 4547 Principi
1132 4483 1271 4527 coronam
1298 4469 1517 4549 imperatoriam
1544 4474 1682 4535 misisse:
1708 4475 1785 4534 Pon·

114 4559 194 4621 effici
214 4580 321 4640 posse,
353 4580 440 4639 quam
466 4560 612 4641 quomodo
632 4559 700 4621 Rea
720 4560 851 4620 Antonio
870 4578 921 4622 ex·
979 4560 1086 4621 ntea·
1122 4558 1287 4622 unxina·
1325 4581 1381 4642 per
1417 4562 1599 4643 cyprianum
1637 4565 1786 4645 quendam

103 4653 279 4735 posuisset.
322 4653 355 4713 ld
374 4658 473 4715 autern
495 4659 567 4728 crat,
586 4661 620 4713 ut
638 4654 727 4715 miles
748 4674 799 4734 pro
818 4652 922 4725 milite,
979 4653 1162 4736 Episcopum
1183 4651 1215 4713 id
1235 4654 1445 4728 sentinosam
1464 4657 1629 4736 etreliqua
1648 4659 1716 4738 ejus
1735 4678 1786 4738 ge·

115 4748 248 4806 centurio
269 4768 322 4826 pro
343 4747 524 4816 centurione,
543 4746 699 4809 Palatinus
716 4766 772 4828 pro
786 4745 922 4807 Palatino
981 4749 1070 4808 neris.
1125 4744 1245 4817 Quibus
1281 4748 1432 4808 Antonius
1469 4767 1536 4807 sum
1569 4749 1786 4829 respondisset,

115 4846 363 4917 pernotarentur.
390 4842 416 4901 si
443 4842 493 4920 qui
519 4845 731 4927 superessent,
759 4840 780 4899 li
807 4838 855 4899 rel
874 4858 923 4916 pe·
983 4838 1163 4917 Quingentis
1183 4839 1271 4899 annis
1288 4837 1461 4908 Honorium,
1481 4841 1683 4905 etArcadiun
1704 4865 1785 4924 prae-

116 4932 202 4992 cunia
222 4931 451 5009 redimerentur,
484 4934 533 4994 rel
551 4954 617 4993 cum
637 4932 807 4992 Livonlbas
823 4931 924 5010 aliqui·
983 4950 1120 4991 cessisse
1130 4929 1368 4992 Volodrmerum
1389 4931 1492 4991 dixere
1502 4934 1701 5011 (newrentea,
1714 4938 1787 5019 quid

115 5023 190 5095 bus,
210 5028 261 5106 qui
280 5029 413 5088 ament
405 5048 433 5088 ιιι
455 5026 629 5101 dioscoria,
656 5028 925 5102 compensarentur.
984 5022 1134 5099 dicerent)
1159 5023 1256 5086 luisse
1281 5024 1358 5085 alius
1384 5024 1530 5104 quosdam
1549 5024 1728 5103 Uenerium,
1758 5038 1789 5093 et

118 5118 405 5201 insuperadjeetuar
426 5118 636 5200 estallagiis,
657 5125 842 5181 mercatores
853 5136 926 5178 esso
984 5115 1156 5187 Arcadiam,
1176 5119 1225 5197 qui
1244 5138 1282 5179 eo
1302 5123 1437 5201 tempore
1455 5121 1615 5186 elaborat.
1637 5121 1715 5185 Tum
1734 5124 1785 5184 lte·

120 5210 294 5274 liberandos
319 5234 337 5273 a
357 5210 480 5282 hlosco,
509 5232 588 5293 quos
609 5222 728 5295 praetor
752 5228 841 5273 omna
862 5212 926 5293 jus,
986 5228 1050 5273 rura
1069 5215 1208 5273 manant
1226 5212 1406 5285 Antoniam,
1426 5223 1462 5276 at
1479 5214 1718 5297 quandoquidem
1736 5234 1786 5275 ra·
