3742 5626
147 210 202 271 iod
686 198 925 263 munnulus
944 197 1270 265 llEJlllllilS'l'BlNll

147 370 353 455 rogationibus
373 376 463 447 atquo
482 362 591 425 studiis
611 362 746 431 alionum,
765 361 950 443 relsrropie·
1009 372 1137 439 necetur,
1159 364 1283 437 litteras,
1310 364 1418 446 quibus
1445 368 1564 427 cornitia
1591 364 1756 437 indiceret,
1781 374 1820 429 si-

147 471 218 531 tatis
240 474 329 543 atque
350 463 435 541 pacis
455 462 484 519 in
507 477 572 517 earn
597 458 777 517 seutentiam
802 456 951 537 perimbe·
1009 454 1068 515 nml
1089 460 1220 519 miserat.
1261 458 1402 537 Augebat
1422 456 1581 519 Zouroscio
1606 458 1751 521 inuidiam
1778 460 1819 523 di-

147 570 242 631 retur,
267 564 301 617 ut
319 557 385 635 lpse
415 572 532 631 quoque
561 570 627 609 crim
657 549 726 611 aliis
756 546 953 610 remittendae
1008 548 1154 629 sciplinae
1174 552 1312 612 militaris
1331 549 1461 612 tuendae
1480 548 1621 623 studium,
1637 555 1703 633 jam
1723 554 1764 615 ab
1784 576 1820 615 eo

148 656 254 716 liesca
275 650 368 731 partis
383 646 525 705 livoniae.
535 652 640 705 auctor
659 652 760 719 esset,
778 640 953 715 r'erebatur3
1009 651 1152 723 tempore,
1171 664 1231 724 quo
1250 644 1372 705 militem
1394 644 1505 705 babere
1524 654 1676 727 coeperat,
1704 658 1818 711 coutra-

149 746 283 829 quann'is
302 736 426 801 eandem
453 738 631 797 sententiam
662 756 747 798 seram
776 736 833 797 bac
862 738 952 797 ctiam
1010 754 1069 815 que
1090 734 1161 797 illos
1181 740 1369 817 potissimum
1389 737 1428 799 ab
1440 758 1476 797 co
1487 746 1673 819 susceptum,
1694 760 1818 821 qnorum

147 842 263 901 ratione
293 830 375 913 apud
405 830 605 893 l'osserimrm
635 827 743 891 deimle
779 828 953 903 excusabat,
1011 827 1091 909 quod
1110 830 1255 891 illustrior
1275 830 1393 892 lentina
1412 839 1504 905 esset,
1525 840 1652 912 peccata
1672 835 1777 908 etiam,
1791 844 1819 895 et

148 928 229 1013 quod
250 946 316 989 cum
337 926 521 985 cxiustituto
533 923 731 1005 Reipublicae
744 922 954 984 emninmalio·
1010 932 1200 1003 pcccatorum
1226 921 1265 983 ad
1291 921 1486 985 deterrendos
1510 924 1588 986 alios
1613 944 1735 1005 poenas
1760 928 1817 987 illu-

147 1046 211 1087 rnm
223 1022 393 1100 Principum
404 1018 511 1095 Legati
531 1016 651 1096 prrblice
671 1006 837 1089 audiantur,
858 1014 954 1075 solius
1011 1018 1136 1077 striores
1166 1038 1238 1077 osse
1268 1014 1398 1079 dicebat.
1444 1017 1639 1079 Fremebatnr
1664 1040 1727 1081 nen
1749 1024 1818 1101 jam,

148 1118 261 1179 Sirmmi
282 1110 438 1173 Pontiiicis
459 1112 553 1169 nrrrrtii
573 1112 709 1191 privatim
720 1109 825 1187 Reges
847 1128 954 1169 conre-
1012 1106 1093 1189 qrred
1114 1112 1143 1169 in
1163 1110 1311 1181 mulieres,
1332 1131 1409 1191 quac
1430 1120 1530 1171 castra
1542 1113 1740 1193 irrepserant,
1760 1134 1818 1193 gra·

149 1216 240 1283 rulant,
271 1227 309 1268 ne
340 1204 476 1285 exenrplo
505 1222 562 1262 sno
589 1202 772 1283 privilegium
801 1204 955 1274 minitaret,
1012 1204 1137 1263 sissimo
1157 1202 1351 1263 arrimadrcrti
1367 1206 1530 1283 jussisset,
1556 1204 1720 1267 riormnllas
1746 1212 1819 1289 capi·

150 1306 230 1367 illum
241 1304 339 1383 ipsum
351 1300 509 1359 vitaturum
527 1294 632 1369 inisse,
644 1296 857 1357 existimasset.
879 1294 955 1355 Corr-
1012 1298 1053 1355 tis
1074 1296 1223 1377 supplicio
1241 1295 1410 1369 affecisset,
1438 1294 1495 1358 sed
1513 1296 1594 1378 qued
1612 1298 1747 1361 aulicum
1767 1300 1820 1363 lle-

149 1400 218 1461 silio
239 1390 348 1457 deinde
368 1392 405 1449 iis
427 1388 576 1449 derebus
597 1386 712 1460 babile,
732 1386 810 1447 duae
836 1390 955 1447 omniuo
1014 1390 1104 1465 ginon.
1124 1390 1173 1469 qui
1195 1392 1224 1447 in
1244 1388 1329 1467 leges
1349 1390 1492 1451 militares
1517 1390 1629 1471 aliquid
1655 1398 1820 1457 commisis-

151 1486 288 1553 maneudi
308 1486 439 1545 rationes
459 1480 709 1563 proponebantur,
729 1490 763 1541 ut
781 1480 829 1541 rel
851 1502 888 1541 ex
907 1500 955 1541 ca·
1015 1490 1072 1545 aet.
1093 1484 1123 1541 in
1144 1480 1271 1541 vinculis
1291 1481 1434 1556 liaberet,
1459 1504 1516 1543 nce
1546 1488 1640 1545 totius
1671 1490 1821 1551 exercitos

150 1588 222 1647 stris
242 1590 332 1661 atque
353 1574 577 1647 munitionibus,
598 1571 844 1653 quemadmodum
857 1573 955 1635 lracte·
1015 1574 1155 1655 precibus
1176 1572 1347 1636 condonare
1356 1576 1456 1647 vellet,
1476 1574 1557 1655 quod
1568 1598 1679 1659 pueros
1692 1580 1822 1647 nobiles,

150 1698 208 1739 rios
227 1674 336 1735 laetum
357 1677 451 1733 esset,
471 1664 591 1727 obsidio
604 1676 768 1743 urgeretur,
787 1666 834 1726 rel
849 1664 956 1727 castel·
1013 1670 1063 1749 qui
1084 1668 1221 1729 licentius
1241 1670 1271 1727 iu
1292 1671 1401 1729 castris
1420 1672 1532 1729 uersati
1551 1670 1685 1749 fuerant,
1713 1672 1754 1735 ad
1775 1697 1822 1757 pa·

150 1774 188 1833 lis
199 1766 368 1835 exstructis,
390 1764 420 1821 in
431 1764 528 1841 iisque
538 1760 630 1819 milite
641 1760 798 1833 collocato,
817 1756 954 1819 diuturna
1014 1761 1073 1821 lum
1093 1762 1232 1841 alligatos
1245 1760 1365 1841 publice
1381 1760 1566 1842 spectandos
1579 1764 1752 1845 praeberet,
1764 1778 1821 1831 tur·

149 1864 243 1933 inme,
272 1880 309 1921 ac
333 1862 516 1917 commeatus
535 1856 635 1933 iuopia
663 1852 735 1913 urbs
763 1860 955 1933 premeretur.
1015 1874 1081 1915 mac
1099 1852 1249 1915 Praefecti
1269 1855 1411 1915 ricarium
1425 1853 1590 1935 suspendio
1608 1858 1775 1937 allecisset,
1787 1886 1820 1925 es

152 1958 314 2035 lltramque
334 1970 401 2011 cum
422 1947 528 2007 lriemis
548 1948 684 2027 injuriis,
703 1954 764 2007 tum
777 1944 834 2005 soli
846 1944 955 2025 irigore
1014 1946 1169 2009 nobilitate
1190 1944 1335 2027 quosdam
1358 1956 1480 2029 propter
1508 1946 1682 2013 munditiem
1710 1965 1820 2017 castro·

147 2054 211 2133 jam
231 2046 367 2111 adstricti
387 2039 505 2115 duritie,
524 2060 600 2120 quac
621 2060 677 2099 nec
688 2038 811 2099 militem
826 2038 884 2098 snb
895 2037 955 2119 pel·
1013 2060 1076 2099 rmu
1097 2041 1298 2120 negligentius
1317 2038 1447 2101 babitarn
1467 2040 1551 2103 clara
1572 2044 1740 2123 pulsasset.
1767 2048 1820 2111 lta·

151 2144 231 2205 libus
252 2138 363 2199 elirrtlus
383 2136 506 2207 uersari,
525 2154 582 2192 nec
602 2152 679 2213 epus
706 2132 796 2192 ιιΙΙιιιιι
822 2130 884 2191 beri
906 2150 955 2211 pa·
982 2194 986 2242 Ι
1014 2138 1212 2213 quecarmina
1225 2136 1314 2193 ctiam
1335 2135 1442 2193 ineam
1463 2136 1692 2215 spargebantur,
1714 2142 1820 2221 quibos

151 2244 291 2303 terentnr,
310 2248 414 2291 omnes
434 2226 496 2287 iere
515 2224 694 2287 refutabant.
733 2224 873 2287 latimarii
899 2224 955 2304 pri·
1014 2226 1196 2287 sclrolastica
1217 2228 1277 2287 rita
1297 2225 1338 2285 illi
1359 2226 1602 2307 exprobrabatur.
1631 2230 1688 2293 llis
1711 2236 1821 2297 itanon

151 2338 220 2391 rato
240 2328 329 2387 etiam
349 2320 456 2383 iisdem
476 2317 625 2379 derebus
651 2318 780 2379 consilio
810 2320 887 2378 inter
920 2336 955 2376 se
1014 2320 1201 2393 merebatur,
1238 2328 1271 2379 nt
1300 2340 1367 2379 cum
1396 2320 1492 2382 semel
1522 2320 1660 2385 licentiae
1688 2326 1821 2391 terrestre

152 2420 253 2483 liabito
273 2416 403 2477 libellum
423 2414 499 2491 Regi
520 2410 698 2479 efferebant:
719 2414 748 2471 in
770 2430 828 2489 qno
849 2417 956 2469 comet
1013 2422 1118 2493 aperta
1137 2416 1167 2473 iu
1188 2412 1265 2475 alios
1285 2411 1378 2473 libelli
1395 2414 1577 2491 jacerentur,
1592 2418 1773 2501 jactataque
1787 2442 1821 2483 ea

154 2516 211 2597 ipsi
231 2506 368 2571 nrorrendi
396 2506 552 2565 corrsilium
578 2524 665 2563 omrre
692 2504 889 2583 rejecissent.
925 2498 955 2559 ld
1013 2526 1063 2567 res
1083 2510 1113 2566 in
1133 2514 1241 2566 sernrtu
1261 2504 1379 2580 luisset,
1398 2504 1586 2583 osterrderet,
1605 2514 1663 2571 rrisi
1686 2516 1772 2591 priam
1793 2518 1821 2575 in

152 2604 304 2689 petebant,
324 2610 357 2661 ut
376 2619 434 2681 quo
454 2596 642 2659 bibcmororn
663 2592 859 2655 incommoda.
879 2614 956 2675 quae
1014 2602 1148 2679 seipsum
1169 2600 1275 2678 injuria
1301 2619 1337 2659 ea
1358 2602 1538 2673 incrrrrisset,
1563 2608 1744 2681 quaestione
1771 2606 1822 2667 ba·

153 2694 357 2781 criperioribus
377 2696 463 2753 arteris
484 2692 623 2751 continua
643 2688 840 2771 pertulerant,
866 2690 956 2748 coita·
1015 2692 1077 2753 bita
1097 2692 1237 2753 stasilium
1270 2710 1357 2751 sirum
1388 2694 1502 2753 minime
1530 2690 1745 2771 denegaturum
1777 2704 1820 2757 iis

151 2800 227 2864 mni,
247 2793 277 2851 in
297 2808 371 2868 agro
391 2786 587 2847 dioscoritico
608 2784 692 2843 miles
713 2781 880 2843 baberetur.
912 2782 956 2841 ln·
984 2812 988 2825 ·
1015 2784 1126 2846 lesisse:
1144 2788 1208 2867 jam
1229 2804 1317 2865 quum
1343 2784 1383 2845 ab
1402 2782 1505 2846 iisdem
1523 2788 1588 2867 ipse
1607 2788 1691 2867 prius
1709 2788 1822 2851 laesus

152 2886 237 2949 terim
249 2882 327 2943 diem
338 2890 448 2941 certam
461 2878 537 2955 llegi
549 2874 772 2957 praelinicbant,
783 2879 858 2935 intra
869 2894 955 2956 quan
1015 2888 1108 2953 esset,
1126 2876 1287 2939 serendum
1306 2877 1365 2939 sibi
1385 2898 1466 2951 esse,
1483 2898 1521 2939 ue
1539 2878 1637 2959 pusilii
1655 2882 1752 2939 arrirni
1771 2904 1823 2963 pu-

152 2982 211 3041 nisi
230 2998 288 3059 pan
307 2981 401 3047 esset,
422 2972 503 3031 rrtrlln
529 2966 702 3029 conditione
727 2966 838 3029 «liutius
864 2988 955 3029 rema·
1014 2980 1135 3041 taretur,
1155 2974 1182 3033 si
1203 2970 1262 3033 sub
1280 2970 1379 3031 aliena
1396 2992 1525 3051 persona
1543 2974 1679 3054 proprias
1695 2976 1822 3055 injurias

151 3092 223 3135 uere
241 3074 386 3147 integrum
407 3064 466 3125 sibi
486 3084 557 3123 esse
574 3060 784 3123 ostendebant.
825 3060 892 3120 Non
908 3081 956 3141 pe·

152 3172 251 3229 terant
269 3162 362 3222 latere
382 3158 456 3219 baec
477 3154 604 3221 bostem,
623 3152 703 3235 qued
724 3154 956 3235 proptervolun-

151 3262 293 3321 turiurum
314 3252 394 3313 nulle
415 3252 538 3331 imperio
559 3268 596 3309 se
614 3266 748 3327 suosque
762 3249 893 3307 coerceri
906 3266 955 3325 pa-

152 3352 287 3413 tientium
306 3346 455 3405 licentiam
476 3362 512 3403 ex
532 3340 696 3411 calonibus,
709 3360 746 3401 ac
759 3358 795 3399 eo
807 3338 956 3399 bominum

153 3462 273 3525 genere.
293 3434 425 3519 quotidie
444 3434 534 3513 aliqui
554 3432 593 3493 ab
613 3432 751 3493 hostibus
772 3431 956 3512 excipiebam

153 3548 217 3597 tur:
238 3536 333 3613 iisque
352 3530 428 3609 ipsis
449 3524 556 3587 «liebus
567 3524 650 3586 Zaba
663 3522 783 3605 quidam
800 3546 866 3585 cum
879 3528 957 3605 ejus,

154 3628 193 3691 de
214 3646 274 3709 qno
294 3622 405 3683 dictum
426 3628 485 3683 est.
506 3618 597 3679 libelii
609 3618 744 3697 exemplo
763 3616 802 3679 ad
813 3638 869 3679 eos
879 3628 956 3680 trau·

153 3726 256 3785 sierat.
278 3718 405 3777 blasima
425 3718 502 3775 inter
521 3712 596 3773 baec
616 3710 760 3789 flagrabat
780 3710 890 3773 inridia
902 3711 958 3773 Za.

154 3818 301 3877 moscius:
322 3810 404 3869 illum
422 3826 511 3867 ιιιιιιιιι
537 3808 705 3866 sententiae
730 3808 797 3884 ejus
817 3826 888 3865 esse
909 3828 958 3867 au·

153 3920 276 3971 ctorem.
297 3905 444 3965 bonrinem
469 3922 488 3961 a
515 3900 642 3980 prteritia
662 3898 823 3959 litterarum
848 3898 958 3960 studiis

154 4000 309 4073 dedituml.
328 4006 418 4077 atquc
444 3998 473 4055 in
500 3992 604 4053 ltaliae.
624 3994 787 4071 gymnasiis
808 4002 958 4053 uersatum

154 4094 289 4155 eorrsiliis
301 4103 390 4171 atque
402 4088 603 4149 obstinatione
626 4104 682 4145 sua
695 4088 863 4145 uniuersum
876 4106 958 4145 exer·

156 4192 246 4248 citmn
276 4184 473 4265 perditurum.
506 4182 652 4257 Legatum
685 4198 751 4237 cum
777 4182 907 4239 exercitu
928 4182 957 4239 in

156 4281 273 4339 bestico
293 4276 472 4341 relicturum,
494 4276 590 4353 ipsum
612 4280 693 4331 estro
717 4276 823 4330 ructum
835 4271 958 4352 periculi

154 4370 194 4433 ad
215 4372 333 4431 comitia
353 4388 407 4448 pro
431 4365 666 4425 i'ancellariatus
692 4368 739 4423 sui
763 4384 883 4424 nutriere
909 4364 959 4423 ob·

155 4462 253 4527 cunda
274 4467 303 4523 in
324 4460 479 4520 Pelopiam
501 4455 671 4517 rediturum.
694 4458 810 4517 Etenim
817 4460 880 4539 jam
891 4478 958 4517 con·

154 4570 261 4621 reatos
281 4552 444 4615 nobilitatis
465 4550 531 4609 Rex
551 4548 693 4609 edixerat.
736 4550 792 4609 Per
819 4571 873 4611 eos
899 4571 958 4629 quo

155 4654 221 4715 loco
247 4671 296 4711 res
323 4656 421 4721 esset,
453 4645 561 4705 litteris
592 4642 740 4703 nobilitati
770 4640 959 4703 ostenderat:

154 4768 228 4808 nere
249 4744 296 4805 rel
317 4744 476 4803 exercitum
496 4734 649 4799 reducere,
668 4736 717 4793 vel
739 4738 805 4815 ipse
824 4735 863 4795 ab
880 4735 960 4795 obsi-

155 4838 244 4898 dione
263 4838 446 4897 comitiormn
469 4828 670 4891 babendorum
690 4850 783 4891 eausa
802 4826 959 4891 discedere

157 4938 328 5007 cogeretur.
353 4938 386 4987 ut
411 4930 441 4984 in
469 4928 506 4985 iis
525 4922 721 4984 coniventibus
742 4943 819 4983 riona
839 4922 958 4987 tributa.

158 5030 187 5081 et
208 5040 284 5099 qnae
303 5022 361 5081 alia
387 5016 427 5079 ad
449 5014 658 5097 perficiendum
684 5014 793 5075 bellum
820 5037 959 5078 necessa·

157 5118 201 5175 ria
221 5122 332 5173 essent.
352 5114 507 5179 scisceret,
533 5108 668 5169 berlaius
688 5106 872 5169 rrrrbilitatcm
900 5110 959 5172 suc-

157 5220 212 5271 rnt.
234 5210 262 5265 in
284 5224 388 5263 rrnrnes
407 5202 596 5262 nibilominus
616 5220 717 5261 casus.
737 5204 764 5261 si
784 5222 832 5262 res
846 5224 903 5263 nun
918 5214 959 5263 te·

1015 3065 1122 3125 ulcisci
1132 3062 1292 3138 rideretur,
1311 3066 1483 3145 rectiusque
1495 3064 1628 3127 facturos
1642 3086 1708 3137 ees,
1727 3072 1754 3129 si
1765 3088 1819 3129 suo

1015 3158 1150 3239 exemplo
1171 3154 1389 3219 contemnendo
1407 3162 1556 3237 petinsea
1567 3156 1721 3231 diluerent,
1732 3180 1817 3239 quam

1015 3250 1193 3311 vindicando
1232 3250 1309 3311 ultro
1342 3254 1550 3313 auctoritatem
1580 3254 1619 3313 iis
1644 3252 1818 3313 ,asbeston

1015 3344 1111 3423 Signa
1146 3344 1284 3405 militaria
1314 3342 1485 3423 hujusmodi
1514 3344 1690 3425 qucrrrmque
1719 3342 1820 3417 dabat,

1015 3437 1124 3517 quibus
1143 3434 1232 3497 inodo
1252 3434 1415 3509 desidiam,
1440 3446 1565 3510 metum,
1590 3440 1747 3501 auaritiam
1773 3436 1820 3497 do-

1016 3550 1093 3590 mum
1124 3530 1353 3611 properantibus
1375 3530 1451 3591 ultro
1476 3528 1702 3611 exprobrando.
1736 3528 1821 3591 ruodo

1015 3620 1055 3683 ad
1075 3626 1325 3705 perseuerantiam
1340 3632 1370 3683 et
1387 3628 1585 3685 constantiam
1600 3622 1696 3685 nobili
1708 3624 1822 3685 bonine

1016 3716 1135 3795 dignam
1156 3736 1211 3777 eos
1232 3714 1416 3777 cohortando
1442 3736 1461 3775 a
1488 3714 1606 3778 desidia
1630 3714 1673 3777 ad
1698 3716 1821 3777 toleran-

1015 3813 1097 3881 tiam,
1117 3812 1143 3869 si
1164 3812 1213 3889 qui
1233 3812 1330 3869 miurus
1350 3810 1466 3871 alacres
1486 3818 1601 3875 essent,
1624 3808 1750 3871 binisnt
1764 3810 1822 3891 plu·

1016 3904 1119 3961 rirnrmr
1140 3901 1240 3963 verbis
1260 3910 1423 3965 revocaret.
1462 3902 1607 3963 Teutarat
1630 3902 1693 3963 sub
1713 3904 1822 3964 initium

1016 4004 1114 4057 motus
1134 3997 1202 4075 ejus
1221 4006 1380 4057 veteranus
1406 3994 1507 4067 miles,
1532 4000 1581 4076 qui
1604 3992 1644 4055 ad
1667 3992 1822 4057 Gedauom

1016 4088 1130 4163 fuerat,
1156 4098 1261 4149 coetus
1287 4092 1364 4150 inter
1389 4109 1425 4149 se
1450 4092 1577 4167 agitare,
1607 4110 1669 4168 qne
1690 4086 1729 4150 de
1748 4108 1823 4149 cosr-

1017 4182 1096 4241 rmmi
1118 4202 1159 4255 re,
1180 4183 1305 4243 maxirue
1324 4192 1423 4243 autem
1449 4180 1488 4243 de
1513 4180 1676 4263 stipendiis
1707 4178 1823 4242 debitis.

1017 4272 1225 4335 deliberarent.
1264 4273 1366 4335 Edixin
1386 4296 1468 4339 mes.
1494 4278 1543 4355 qni
1565 4278 1706 4355 priuatas
1725 4277 1822 4335 coitio-

1019 4388 1073 4427 nes
1093 4367 1252 4433 lecisscnt.
1278 4376 1382 4429 contra
1402 4366 1592 4449 disciplinam
1613 4388 1652 4427 ac
1674 4366 1822 4447 imperium

1018 4460 1144 4521 militare
1165 4458 1277 4521 secisse
1288 4458 1561 4540 eosjmlicatnrum,
1583 4460 1713 4542 legeque
1727 4463 1757 4519 in
1769 4480 1824 4519 eos

1017 4550 1305 4613 arrinradrersurum:
1347 4552 1426 4634 qood
1453 4558 1480 4615 si
1506 4552 1638 4635 quidde
1662 4550 1825 4614 conmodis

1018 4645 1084 4706 suis
1105 4644 1253 4722 egelidum
1273 4649 1486 4709 existimarent.
1507 4646 1553 4705 rel
1573 4668 1610 4707 se
1630 4646 1826 4728 appellarent,

1018 4738 1065 4799 rel
1085 4750 1244 4817 praesente
1263 4759 1299 4799 sc
1319 4738 1357 4799 de
1379 4742 1416 4801 iis
1437 4751 1569 4817 agerent.
1592 4738 1703 4821 ltaque
1716 4738 1758 4801 ad
1769 4750 1826 4801 ten·

1017 4835 1123 4893 torium
1143 4834 1211 4911 ejus
1232 4846 1443 4893 corrrencrnut.
1484 4832 1541 4893 llic
1570 4852 1639 4893 com
1667 4832 1721 4893 ille
1741 4850 1829 4911 augu-

1017 4928 1084 4985 stiis
1094 4928 1200 4987 aerarii
1211 4923 1435 4994 demerrstratis,
1455 4936 1577 4987 econtra
1597 4923 1672 5005 quid
1684 4946 1772 4987 aanor
1784 4942 1828 5007 pa·

1018 5024 1092 5079 triae
1111 5040 1149 5079 ac
1170 5018 1366 5099 Reipublicae
1377 5018 1551 5099 postularet,
1571 5016 1645 5098 quid
1657 5020 1829 5081 constantia

1018 5112 1087 5171 boni
1107 5111 1241 5187 baberet,
1261 5114 1456 5171 concionatus
1477 5110 1599 5185 luisset,
1624 5110 1754 5174 tandem
1776 5132 1829 5173 noo

1017 5204 1144 5281 legatum
1165 5226 1201 5267 se
1220 5202 1260 5267 ad
1281 5206 1440 5265 exercitum
1460 5204 1640 5275 relictorum,
1663 5202 1723 5265 sed
1736 5208 1828 5285 ipsos
