3742 5626
534 198 666 265 VITAE
685 197 869 269 consuls
889 194 1114 274 aasentias,
1135 196 1262 265 LlBBR
1281 196 1336 263 ΙΙΙ.

102 381 234 437 structas
271 372 402 450 equitum
430 365 618 449 peditumque
653 367 793 431 cohortes
820 371 850 429 in
877 365 908 427 id

103 466 211 529 bellum
228 461 397 537 trahebant,
418 470 449 523 et
467 470 532 525 erat
550 461 661 544 alioqui
681 465 710 523 in
732 464 800 542 ipso
813 460 908 539 Regis

103 562 220 621 nominc
242 576 349 635 magna
369 557 546 617 existimatio
567 575 633 615 cnur
654 554 780 617 bellicae
799 551 907 625 laudis,

102 665 162 717 turn
183 651 342 730 aequitatis
362 656 452 729 atque
469 650 623 729 justitiae,
643 649 730 727 cnjus
751 656 851 709 castra
871 666 908 707 ex

102 745 300 808 aemulatione
319 745 436 803 virtutis
457 745 611 823 praecipui
631 744 721 802 etiam
743 741 908 819 gentisl’o·

102 839 217 899 lonicae
237 844 391 915 magnates
411 834 621 916 sequebantur.
667 832 908 895 Nicolaohliele·

103 935 159 1005 cio,
190 929 281 989 rebus
313 932 343 989 in
369 927 448 990 bello
475 931 586 1007 gestis,
611 936 643 989 et
662 928 792 987 amicitia
813 926 907 1004 Regis

104 1025 229 1103 insigni,
260 1025 411 1103 copiarum
437 1023 565 1081 omnium
597 1023 750 1102 imperium
777 1016 907 1079 delatum

102 1128 174 1179 erat.
218 1116 272 1177 llle
302 1136 361 1175 uon
386 1122 501 1177 tautum
521 1112 666 1175 Podaliae
686 1111 794 1173 robora
816 1112 845 1170 in
868 1110 907 1169 le·

103 1215 208 1290 gisnes
228 1212 461 1289 conscripserat,
480 1204 538 1268 sed
557 1216 588 1267 et
606 1207 729 1269 aliarum
756 1207 907 1265 nationum

103 1308 207 1384 copias
227 1322 349 1363 nnurcro
368 1305 536 1380 virtuteque
555 1301 680 1361 nraxirne
706 1295 908 1359 lornridandas

103 1417 206 1457 secum
242 1393 383 1455 habehat.
455 1392 600 1453 h'ieolaus
631 1401 729 1453 auteur
760 1388 910 1461 Radivilo,

103 1489 257 1549 Viluerrsls
289 1486 461 1559 Palatinus,
493 1506 579 1565 qrrem
607 1484 729 1546 mirilico
753 1486 849 1544 virtus
879 1490 910 1543 et

104 1582 230 1643 hcllieac
251 1577 348 1641 landis
368 1582 532 1660 specimen,
552 1587 641 1657 atque
662 1581 731 1638 item
743 1580 848 1655 ingens
860 1597 908 1654 pa-

102 1677 175 1735 triae
207 1694 289 1735 amor
314 1670 354 1734 ad
387 1669 544 1732 ineundum
580 1669 688 1731 bellum
715 1670 909 1731 vehementis·

104 1770 179 1827 sime
190 1767 363 1835 incitabant,
384 1786 450 1827 cum
461 1762 680 1823 llorerrtissimie
694 1762 908 1825 Lithuanorrrm

104 1863 199 1940 copiis
226 1858 388 1919 venerabili
414 1858 498 1917 senio
525 1864 556 1919 ct
586 1859 688 1915 virium
709 1855 816 1915 robore
838 1854 907 1913 insi·

102 1957 169 2031 giris
196 1950 367 2014 advenerat.
412 1949 481 2009 Nec
510 1948 590 2009 illius
620 1948 672 2007 filii
699 1947 908 2029 christophori

102 2047 160 2107 aha
181 2066 267 2125 qnam
287 2046 379 2122 patris
400 2063 484 2103 mens
505 2041 570 2114 luit,
590 2045 640 2122 qui
661 2050 692 2103 et
714 2045 780 2122 ipse
802 2050 907 2101 natura

103 2147 244 2200 strenuus
269 2148 299 2199 et
325 2137 450 2198 unanime
470 2135 634 2195 bellicosus
661 2154 727 2195 cunr
754 2132 908 2215 cataphra-

103 2242 215 2293 ctorum
248 2231 305 2293 alis
332 2230 529 2289 ornatissimis
556 2234 668 2309 patrem
694 2235 817 2287 secutus
850 2236 907 2287 est.

103 2326 175 2385 Brat
200 2344 317 2404 quoque
342 2319 448 2382 iisdem
475 2323 504 2380 in
523 2323 631 2381 castris
650 2319 785 2381 loannes
804 2318 907 2381 Zama·

102 2421 184 2477 scius
206 2416 359 2498 praeclaro
378 2412 479 2475 studio
501 2413 698 2494 omnibusque
715 2413 856 2475 sensibus
878 2422 909 2474 ct

101 2511 245 2572 allinitate
260 2510 429 2570 arctissima
445 2527 512 2567 cum
525 2506 611 2585 Rege
623 2510 811 2588 conjunctus.
851 2508 909 2569 Bst

102 2606 151 2665 ille
177 2604 284 2665 illustri
310 2598 428 2682 quidem
454 2600 597 2661 Poloniae
626 2601 693 2662 loco
719 2610 824 2671 aratris,
850 2598 907 2661 sed

102 2698 219 2759 virtutis
250 2697 459 2775 experimentis
491 2697 568 2753 omni
600 2694 757 2755 nobilitate
790 2694 906 2765 clarior,

102 2812 179 2871 quae
205 2799 289 2851 hairto
321 2791 349 2848 in
371 2788 421 2849 illo
442 2792 581 2867 apparet,
601 2796 634 2847 nt
653 2789 742 2847 animi
764 2789 906 2865 magnitu-

101 2882 187 2955 dinc,
220 2879 415 2959 Philosophia
441 2880 522 2959 ipsa,
554 2878 786 2959 prudentiaeque
811 2879 907 2957 gloria

100 2974 323 3037 celeberrimum
333 2969 414 3053 apud
432 2992 536 3031 omncs
557 2971 654 3031 bonos
667 2992 771 3031 nomen
783 2971 904 3033 habeat.

101 3068 169 3131 .lanr
201 3076 320 3127 ceteros
340 3068 493 3145 principes
519 3084 577 3125 usu
604 3063 727 3126 militiae
746 3068 905 3145 vigoreque

100 3164 188 3223 animi
215 3166 420 3239 praestantes,
440 3154 511 3237 qnid
532 3159 638 3217 attinet
657 3158 907 3218 commemoraret

98 3254 176 3315 Nam
202 3262 233 3313 et
253 3251 427 3333 Stephanus
452 3259 483 3311 ct
505 3248 650 3311 danuslus
674 3249 830 3311 Zbaraseli
857 3250 905 3311 hic

101 3357 204 3411 erautr
226 3345 275 3405 hic
290 3344 312 3405 F
315 3344 389 3424 irlej,
409 3342 616 3417 Radivilones,
634 3341 779 3405 Nicolans
799 3344 904 3425 Sapie·

101 3443 154 3515 ha,
187 3438 323 3500 loannes
363 3435 592 3505 t'hlehovieius,
635 3434 770 3497 loannes
806 3440 905 3509 t'isea,

102 3534 188 3595 l’hilu
203 3534 310 3605 Cmita,
331 3528 481 3591 Bonarns.
498 3528 650 3602 Zbaravii,
671 3528 816 3589 Nicolans
838 3529 906 3591 Tal-

102 3630 216 3689 voisins
247 3624 295 3685 hic
323 3626 421 3695 erant,
439 3624 489 3700 qni
511 3641 615 3681 onmes
636 3619 760 3681 sabelli
780 3623 904 3689 consilia

100 3721 218 3781 decoris
239 3728 270 3779 et
290 3716 406 3775 virtutis
428 3713 518 3789 longo
538 3714 713 3793 plenissima
739 3712 904 3793 sequeban-

99 3824 157 3887 tur,
177 3822 208 3873 et
228 3814 256 3871 iu
279 3808 386 3888 quihus
408 3806 668 3886 tontasapieutiae
688 3808 832 3867 etvirium
846 3827 905 3869 rna·

100 3903 225 3985 paritudo
245 3911 319 3969 erat,
339 3902 439 3979 utqui
460 3918 515 3959 eos
535 3902 694 3976 ignoraret,
713 3920 772 3959 nou
792 3920 829 3961 ex
849 3900 904 3959 Po·

102 3999 182 4061 loniu
201 4004 324 4063 tantrrrrr,
344 3991 400 4053 sed
420 4013 457 4053 cx
476 3990 576 4051 multis
597 3991 767 4053 nationibus
787 3992 903 4053 electos

101 4098 227 4173 putaret.
275 4087 416 4148 Baltasar
449 4094 548 4146 antem
568 4082 752 4155 Bathoreus,
772 4084 903 4146 Palatini

99 4179 335 4245 'l’rsnssilvnnici
356 4177 433 4239 lilius
453 4178 650 4251 Pannonium,
670 4176 903 4259 christophorus

101 4275 304 4337 lloarasevins
321 4274 531 4335 Germanicum
554 4270 717 4353 perlitatum
739 4270 903 4333 oblatosti·

99 4366 209 4452 pendio
235 4363 413 4426 conductum
438 4365 495 4425 sub
520 4366 617 4443 signis
633 4362 793 4425 habebant.
836 4362 903 4425 llus

55 4452 57 4545 f
101 4464 299 4526 Borussorum
344 4466 374 4519 et
415 4456 552 4519 biarchis
588 4454 902 4535 Braudenhurqriensis

54 4556 59 4577 ⁸
99 4556 251 4633 Georgius
294 4549 462 4613 Frirlericna
505 4550 739 4611 lectissimorum
778 4550 904 4611 militum

100 4668 216 4711 manum
244 4646 273 4705 ln
298 4643 436 4706 arrailium
464 4641 612 4715 mittebat,
639 4642 748 4723 quibus
768 4653 905 4725 praeerat

100 4844 205 4895 aestus
225 4844 323 4897 autem
344 4830 476 4909 Vajerus
502 4850 573 4907 erga
594 4827 765 4891 l‘olouieam
786 4839 905 4907 gennem

1717 202 1774 267 tu

942 384 1086 449 rquoque
1105 365 1269 441 homiuum,
1296 369 1346 447 qui
1366 377 1398 429 et
1415 372 1472 450 ipsi
1503 371 1532 431 in
1553 369 1678 434 bellicos
1698 394 1775 437 sum·

968 466 1018 519 trrs
1039 456 1190 536 ingentem
1212 462 1276 519 anri
1297 462 1355 521 vim
1368 461 1578 542 expenderant,
1599 474 1682 528 tanta
1704 469 1776 530 mul·

967 550 1080 625 titudo,
1104 559 1207 611 tantus
1236 550 1385 613 hominum
1411 552 1541 635 aridique
1567 558 1775 623 continentium

969 663 1133 705 concursus
1160 653 1238 713 erat,
1265 654 1298 707 nt
1322 666 1426 707 omnes
1446 668 1629 712 communem
1650 656 1775 733 patriam

970 736 1078 817 opihus
1098 746 1129 798 et
1141 740 1289 815 sanguine
1301 736 1453 801 defensuri
1466 738 1645 804 viderentur.
1685 746 1775 810 Prae·

968 832 1051 890 missi
1073 828 1111 890 ab
1133 830 1217 909 Rege
1238 828 1277 891 ad
1298 831 1442 893 Polotiam
1463 831 1547 894 luere
1576 835 1617 895 N.
1635 836 1775 901 Radivilo

968 931 999 983 et
1037 925 1153 1004 Caspar
1183 923 1337 985 Recessere
1370 927 1505 987 itinerum
1543 927 1774 993 elarrdendorum

967 1036 1069 1077 eausa.
1111 1016 1150 1077 lli
1171 1036 1238 1077 cnm
1257 1019 1423 1098 propinquo
1443 1016 1483 1079 ad
1503 1040 1600 1083 arcem
1622 1022 1690 1084 loco
1706 1046 1775 1087 corr·

968 1106 1135 1181 sedissent,
1156 1108 1372 1171 caduceatores
1392 1114 1516 1183 misere,
1536 1116 1585 1195 qui
1607 1118 1704 1179 onmia
1724 1118 1774 1179 ho-

968 1201 1049 1263 stilia
1069 1203 1183 1264 hloscis
1203 1201 1426 1279 denuntiarent,
1446 1210 1475 1266 ni
1506 1228 1632 1289 propere
1651 1212 1724 1273 urhe
1745 1224 1775 1275 et

968 1314 1038 1355 aree
1063 1293 1249 1357 excederent.
1293 1296 1365 1357 lllos
1386 1307 1499 1360 armata
1519 1299 1691 1365 hloscorum
1712 1316 1774 1368 sta·

968 1389 1010 1447 tio
1037 1407 1221 1468 nequaquam
1247 1388 1378 1465 admisit,
1398 1412 1454 1451 nee
1473 1394 1602 1473 populus
1623 1418 1659 1460 ex
1679 1398 1774 1480 Regis

969 1478 1099 1541 adventu
1117 1479 1248 1543 studium
1268 1483 1357 1564 paulo
1378 1483 1507 1546 alacrius
1527 1486 1668 1551 ostendit.
1708 1492 1774 1555 Res

970 1570 1078 1633 deinde
1098 1593 1165 1635 curn
1185 1577 1263 1635 omni
1285 1577 1431 1649 exercitu,
1458 1587 1487 1639 et
1508 1584 1663 1644 tormentis
1684 1592 1773 1669 impe·

970 1664 1168 1747 diurcntisqne
1194 1666 1328 1741 bellicis,
1355 1671 1385 1727 iu
1404 1689 1519 1731 summa
1539 1677 1651 1736 viarum
1672 1681 1774 1761 iniqni-

969 1767 1030 1819 tate
1056 1758 1248 1835 subsecutus,
1268 1759 1372 1821 rrrbem
1392 1761 1550 1825 obsidione
1570 1768 1670 1829 cinxit.
1710 1773 1774 1833 Sub

968 1850 1046 1913 idem
1073 1862 1191 1934 tempus
1218 1851 1369 1915 Basilides
1396 1876 1461 1915 cunr
1489 1858 1658 1937 ingentibus
1677 1866 1774 1945 copiis

970 1945 1149 2007 Pleseoriae
1171 1954 1244 2021 erat,
1265 1967 1351 2027 quem
1371 1946 1500 2011 adventu
1513 1951 1609 2030 Regis
1619 1954 1774 2019 vehemen-

968 2041 1085 2101 tissime
1106 2039 1313 2101 conturbatum
1335 2041 1443 2104 lerunt.
1485 2044 1773 2129 Versntosiqnidem

968 2134 1106 2211 ingenio,
1133 2152 1199 2193 cum
1223 2140 1336 2195 tantam
1363 2140 1525 2215 potentiam
1558 2141 1608 2199 uui
1640 2139 1773 2205 additam

969 2226 1171 2305 conspiceret,
1192 2224 1261 2286 belli
1282 2230 1422 2308 impetum
1442 2228 1629 2305 formidabat,
1650 2243 1681 2295 et
1699 2240 1773 2297 auti·

969 2320 1018 2396 qui
1038 2337 1156 2396 quoque
1176 2322 1255 2382 vatis
1272 2324 1403 2383 carmina
1430 2342 1496 2383 errm
1522 2324 1692 2410 Principem
1713 2350 1772 2391 non

967 2409 1105 2471 obscuris
1130 2408 1249 2473 indiciis
1275 2417 1437 2494 exprimere
1463 2415 1655 2493 videbantur,
1680 2426 1730 2507 qui
1756 2444 1774 2485 a

968 2502 1050 2563 Savo
1076 2512 1107 2564 et
1132 2504 1233 2567 Bravo
1259 2510 1313 2568 toti
1347 2507 1508 2587 Scythiae,
1539 2513 1772 2599 Moscoviaeque

967 2600 1139 2677 praesertim
1172 2606 1203 2659 et
1228 2598 1357 2661 Basilidi
1387 2622 1519 2665 summas
1552 2605 1654 2669 clade's
1686 2622 1770 2673 esset

968 2689 1121 2751 allaturus.
1167 2693 1197 2753 Λ
1224 2694 1319 2774 copiis
1347 2703 1445 2755 autem
1466 2697 1575 2776 Regiis
1597 2722 1673 2780 quae
1694 2724 1767 2785 prae

968 2792 1139 2855 cesserant,
1168 2804 1254 2844 arces
1280 2793 1341 2845 tres
1370 2790 1516 2860 Castana,
1538 2792 1654 2854 Crasrra
1674 2802 1706 2855 et
1724 2794 1771 2856 Si·

967 2884 1017 2935 tna
1052 2896 1104 2955 per
1136 2880 1341 2939 excursionem
1376 2880 1513 2941 celeriter
1540 2894 1721 2966 occupatae,
1741 2898 1771 2949 et

966 2966 1104 3029 incendio
1118 2967 1235 3030 deletae
1257 2969 1348 3032 luere.
1389 2974 1479 3035 Parte
1492 2975 1550 3036 alla
1561 2975 1650 3037 Philo
1664 2980 1770 3055 cmiter.

967 3060 1152 3123 Orsarrcusis
1163 3063 1343 3143 praelectus,
1366 3069 1395 3127 in
1407 3066 1511 3147 hlagui
1525 3068 1620 3131 Ducis
1641 3070 1771 3135 ditiones

965 3152 1084 3231 longius
1104 3174 1293 3234 progressus,
1306 3157 1502 3240 hostibusque
1512 3161 1634 3238 viribus,
1655 3168 1771 3237 animis,

966 3246 1042 3319 loco,
1064 3255 1152 3328 atque
1172 3247 1290 3312 fortuna
1318 3250 1439 3313 abunde
1466 3259 1612 3335 superior,
1633 3279 1691 3318 non
1713 3280 1771 3321 are·

966 3337 1096 3401 diocrem
1115 3344 1234 3403 onmino
1254 3342 1368 3405 cladem
1390 3345 1506 3409 hloscis
1530 3350 1638 3411 attulit.
1679 3352 1771 3413 Pluri-

966 3437 1021 3493 mis
1034 3454 1140 3516 nempe
1151 3438 1239 3515 pagis
1262 3440 1405 3515 incensis,
1428 3442 1660 3524 Surolenseique
1677 3444 1771 3507 subur

966 3526 1024 3587 biis
1034 3527 1191 3598 ambustis,
1211 3538 1304 3590 totam
1326 3531 1404 3593 illam
1418 3534 1567 3612 regionem
1583 3536 1677 3617 longe
1697 3539 1769 3601 late·

965 3640 1022 3698 que
1046 3619 1245 3701 depopulatus
1266 3634 1322 3683 est.
1364 3626 1450 3701 Quae
1470 3626 1589 3706 quidem
1615 3636 1657 3690 rei
1684 3631 1765 3693 bene

964 3710 1113 3789 gerendae
1133 3712 1260 3775 facultas
1278 3716 1477 3778 Constantino
1498 3722 1586 3779 etiam
1604 3720 1768 3801 Ostrogiae

963 3807 1041 3867 ltrrci
1054 3828 1134 3869 arma
1154 3805 1259 3881 induit,
1281 3810 1329 3888 qni
1341 3813 1403 3889 pari
1426 3811 1579 3873 eeleritate
1603 3822 1633 3873 et
1646 3815 1766 3893 vigilan·

963 3902 1004 3961 tia
1024 3921 1089 3961 cum
1110 3898 1259 3961 hliehaele
1289 3902 1479 3963 l'isnieveeio
1509 3914 1540 3965 et
1560 3904 1688 3967 darrnslo
1707 3906 1769 3969 lilio

964 3992 1181 4072 Borysthenem
1202 4002 1419 4073 transgressus,
1440 3997 1528 4077 inque
1555 3998 1691 4062 hostilem
1711 4010 1767 4063 ter·

963 4108 1024 4149 ram
1047 4089 1152 4147 trrrmis
1170 4086 1281 4167 aliquot
1303 4086 1491 4149 Tartarorum
1514 4092 1658 4170 invectus,
1680 4094 1767 4157 obvia

964 4199 1097 4260 quaeque
1120 4183 1312 4259 pervastavit,
1334 4190 1365 4242 et
1385 4202 1481 4263 usque
1501 4182 1541 4247 ad
1560 4184 1762 4251 Starodubuar

962 4271 1194 4345 Rudohostiara,
1214 4280 1242 4332 et
1264 4271 1501 4357 l‘odezepoviam
1523 4280 1765 4362 populationibus

963 4365 1103 4447 prolatis,
1129 4368 1242 4443 ingenti
1269 4388 1334 4429 cuar
1355 4367 1466 4450 praeda
1486 4370 1603 4434 domum
1625 4395 1765 4437 reversus

962 4468 1017 4521 est.
1064 4459 1129 4520 lies
1160 4458 1226 4539 lpse
1252 4464 1371 4541 cognita
1398 4462 1454 4523 hae
1474 4487 1593 4527 srromm
1614 4466 1765 4541 felicitate,

962 4550 1118 4613 undecima
1144 4554 1273 4631 Augusti
1299 4559 1465 4637 propinquo
1492 4558 1529 4619 ad
1559 4564 1674 4622 moenia
1699 4562 1766 4623 loco

963 4655 1062 4707 castra
1088 4656 1203 4707 meatus
1228 4658 1297 4719 est,
1323 4652 1531 4730 civitatemque
1562 4652 1658 4713 trihus
1689 4654 1766 4715 locis

54 4722 62 4769 ¹
98 4740 233 4805 loannes
260 4739 409 4799 Conslcus
434 4756 452 4797 a
477 4735 623 4797 Borussla
649 4735 800 4798 oriundus.
852 4738 904 4799 Er·
963 4737 1340 4820 circuruscdit.cademqne
1353 4738 1402 4801 die
1416 4746 1594 4803 nunritiorres
1607 4744 1766 4828 fossasque

963 4834 1085 4913 propius
1113 4832 1229 4893 hostem
1256 4854 1347 4913 agere
1368 4837 1471 4916 jrrssit.
1491 4846 1521 4897 et
1541 4836 1687 4919 postridie
1707 4844 1764 4902 civi

54 4904 59 5029 τ
99 4926 201 4990 studio
214 4948 250 4987 ac
270 4924 411 5007 operibns
433 4924 570 5001 insignis,
584 4930 731 5002 tamquam
746 4921 815 4982 belli
836 4942 905 4983 corr·
963 4932 1053 4985 tatem
1067 4945 1127 4985 raon
1138 4922 1327 4985 mediocriter
1347 4926 1454 5001 lassis,
1474 4940 1503 4988 et
1524 4950 1637 5009 aggere
1658 4942 1689 4994 et
1710 4954 1764 5015 pre

99 5021 233 5083 §marius
245 5023 391 5081 aevique„
404 5015 579 5079 pomerania
599 5024 672 5077 erat.
713 5020 904 5077 sacratorum
964 5017 1149 5097 pugnaretis.
1172 5028 1201 5077 et
1224 5018 1386 5098 parietibus
1415 5020 1613 5085 densissimis.
1633 5032 1662 5087 et
1682 5046 1764 5107 prae·

1427 5131 1463 5188 lli
