3742 5626
439 238 494 301 iii:
515 234 762 303 intestinus
783 234 844 299 ni)
863 232 1143 302 mosoovirns
1162 232 1385 299 suissuia.
1713 242 1750 299 rt

72 402 217 466 immrius
248 412 280 464 et
308 402 456 465 eouitcns
484 410 567 466 mant
595 404 627 462 in
651 398 753 463 madio
777 397 880 481 tenpll
938 397 998 479 ipsi
1028 395 1178 461 differunt.
1215 396 1403 481 Praecipuus
1432 418 1516 461 error
1547 420 1649 463 eorum
1679 422 1747 466 mco

71 516 168 578 neque
193 514 321 577 uuquam
347 491 464 557 sedent.
505 492 681 559 Satialactio
711 502 811 559 autem
831 498 881 555 est
934 488 1052 571 judicio
1071 491 1121 553 bic
1141 500 1204 568 est,
1229 488 1309 573 quod
1330 490 1477 556 affirmant
1497 512 1558 555 non
1577 492 1674 559 luisse
1693 498 1746 560 olli

71 590 313 672 lrequentissimn
327 594 358 649 et
378 590 611 667 rigorosissima,
630 582 878 671 quemadmodum
938 583 1048 645 bomini
1078 585 1190 647 licitum
1221 592 1295 666 post
1322 589 1417 667 primu
1445 588 1464 647 7
1486 584 1624 651 Concilio
1651 590 1746 653 ullum

72 688 101 745 in
122 686 268 767 primitiva
287 681 427 745 Ecclesia
453 680 516 743 luit
555 684 655 745 Aonis
680 680 806 761 singulis
831 698 878 740 ac·
936 676 1018 739 alitrd
1038 677 1200 742 celebrare.
1223 680 1272 741 Ae
1293 677 1540 760 quemadmodum
1559 682 1610 745 ilia
1629 684 1650 746 7
1668 683 1745 747 Cou-

72 781 187 859 cipiuut
202 776 424 837 sanctissimum
434 774 644 838 Eucharistiae
659 780 878 837 sacromentum
937 771 1008 833 cilia
1045 774 1186 835 universa
1223 772 1458 855 amplectuntur,
1496 776 1539 837 ita
1577 781 1745 861 posteriora

72 880 102 933 st
127 872 355 933 communicant.
395 868 483 947 Quae
508 868 698 931 Eucharistia
728 886 783 949 pro
802 862 879 927 lufir-
936 868 1035 928 omnia
1055 864 1187 928 relutant
1206 874 1237 927 et
1254 868 1410 947 rejiciuut5
1430 874 1461 929 et
1479 870 1527 929 sic
1545 868 1585 932 ab
1605 870 1744 935 obedieu-

70 967 128 1027 ruis
147 964 253 1027 saitem
270 964 299 1023 in
319 960 369 1023 dia
380 982 494 1025 coenae
503 961 625 1025 Domini
637 966 831 1023 cousecratur
849 963 881 1020 et
935 960 983 1019 cia
1002 957 1088 1021 sedis
1109 958 1310 1041 Apostolicae
1332 958 1508 1021 disceditur.

71 1059 286 1120 asservaturin
304 1054 424 1137 templis
437 1074 504 1117 cum
516 1074 631 1117 summa
642 1056 877 1117 reverentiatau·
1013 1050 1171 1113 Neminem
1190 1055 1322 1133 reperire
1339 1056 1438 1135 poturi,
1458 1057 1508 1135 qui
1528 1054 1641 1139 aliquid
1660 1059 1744 1121 intei-

70 1162 133 1211 tum
145 1148 417 1231 subspeciepania,
430 1146 469 1209 da
481 1168 539 1229 qna
552 1168 618 1209 cum
631 1148 759 1210 cocleari
769 1148 878 1227 rumpi·
936 1144 1061 1207 lenisset
1086 1140 1125 1206 de
1149 1143 1316 1207 diliereutia
1341 1150 1419 1209 inter
1446 1150 1532 1230 ipsos
1558 1148 1694 1215 Graecos
1714 1160 1746 1214 et

69 1237 879 1325 turonaparticula,atqueadiunditurparumtepidae
935 1258 992 1299 uos
1023 1242 1102 1301 circs
1132 1239 1255 1301 verbum
1286 1232 1443 1315 bpeotiomc.
1506 1241 1629 1305 liabent
1657 1263 1743 1306 suum

68 1356 180 1417 aquae,
205 1344 237 1398 et
261 1338 308 1397 sic
333 1344 457 1415 aegroto
483 1334 639 1397 exhibetur
663 1352 730 1396 cum
759 1352 876 1395 summa
935 1330 1214 1415 Metropolitanum,
1240 1354 1337 1415 aquo
1358 1330 1530 1417 dependent
1550 1356 1654 1401 omnes
1675 1339 1733 1421 Epi

67 1428 243 1493 adoratione
268 1432 430 1510 intimaque
456 1426 625 1490 devotione.
670 1428 712 1491 Et
737 1430 785 1489 sic
815 1446 875 1487 non
934 1429 1021 1507 scopi
1049 1434 1080 1488 et
1099 1430 1257 1488 universus
1279 1428 1402 1503 Clerus3
1427 1450 1446 1491 a
1471 1428 1581 1511 quibus
1607 1435 1680 1493 tanti
1700 1430 1743 1513 fit,

67 1522 205 1585 differunt
224 1544 243 1585 a
264 1522 362 1597 nobis,
384 1524 441 1583 uisi
463 1519 543 1602 quod
563 1520 604 1582 illi
626 1524 723 1583 instar
743 1520 875 1583 Graeco·
935 1522 1038 1601 quanti
1059 1538 1077 1581 a
1096 1518 1186 1580 nobis
1207 1518 1349 1581 Summus
1368 1520 1518 1585 Pontilcr.

67 1638 130 1680 rum
150 1636 229 1701 piane
248 1614 426 1678 sermentato
447 1622 577 1677 utuntur.
802 1688 807 1699 ¹
1009 1612 1080 1674 Non
1100 1621 1190 1692 negat
1209 1614 1312 1674 illese
1331 1611 1503 1695 dependere
1529 1638 1547 1678 a
1567 1614 1743 1681 Petriarcba

144 1712 266 1783 Sancti,
291 1704 538 1791 quaemadmodum
555 1710 619 1789 jam
639 1705 716 1785 diri,
741 1703 822 1789 apud
841 1704 874 1767 il·
935 1704 1278 1787 Constantinopolitano,
1298 1704 1355 1767 sed
1375 1711 1573 1770 certissimum
1594 1720 1657 1791 est,
1677 1734 1742 1795 par·

66 1806 113 1868 los
133 1808 252 1868 suntin
272 1822 411 1884 suprema
424 1804 624 1878 veneratione,
643 1808 675 1862 et
686 1803 874 1861 invocatione
932 1818 999 1860 vam
1025 1800 1103 1861 inter
1127 1802 1213 1879 ipsos
1241 1818 1311 1860 esse
1331 1800 1625 1883 correspondentiam
1651 1814 1682 1867 et
1701 1806 1742 1867 al·

65 1920 121 1982 pro
141 1916 242 1961 eorum
265 1896 415 1975 suilragiis
428 1892 509 1977 apud
522 1892 651 1957 divinam
664 1892 873 1975 Maiestatem
933 1892 1108 1967 lectionem,
1134 1910 1202 1954 cum
1222 1891 1273 1954 ille
1292 1894 1333 1954 sit
1353 1892 1481 1969 Turcae,
1502 1904 1533 1957 ct
1551 1896 1601 1957 bic
1620 1896 1742 1961 Mosco-

66 2002 98 2054 et
117 1991 290 2075 specialiter
315 1988 356 2052 i).
383 1988 541 2051 Nicolaum
570 2006 625 2069 pro
650 1986 796 2066 singulari
823 2006 874 2069 pa·
932 1989 1012 2048 vitae
1031 1984 1180 2047 subditus.
1222 1984 1396 2068 Principum
1422 1986 1481 2047 sibi
1508 1986 1667 2053 admodum
1689 1996 1741 2054 ini·

65 2096 154 2149 murro
173 2084 301 2159 babent,
328 2084 416 2163 cujus
436 2084 595 2161 imaginem
613 2088 736 2141 servant
755 2082 785 2141 in
805 2080 875 2141 civi·
932 2082 1073 2139 micorum
1110 2078 1322 2160 Metropolites
1358 2079 1409 2141 ille
1435 2080 1655 2145 Moscuviticoa
1681 2088 1740 2147 slu-

66 2188 139 2254 tate,
161 2176 423 2259 quneMoszajsco
444 2173 640 2249 dicitur‚'cnm
660 2171 874 2235 summaelevo·
933 2172 1011 2251 gulis
1031 2174 1119 2232 annis
1138 2170 1293 2251 Synodum
1320 2172 1469 2250 celebrat,
1495 2178 1525 2236 in
1552 2196 1610 2257 qua
1635 2180 1741 2241 Arcit-

64 2276 146 2335 ticna
168 2269 339 2341 ethonore,
360 2271 407 2329 cui
427 2267 559 2347 Magnus
579 2266 726 2348 Princeps
747 2266 874 2345 siugulis
934 2267 1069 2347 episcopi
1091 2270 1123 2326 et
1140 2265 1285 2347 Episcopi
1299 2286 1403 2328 orienes
1425 2288 1598 2350 comparere
1618 2269 1740 2336 debent.

65 2364 174 2427 diebus
194 2362 267 2425 facit
286 2362 382 2422 offerri
400 2380 538 2440 magorum
564 2364 649 2440 panis
669 2364 874 2442 quantitatem,
934 2354 1191 2437 Quemadmodum
1217 2378 1274 2439 ego
1301 2356 1371 2419 dum
1402 2380 1502 2422 essem
1522 2362 1740 2429 Drobobusrae

66 2462 198 2520 carirmm
223 2460 294 2517 item
320 2458 485 2517 cerevisiae
511 2460 543 2515 et
568 2448 765 2533 lrydromelis3
796 2474 873 2535 quae
932 2449 992 2513 vidi
1018 2451 1136 2533 aliquos
1161 2454 1317 2513 venientes
1343 2451 1382 2513 ab
1408 2457 1476 2535 ipso
1494 2454 1741 2539 Metropolitauo,

64 2572 181 2613 srrrrrnm
200 2558 307 2633 postea
334 2546 522 2609 distribuitur
539 2549 683 2609 ministris
702 2546 783 2607 illins
800 2554 872 2608 tem·
932 2546 1041 2626 quibus
1060 2544 1307 2627 praelerebantur
1326 2546 1425 2607 baculi
1445 2550 1631 2629 pastorales,
1651 2556 1740 2617 sicuti

66 2646 124 2727 pli,
165 2647 304 2705 coutirme
341 2640 471 2701 divinum
508 2638 617 2701 cultum
654 2639 872 2717 exercentibus,
931 2646 1001 2700 unte
1027 2639 1145 2717 legatos
1166 2639 1363 2720 Apostolicos
1385 2639 1501 2703 Cruces
1521 2642 1665 2723 praeferri
1691 2652 1739 2709 §o-

64 2740 163 2799 ileum
182 2733 371 2799 benedictum
385 2730 536 2796 exorando
549 2752 604 2815 pro
616 2732 760 2794 ielicitste
773 2736 871 2812 magui
930 2731 1003 2805 ient,
1022 2738 1053 2791 et
1071 2731 1207 2811 singulos
1226 2732 1444 2792 comitabantur
1458 2732 1573 2814 aliquot
1593 2738 1740 2817 monacbi,

64 2832 144 2895 illius
163 2830 323 2909 Principis.
931 2832 962 2884 et
982 2826 1063 2904 quini
1086 2832 1138 2885 aut
1156 2828 1222 2884 seni
1243 2827 1414 2885 servitores.
1454 2824 1506 2887 Ad
1526 2828 1740 2913 Episcopalum

142 2922 193 2985 ni
213 2941 250 2981 eo
271 2920 337 2980 ioco
358 2918 463 2999 parteis
483 2916 649 2978 miliaribus
659 2920 873 2979 monasterium
931 2934 1080 2997 ourrquam
1106 2914 1213 2997 aliquis
1240 2918 1403 2977 assumitur
1427 2921 1485 2979 nisi
1511 2940 1548 2982 er
1573 2926 1739 3004 monacbis,

63 3016 278 3078 sarrctissimae
316 3010 473 3072 Trirritatis
509 3008 617 3081 distat,
651 3008 703 3071 ubi
732 3013 873 3072 continue
931 3012 981 3090 qni
1002 3028 1039 3069 eo
1058 3012 1154 3089 magis
1173 3016 1315 3089 satagunt
1339 3012 1548 3093 exemplariter
1565 3018 1681 3095 vivere,
1704 3030 1740 3083 ut

61 3110 123 3171 tuo
142 3104 279 3167 monachi
299 3111 435 3179 manent,
464 3104 514 3183 qui
539 3110 747 3165 sustentantur
764 3103 803 3165 ab
823 3125 872 3167 eo-
930 3100 1078 3185 ejusmodi
1104 3100 1277 3181 dignitatem
1304 3106 1447 3185 consequi
1472 3109 1601 3186 possint.
1650 3110 1739 3177 Unda

63 3198 133 3263 dem
158 3198 272 3277 Magno
301 3196 443 3277 Principe
472 3204 504 3257 et
533 3196 573 3257 ob
598 3194 723 3258 earrdem
749 3216 871 3260 causam
930 3196 1000 3257 mibi
1026 3194 1082 3257 luit
1106 3194 1280 3257 affirmatum
1305 3214 1360 3277 pro
1385 3216 1419 3259 re
1445 3202 1628 3279 certissima,
1658 3204 1740 3287 qood

63 3298 95 3357 in
120 3312 157 3355 eo
176 3290 288 3372 templo
314 3289 427 3351 babent
453 3288 624 3371 sepulcrum
651 3288 687 3350 S.
712 3288 820 3369 ignatii
841 3300 873 3353 et
930 3289 1013 3350 multi
1039 3310 1076 3350 er
1102 3292 1179 3371 ipsis
1205 3308 1306 3351 amore
1326 3298 1358 3352 et
1376 3294 1500 3353 servitio
1520 3291 1621 3357 divino
1640 3316 1738 3381 usque

10 3374 15 3457 ,
62 3386 233 3469 frequenter
252 3384 293 3445 ibi
312 3386 401 3463 signa
420 3390 575 3464 apparent.
615 3381 731 3446 Omnes
750 3384 793 3445 iili
812 3404 871 3447 mo·
930 3380 1007 3445 adeo
1026 3381 1225 3444 incenduntur
1243 3390 1275 3445 et
1294 3383 1507 3463 exardescunt,
1527 3395 1561 3449 ut
1580 3398 1611 3451 et
1629 3394 1688 3453 vivi
1708 3402 1740 3457 et

63 3480 151 3543 uacbi
175 3486 247 3540 sunt
272 3475 386 3539 ordinis
410 3474 451 3537 l).
483 3476 606 3554 Basilii,
635 3480 739 3539 vivunt
762 3482 812 3559 pie
841 3488 872 3541 et
930 3480 1036 3538 mortui
1056 3476 1197 3539 miracula
1224 3472 1332 3540 edantr
1355 3476 1395 3540 lit
1417 3478 1497 3543 tales
1523 3490 1631 3563 postea
1650 3504 1738 3549 cano·

63 3572 272 3655 exemplariter
289 3570 425 3631 similiter
445 3590 564 3652 qnoque
589 3574 619 3631 in
638 3574 704 3633 suis
723 3582 871 3635 monaste·
929 3572 1073 3632 nitantur.

10 3718 14 3741 ‚
60 3671 117 3729 riis
138 3666 293 3727 moniales
330 3662 872 3746 illonasteriasuntfrequentissima,
1006 3674 1558 3735 tumescovinsreiiitvsuititnni
1583 3682 1737 3732 sustris.

10 3746 12 3755 ¹
62 3766 107 3823 ita
138 3767 172 3820 ut
200 3762 231 3819 iu
258 3760 358 3838 spatio
384 3754 508 3817 duorum
534 3757 582 3817 vei
607 3759 695 3819 trium
715 3758 871 3822 miliarium
929 3768 1024 3816 rium
1064 3766 1258 3815 neuturus
1298 3770 1444 3818 nomint.
1503 3760 1544 3823 Et
1585 3782 1651 3825 cum
1694 3768 1735 3825 io.

60 3872 184 3936 semper
202 3852 384 3911 monasteria
403 3852 596 3929 reperiantur.
928 3860 1039 3913 starem
1087 3868 1142 3931 pro
1174 3856 1289 3911 matura
1320 3850 1473 3915 audientia
1519 3855 1598 3935 apud
1636 3860 1735 3939 ipsum

141 3945 176 4007 ln
193 3946 334 4005 trrriverss
344 3940 503 4004 Moscovia
520 3964 578 4004 uon
596 3948 743 4025 reperitur
754 3947 870 4025 sclicla,
929 3946 1071 4023 Magnum
1084 3941 1265 4023 Principem,
1284 3962 1462 4023 responsum
1475 3946 1545 4007 nribl
1559 3946 1624 4025 furit,
1644 3948 1735 4031 qrrod,

58 4038 111 4102 vel
142 4039 201 4101 alia
234 4040 311 4097 ratio
342 4032 592 4097 addiscendarvrm
617 4037 779 4101 litterarum
810 4044 870 4103 nisi
928 4040 1001 4099 iicet
1029 4040 1096 4118 ipsc
1125 4034 1315 4096 vehementer
1345 4047 1468 4119 cuperet
1496 4056 1544 4101 me
1575 4038 1676 4103 videre
1705 4054 1736 4107 et

59 4128 145 4215 quod
163 4133 194 4189 in
220 4130 297 4210 ipsis
323 4130 512 4189 nronasteriia
537 4127 718 4204 addiscitur;
747 4140 778 4194 et
803 4154 869 4215 pro·
929 4130 1068 4212 amplecti
1094 4130 1174 4189 sicut
1198 4136 1347 4189 oratorem
1372 4132 1419 4189 sui
1451 4134 1598 4195 carissimi
1626 4140 1734 4217 pretio·

58 4234 167 4311 pterea
188 4226 266 4284 iuter
283 4221 363 4283 mille
381 4240 529 4303 personas
548 4225 597 4283 vir
616 4242 694 4284 unns
714 4230 870 4305 reperitur,
927 4224 1099 4305 sissimique
1127 4220 1225 4283 fratris
1245 4220 1333 4282 etum
1353 4222 1554 4286 Romarmrum
1576 4226 1734 4311 imperato.

58 4322 112 4403 qui
138 4320 218 4379 sciat
247 4316 349 4395 legere
366 4314 415 4375 vel
434 4313 577 4376 scribere.
599 4314 818 4381 Sacerdotibus
837 4320 869 4381 li·
927 4321 969 4379 ris
999 4316 1072 4393 (boc
1105 4318 1182 4376 enim
1213 4314 1301 4375 titulo
1334 4316 1515 4381 Caesaream
1540 4320 1735 4403 blajestatem

58 4414 153 4475 eitum
174 4418 223 4472 est
241 4407 335 4470 semel
354 4408 569 4468 matrimonium
591 4410 783 4485 conuehere3
812 4411 869 4474 sed
928 4412 1122 4473 communiter
1141 4408 1418 4485 nomenantJtnmen
1442 4432 1509 4473 corn
1531 4434 1549 4475 a
1569 4416 1734 4497 majoribus

57 4512 177 4567 momua
196 4523 303 4577 uxore,
330 4518 407 4581 opus
433 4508 482 4563 est
506 4501 639 4565 coelibes
665 4516 867 4587 permaneant.
928 4508 993 4569 suis
1012 4506 1200 4587 acceperint,
1229 4500 1309 4583 quod
1333 4524 1389 4585 per
1406 4512 1501 4567 toturn
1520 4506 1596 4569 illud
1615 4518 1734 4593 tempus

59 4594 97 4661 lo
122 4597 251 4677 singuiis
276 4594 397 4677 templis
420 4602 493 4655 aunt
520 4594 612 4677 aliqui
641 4596 788 4677 Diaconi,
818 4604 868 4683 qui
927 4608 1065 4664 sanctum
1089 4594 1163 4657 nibil
1189 4594 1269 4657 aliud
1289 4594 1389 4672 ficret,
1415 4618 1502 4679 quam
1529 4602 1661 4663 visitatio
1687 4622 1734 4667 aa·

57 4692 185 4751 mortuis
211 4688 358 4753 Parocbia
383 4686 614 4751 substituuntur.
658 4688 868 4773 Purgatorium
928 4714 1044 4757 crorum
1074 4690 1223 4767 locorum,
1258 4689 1397 4773 qnodque
1428 4694 1458 4753 in
1490 4690 1552 4753 iilis
1581 4692 1733 4759 devoticm

56 4792 182 4863 negarit,
201 4792 353 4846 ettamen
372 4780 483 4844 devote
502 4785 693 4845 etcontinue
713 4788 743 4847 in
762 4791 867 4849 missa-
927 4786 1092 4850 studeatur.
1132 4782 1207 4847 ldeo
1235 4802 1274 4845 ne
1304 4804 1383 4845 rrutrc
1411 4782 1531 4865 quidem
1561 4785 1733 4871 Principem

55 4896 124 4939 mm
150 4876 402 4939 celebrationibus
431 4884 463 4937 et
489 4874 558 4937 aliis
578 4876 763 4940 orationibus
783 4890 870 4943 orant
927 4885 1025 4962 ipsum
1044 4874 1125 4938 aliud
1144 4876 1243 4939 locere
1262 4896 1370 4957 posse,
1389 4876 1446 4939 sed
1466 4878 1581 4955 subito,
1601 4882 1732 4947 celebra·

54 4968 158 5033 Deum
177 4990 232 5052 pro
251 4968 391 5033 fidelibus
410 4967 576 5041 defunctis,
599 4968 657 5031 boc
676 4978 740 5047 est,
758 4980 793 5033 ut
812 4994 868 5037 sua
927 4976 966 5035 tis
977 4972 1065 5033 lestis
1077 4970 1231 5047 natalitiis,
1251 4970 1330 5032 velle
1351 4991 1398 5033 me
1410 4990 1529 5049 vocare,
1551 4972 1732 5041 audientiam

56 5060 211 5145 Maiestas
236 5062 375 5143 digrretur
399 5059 572 5125 condonare
595 5066 767 5144 promeritis
797 5086 867 5149 poe·
927 5064 1000 5127 dare
1030 5072 1061 5125 et
1091 5062 1190 5125 lacere
1210 5066 1318 5139 cornia,
1348 5084 1425 5147 quae
1445 5086 1501 5129 sua
1521 5068 1639 5131 allectio
1660 5078 1732 5155 erg'a

10 5212 14 5239 2
55 5172 130 5229 uas,
159 5156 288 5238 illosque
318 5158 454 5238 recipere
482 5158 514 5217 in
543 5156 705 5219 coelestem
729 5163 867 5243 patriam.
927 5160 1107 5223 Caesaream
1127 5156 1322 5239 lllajesinteur
1348 5163 1520 5243 requireret.
1560 5162 1651 5241 Quod
1678 5186 1731 5247 po-

10 5310 18 5329 „
56 5244 99 5309 m
119 5251 162 5309 ita
182 5268 200 5309 a
221 5248 388 5312 Catboliela
408 5270 468 5312 nou
487 5268 531 5326 re,
550 5248 607 5315 aed
620 5252 740 5315 nomine
759 5254 866 5318 saltem
926 5262 992 5317 atea
1014 5248 1179 5316 liberaliter
1196 5250 1278 5313 iecit.
