3742 5626
658 245 715 309 uu
741 242 880 309 RBBUS
900 242 1218 309 MOSCOVl'l'lCltl.
1724 246 1782 307 sat

56 434 65 471 ι
119 424 267 487 pauperes
288 418 358 471 sunt
376 413 440 489 (qni
453 408 784 489 iermepleriquosunt)
805 430 841 471 ea
861 427 919 470 am·
978 428 1043 471 sam
1065 418 1197 470 curatura
1223 416 1288 481 est,
1312 417 1344 468 ut
1370 406 1496 470 hloseus
1522 408 1560 470 ad
1587 428 1641 468 eos
1665 408 1780 471 litteras

56 528 64 569 t
118 500 285 580 plectuntur
299 500 409 574 studia,
420 518 497 580 quae
506 506 639 585 privatae.
659 505 702 563 rei
716 498 920 581 procurandae
976 499 1092 563 scribet
1106 511 1250 575 anteidea,
1272 517 1347 580 quas
1367 521 1426 562 una
1446 522 1511 561 tum
1532 505 1608 561 arcis
1628 500 1668 564 V.
1680 500 1717 561 Β.
1740 501 1780 564 ad

56 622 64 661 ι
116 592 236 654 rideant
256 616 325 657 esse
345 593 563 657 commodiores
580 599 629 658 siu
649 593 774 657 ditiores
793 603 873 665 sunt,
889 593 920 655 hi
978 593 1046 655 illos
1067 597 1191 668 uittam,
1221 614 1288 655 com
1319 597 1442 676 primum
1473 597 1502 655 in
1529 593 1635 671 Regiis
1662 594 1780 658 Castris

56 716 64 757 ι
114 685 193 749 aliud
213 694 368 765 spectant3
394 704 482 765 qnam
509 697 543 749 ut
567 709 643 750 suos
669 687 788 751 labores
808 686 848 750 ad
867 686 920 749 lli·
978 686 1075 748 iuero:
1096 686 1242 764 simulque
1261 683 1349 747 fidem
1363 685 1520 768 publicam,
1541 702 1599 763 qua
1619 696 1701 747 tutus
1721 688 1780 750 illis

114 782 210 839 viuum
221 800 282 839 rem
293 778 522 858 promovendam
533 780 671 843 referunt.
690 779 828 852 Accedit,
839 776 920 857 quod
978 777 1087 851 aditus,
1107 790 1197 858 atque
1219 782 1314 841 exitus
1335 788 1446 862 pateat.
1480 778 1547 841 Hac
1565 799 1637 840 sero
1657 784 1686 841 in
1706 802 1779 843 urer-

56 916 62 945 ,
114 892 180 931 cnm
200 872 332 950 Magnana
360 873 536 936 hloscoriae
560 874 630 937 Dux
657 877 802 936 neminem
822 870 920 934 adhue
978 881 1109 935 catorum
1131 874 1274 934 missione
1294 892 1352 933 non
1373 880 1429 944 est,
1450 870 1530 950 qnod
1550 870 1701 940 dubitent,
1728 882 1781 938 aut

58 998 61 1011 =
114 969 385 1043 permiseritesuis
405 966 486 1029 ieras
512 969 656 1047 emigrare
675 964 713 1031 ad
734 967 848 1028 litteras
869 963 919 1027 ad·
977 964 1017 1027 ob
1038 968 1153 1028 itineris
1173 962 1396 1046 longitudinem,
1417 973 1470 1027 aut
1489 964 1528 1026 ob
1547 984 1663 1025 merces
1683 984 1779 1029 emen·

113 1055 283 1129 discendas,
312 1056 341 1119 id
362 1068 445 1121 tanto
466 1064 562 1120 nrinua
584 1060 716 1123 iactums
737 1080 807 1122 esse
827 1057 920 1120 credi·
978 1056 1295 1136 descendendasque,
1316 1060 1576 1138 maximapecnnia
1595 1078 1673 1140 opus
1693 1078 1780 1133 ossea

114 1159 176 1221 tur,
201 1156 228 1213 ui
255 1150 334 1231 apud
349 1153 513 1216 lithuuuos
533 1151 651 1216 audiret
669 1153 701 1214 id
721 1174 791 1215 esse
810 1152 918 1215 iacien-

114 1241 196 1313 dum,
214 1244 323 1321 quihus
343 1265 410 1305 cum
430 1252 482 1307 ant
500 1244 620 1319 bellum,
638 1256 689 1308 aut
708 1250 797 1309 animi
816 1262 920 1324 peren·

114 1340 162 1397 nis
181 1341 298 1399 aversio
318 1346 374 1399 cst.
396 1341 439 1400 At
458 1360 529 1399 uero
540 1343 655 1417 utrique
667 1349 699 1401 ut
718 1343 799 1421 genti
810 1338 920 1400 liutbe-

115 1433 201 1492 uicae
221 1430 400 1502 consulatur,
420 1434 447 1491 si
468 1442 667 1509 quaereretur,
688 1431 807 1495 ubinam
824 1433 919 1493 Semi·

116 1527 229 1585 uarium
251 1522 331 1585 istud
351 1533 435 1585 esset
455 1522 684 1599 instituendum3
704 1528 829 1605 primum
855 1524 918 1587 Vil-

115 1637 180 1687 nae,
200 1626 252 1677 aut
271 1616 421 1687 l‘olociae,
443 1615 580 1690 dicerem,
599 1634 653 1696 pro
672 1617 820 1681 liutheuis
831 1617 918 1680 Polo·

115 1712 182 1769 niae
202 1713 300 1787 regni,
321 1728 434 1791 proque
453 1713 500 1783 iis,
520 1714 569 1788 qtti
589 1711 678 1792 hujus
700 1714 818 1773 triennii
838 1712 918 1774 bello

115 1806 144 1863 in
165 1801 320 1865 hloscoria
333 1806 423 1882 capti,
443 1806 539 1865 minus
550 1801 733 1866 difficultatis
743 1804 848 1868 alierre
868 1827 917 1867 ne·

114 1899 200 1973 goeio
222 1902 356 1975 possent.
379 1895 439 1974 Qui
452 1917 523 1957 vero
544 1896 747 1961 erhloscouia
759 1896 916 1959 educeren-

113 1996 170 2059 tur,
190 1988 218 2049 hi
239 1989 285 2049 vol
302 1988 499 2061 0lnmuciurn,
519 1989 566 2051 uel
581 1989 710 2071 Prngam
723 1994 917 2064 mitterentur,

112 2079 151 2143 ad
172 2080 330 2145 Pontificio
349 2082 524 2154 Scatinauia,
545 2082 702 2161 inquibus
722 2085 845 2163 exejus
865 2084 916 2145 lin·

112 2195 191 2251 guae
210 2174 353 2237 nihilitate
373 2196 439 2236 cum
451 2174 625 2250 Rutlaenica,
637 2175 764 2249 facilius,
775 2185 915 2254 quaritunr

111 2270 188 2328 satis
208 2276 289 2329 esset
311 2264 464 2331 doctrinae
485 2268 643 2331 haurirent.
666 2267 756 2348 Quod
776 2272 803 2333 si
823 2268 915 2341 lieret,

114 2357 320 2422 dernaudnnda
356 2360 505 2423 rideretur
530 2365 649 2423 omnino
668 2363 756 2425 alicui
776 2360 851 2437 fido,
878 2385 915 2426 ac

114 2449 249 2530 prudenti
270 2457 406 2532 operario
425 2474 504 2527 enirn,
522 2454 639 2526 utillos,
652 2462 828 2535 ceterosque
839 2456 914 2540 Sep·

112 2545 305 2607 tentrionules
331 2547 469 2619 sueciae,
497 2546 634 2620 Gothiae,
655 2569 692 2611 ae
712 2551 739 2610 si
761 2552 911 2628 quisunt,

112 2638 171 2712 alii,
183 2636 327 2700 interdum
346 2642 495 2714 inviseret,
516 2658 628 2720 perque
659 2662 712 2703 eos
739 2651 770 2704 et
789 2642 912 2717 litteras,

110 2740 143 2794 et
161 2731 253 2794 libros
274 2747 510 2808 quaquaversum
530 2732 569 2797 ad
593 2755 666 2797 suos
685 2738 760 2796 mitti
782 2745 914 2807 curaret3

107 2827 171 2905 jan
190 2846 261 2885 uero
280 2828 356 2885 satis
376 2829 546 2898 instructos,
566 2824 606 2889 ad
626 2824 745 2889 diversa
764 2827 830 2891 loca
850 2837 912 2891 tan·

111 2934 199 2994 quam
210 2920 240 2977 in
255 2919 360 2977 virteas
371 2920 531 2991 emitteret3
552 2919 628 2980 ulios
641 2940 712 2981 vero
728 2941 828 2983 eorum
845 2921 912 2983 loco

110 3008 315 3082 substitueret,
335 3030 371 3071 ex
391 3017 454 3071 toto
474 3011 532 3073 boc
552 3011 783 3091 septentrionis,
803 3014 911 3077 et0ri·

111 3102 201 3165 entali
222 3109 327 3163 tractu.
342 3100 463 3179 Quibus
473 3104 542 3165 item
564 3105 701 3168 omnibus
720 3110 747 3168 is
767 3111 834 3188 ipse
847 3125 912 3188 pro·

109 3204 236 3267 ctuaret,
254 3192 355 3272 quoad
374 3196 442 3275 ejus
462 3194 523 3257 lieri
543 3206 649 3277 posset
677 3207 710 3260 ut
727 3200 912 3274 loci,victus·

109 3306 169 3367 qne
188 3290 263 3349 ratio
282 3306 299 3347 a
320 3285 511 3367 Principibus
537 3312 574 3351 ae
599 3290 743 3371 Regibus,
763 3302 853 3371 atque
873 3294 912 3355 ab

108 3382 272 3460 Episcopis
292 3400 350 3440 uon
371 3378 502 3443 deesset.
516 3383 658 3461 Alioquin
679 3384 912 3467 treniacileope·

108 3477 179 3535 rarii
196 3495 245 3535 ‘cx
271 3472 447 3534 seminariis
476 3473 758 3553 suppeditabuntur,
789 3496 911 3557 quonum

108 3566 258 3629 Praefecti
279 3568 355 3627 satis
376 3565 488 3629 habent
512 3564 592 3643 quod
614 3576 719 3645 agant,
745 3574 911 3653 sisegutus

109 3659 261 3721 obseruari
283 3656 321 3718 ab
343 3659 396 3727 iis,
425 3679 462 3720 ac
486 3659 594 3720 litteris
619 3676 739 3737 operam
766 3661 829 3724 dari
850 3676 910 3728 stu·

108 3750 215 3813 deant:
235 3772 292 3810 nec
313 3752 433 3829 ipsimet
452 3751 582 3825 Alunuri,
603 3752 711 3830 quihus
731 3774 789 3814 non
810 3761 911 3819 statim

107 3843 187 3904 solet
211 3840 300 3903 ardor
329 3843 591 3905 convertendarum
621 3850 782 3908 animarum
812 3853 912 3925 exciri,

108 3939 146 3998 iis
168 3936 354 4015 potissimum
374 3932 541 4015 disciplinis
560 3938 717 4011 vacabunt,
748 3956 825 4020 quas
845 3959 910 4022 pro·

107 4033 207 4107 posito
228 4028 295 4088 hiric
315 4045 410 4108 scopo
429 4037 500 4090 sunt
520 4035 720 4095 necessariae.

183 4120 309 4191 luteres,
320 4120 400 4198 qrmd
420 4122 461 4183 V.
474 4122 510 4184 B.
523 4128 641 4185 nomine
651 4142 806 4204 coeperam
820 4150 910 4209 agere

107 4231 173 4271 cum
195 4210 395 4275 serenissima
419 4214 604 4278 Venetorum
624 4218 790 4299 Republica
810 4226 909 4285 acrius

108 4302 269 4383 rtrqendnur
292 4315 337 4368 est
360 4305 457 4379 modo,
477 4318 508 4368 ut
520 4330 616 4381 arnum,
635 4313 817 4392 nitamurque.
837 4338 909 4378 rner-

106 4406 245 4469 cntorcm,
267 4403 398 4477 priuatos
418 4400 489 4462 lieet
508 4402 651 4477 homines,
672 4404 727 4466 sed
749 4406 859 4485 probos
879 4414 908 4471 in

106 4490 288 4553 Massurium
309 4496 433 4565 mittant,
453 4497 502 4571 qui
522 4494 649 4557 oblatas
660 4503 848 4561 occasionem
863 4504 909 4583 ju·

106 4587 211 4655 veritat,
233 4601 290 4661 qna
303 4584 449 4647 Catholici
461 4586 646 4652 Sacerdotes
660 4594 689 4651 iu
710 4592 766 4655 hac
787 4598 908 4673 regione

106 4673 198 4755 figant
225 4676 342 4755 pedem.
375 4677 463 4756 Qtrod
491 4700 556 4739 cum
583 4681 822 4761 prudentissimis
848 4689 907 4752 illis

103 4772 184 4842 viris,
210 4769 249 4831 nd
277 4771 415 4833 Divinam
441 4773 564 4850 gloriani
591 4777 711 4839 uberius
741 4795 907 4854 promeren-

106 4857 181 4932 dam,
201 4867 299 4944 anagni
321 4869 458 4925 momenti
481 4864 606 4927 sutanum
620 4872 668 4939 sit,
687 4880 768 4930 certe
788 4892 845 4931 uec
865 4876 907 4933 in-

106 4954 175 5014 utile
194 4954 353 5033 aliqnando
374 4956 459 5029 loret,
481 4963 507 5020 si
519 4961 737 5040 r'clstrperstite
757 4962 906 5026 hocl'rin·

103 5049 180 5124 cipe,
199 5049 246 5107 rel
266 5050 359 5109 altero
380 5055 508 5124 mitiore,
530 5061 580 5112 aut
602 5051 729 5116 sortasse
751 5056 908 5119 Catholico

102 5138 293 5211 succedente,
321 5141 351 5203 id
377 5142 416 5204 de
442 5162 501 5222 quo
527 5149 638 5223 agitur,
666 5148 742 5209 inter
761 5149 907 5229 quosdam

101 5230 401 5313 Christianoslleges
422 5240 659 5302 constitueretur.
682 5240 768 5305 llauc
783 5243 822 5305 ob
842 5266 908 5308 cau·

978 1172 1044 1212 cum
1064 1154 1091 1213 si
1111 1160 1234 1224 tanatum,
1253 1160 1287 1212 ut
1306 1150 1378 1229 quid
1397 1151 1446 1213 hic
1466 1154 1605 1212 nrercinm
1626 1150 1779 1225 habeatur,

976 1248 1111 1308 venirent
1136 1248 1308 1328 inspecturi,
1333 1254 1364 1305 et
1389 1244 1500 1322 aliquid
1524 1248 1589 1305 sive
1614 1246 1644 1304 hr
1675 1243 1780 1324 pelles,

976 1359 1032 1401 seu
1052 1343 1081 1401 in
1103 1360 1209 1411 ceram,
1230 1338 1296 1411 mel,
1318 1341 1407 1410 corin,
1435 1337 1542 1399 etalio
1563 1336 1711 1418 ejusmodi
1729 1356 1778 1400 es·

977 1432 1154 1515 penderent,
1182 1451 1238 1491 trec
1264 1434 1324 1512 ipsi
1345 1433 1493 1511 jacturam
1519 1429 1608 1490 taliam
1636 1428 1778 1505 isoererrt,

977 1547 1033 1588 nec
1053 1529 1079 1587 si
1099 1533 1239 1586 terrestre
1258 1526 1315 1585 iter
1333 1544 1387 1605 per
1407 1523 1561 1587 Polonian
1581 1525 1780 1597 instituerent,

977 1617 1008 1680 id
1028 1618 1148 1680 mulium
1169 1620 1313 1699 pcermiae
1332 1614 1513 1678 exhauriret:
1534 1634 1601 1677 cum
1621 1619 1711 1679 etiarn
1730 1638 1778 1681 sc·

976 1715 1073 1794 ceptis
1099 1709 1282 1774 al’oloniae
1301 1709 1386 1788 Rege
1410 1708 1532 1773 litterist
1559 1724 1635 1785 quas
1654 1712 1697 1788 (si
1720 1730 1779 1789 pax

976 1809 1052 1868 inter
1070 1808 1146 1866 istos
1171 1802 1331 1884 Principes
1351 1799 1462 1874 coibit)
1492 1798 1613 1863 dillicilo
1637 1824 1696 1865 non
1721 1808 1778 1869 erit

975 1901 1107 1976 assequi,
1127 1899 1176 1957 rix
1200 1892 1361 1973 quidquam
1387 1892 1518 1975 periculi,
1541 1894 1778 1973 incommodiqne

975 1990 1102 2053 futurum
1123 1994 1164 2051 sit
1183 2010 1220 2050 ex
1238 1991 1295 2049 via.
1318 1988 1398 2065 (pitin
1418 2007 1497 2059 vero,
1518 1990 1545 2048 si
1565 1990 1623 2069 ipsi
1639 1993 1778 2067 meum,

975 2083 1083 2145 etalio
1103 2082 1161 2154 illa,
1192 2099 1269 2160 qrme
1287 2080 1422 2142 vestibus
1442 2077 1583 2141 uniendis
1604 2102 1640 2143 ex
1652 2082 1778 2146 Oriente

973 2177 1042 2239 illuc
1060 2174 1253 2247 advehuntur,
1275 2184 1326 2235 aut
1351 2174 1412 2233 illio
1434 2181 1584 2253 paramur,
1603 2177 1634 2235 iu
1657 2176 1775 2239 bloseu·

973 2268 1206 2341 viamaderrent,
1226 2286 1286 2327 uuo
1306 2286 1393 2326 curru
1414 2266 1535 2326 nrultum
1556 2286 1609 2347 per
1620 2265 1778 2335 Polonian

973 2366 1121 2424 mercium.
1141 2362 1208 2421 sitne
1228 2358 1370 2439 pravilrns
1390 2359 1451 2419 illis
1470 2359 1677 2438 vectigalibus,
1697 2378 1776 2440 quae

972 2454 1108 2519 initalia
1138 2451 1315 2535 penduntur,
1341 2454 1371 2512 in
1397 2450 1582 2513 hloscoviam
1606 2456 1774 2520 rectissim

971 2551 1018 2610 tia
1039 2556 1145 2630 posset
1164 2548 1324 2628 importari.
1338 2541 1427 2621 Quod
1448 2546 1475 2605 si
1495 2543 1623 2620 oblatae,
1643 2546 1713 2610 buis
1730 2555 1775 2613 rei

970 2641 1173 2723 Respublicae
1199 2638 1249 2701 illa
1275 2638 1352 2700 alias
1380 2636 1419 2696 ob
1449 2658 1560 2699 causas
1587 2649 1775 2706 umctaretur

970 2754 1087 2795 maurim
1107 2730 1282 2802 adtnorere,
1303 2737 1365 2789 tunt
1384 2729 1516 2790 tortasse
1535 2730 1675 2812 expedire
1694 2741 1774 2814 engi.

970 2836 1047 2889 taret
1067 2825 1106 2886 V.
1130 2825 1166 2887 B.
1195 2832 1228 2883 nt
1252 2837 1446 2900 quaecuuque
1466 2824 1496 2881 in
1516 2821 1574 2882 hac
1592 2842 1658 2885 mea
1678 2828 1776 2907 penis.

970 2925 1069 2982 ctione
1095 2928 1163 2981 acta
1188 2925 1260 2977 sunt
1285 2934 1350 2975 cum
1372 2912 1428 2973 hoe
1455 2913 1610 2995 Principe,
1637 2916 1774 2993 Venetis,
1828 2934 1832 2941 ·

969 3023 1109 3091 tauquam
1128 3009 1198 3072 liliis
1218 3018 1340 3092 peteme
1359 3027 1396 3069 ac
1416 3005 1557 3078 fidenter,
1581 3011 1648 3071 sire
1673 3032 1774 3076 eornm

971 3107 1091 3168 Oratori
1119 3105 1419 3164 comrnnniearentur:
1452 3110 1484 3161 ut
1504 3120 1540 3162 ea
1560 3104 1674 3165 ratione
1702 3106 1773 3180 iam,

971 3217 1030 3279 quo
1048 3194 1204 3259 reserenda
1214 3204 1285 3259 sum
1297 3203 1356 3255 tam
1369 3196 1496 3272 insignis
1508 3192 1704 3276 Reipublicae
1712 3207 1774 3263 stur·

971 3292 1029 3365 dia,
1061 3300 1145 3352 tanto
1175 3310 1231 3351 suo
1263 3308 1330 3349 eum
1363 3286 1442 3347 bono
1478 3286 1568 3348 altius
1596 3294 1772 3371 perciperet,

970 3394 1142 3469 perceptum
1180 3379 1333 3443 mandaret
1382 3383 1558 3441 cremationi.
1617 3383 1666 3444 Ac
1711 3390 1772 3463 qni.

970 3479 1038 3541 dem
1066 3497 1123 3556 ogo
1150 3478 1261 3556 optime
1286 3481 1430 3553 acceptus
1460 3471 1499 3534 ab
1525 3472 1575 3535 illa
1605 3472 1773 3558 llepublica

969 3595 1028 3636 non
1041 3565 1295 3637 diffidebamus,
1316 3567 1387 3642 quin
1408 3564 1529 3627 rediens
1537 3565 1579 3626 illi
1590 3575 1683 3631 totam
1694 3569 1771 3636 bane

970 3688 1041 3737 rcnr,
1061 3673 1150 3740 atque
1171 3658 1247 3721 adeo
1268 3654 1380 3735 aliquid
1400 3655 1479 3717 aliud
1499 3656 1630 3719 fortasse
1650 3680 1771 3741 persua.

970 3757 1080 3819 dorem.
1123 3752 1235 3813 Verum
1261 3750 1431 3811 amenius
1456 3746 1495 3809 ad
1515 3747 1655 3811 llloscuut
1674 3772 1769 3817 rerer.

969 3847 1064 3921 tendi,
1092 3846 1209 3921 aliaque
1236 3838 1360 3920 agendi,
1386 3857 1463 3918 quae
1483 3839 1620 3903 inchoata
1639 3853 1720 3918 strant,
1740 3846 1771 3909 id

971 3964 1029 4003 ιιιιιι
1049 3940 1192 4023 perinisit,
1213 3932 1294 4013 quod
1308 3952 1366 3993 ιιοιι
1383 3936 1424 3995 iia
1440 3940 1510 4013 prust
1522 3934 1631 3997 multos
1649 3958 1772 4003 menses

969 4037 1011 4113 (si
1024 4034 1152 4096 Divinae
1163 4029 1303 4111 placimrn
1321 4024 1576 4101 lueritrolnutati)
1595 4049 1632 4089 ac
1652 4030 1770 4108 quidem

970 4130 1126 4191 maturiore
1147 4142 1213 4183 cum
1234 4121 1393 4181 occasinue
1413 4138 1467 4199 per
1482 4138 1536 4179 cos
1556 4119 1632 4183 ellici
1653 4129 1771 4207 poterit,

968 4242 1045 4305 quos
1063 4223 1128 4287 ista
1142 4223 1248 4278 sancta
1268 4210 1368 4275 Sedes
1388 4213 1519 4292 aptiores
1539 4213 1568 4273 in
1582 4212 1708 4281 llomino
1723 4222 1772 4301 ju·

967 4314 1088 4379 dicabit.

1044 4408 1091 4469 Ac
1111 4413 1209 4466 tamen
1230 4398 1345 4457 interim
1366 4394 1492 4457 obsecro
1513 4397 1549 4461 ll.
1564 4397 1604 4459 V.
1624 4410 1659 4462 ut
1678 4400 1768 4487 dispi-

967 4506 1036 4573 ciat,
1055 4519 1125 4563 ιιιιιιι
1145 4493 1235 4571 aliqui
1246 4488 1351 4562 Roma,
1370 4488 1526 4552 aliundene
1545 4490 1670 4564 cordati,
1689 4506 1720 4557 et
1728 4502 1769 4577 pii

968 4600 1151 4658 mercatores
1170 4587 1239 4649 buin
1258 4585 1365 4655 itineri,
1385 4602 1451 4643 cnm
1470 4580 1589 4644 duobus
1600 4584 1769 4649 Sacerdoti·

966 4689 1025 4751 bus
1045 4703 1132 4764 quam
1149 4682 1272 4764 primum
1287 4684 1412 4757 possent
1431 4676 1564 4754 accingit
1588 4676 1768 4757 quandoqui·

967 4781 1034 4843 dem
1055 4776 1199 4853 ahlagno
1209 4770 1385 4837 Moscoiiae
1396 4766 1483 4828 liuce
1496 4776 1635 4849 {retentes
1655 4770 1770 4836 litteras

966 4875 1077 4937 alteras
1097 4866 1232 4935 obtinui,
1260 4865 1289 4922 in
1323 4858 1432 4937 quibus
1462 4861 1637 4940 ingratiam
1668 4861 1708 4925 V.
1730 4864 1767 4931 B.

967 4962 1120 5033 concedit,
1149 4968 1181 5021 ut
1210 4967 1403 5034 quoscunque
1422 4955 1489 5033 ipsa
1509 4956 1635 5017 miserit.
1665 4956 1769 5020 iltuto

967 5063 1076 5130 uenire,
1098 5076 1134 5117 ac
1154 5048 1325 5113 conatorari
1346 5048 1375 5104 in
1394 5041 1550 5108 hloscoria
1569 5049 1697 5131 possint.

1043 5150 1192 5229 Quoniam
1208 5161 1277 5203 rero
1290 5154 1416 5216 aequus
1428 5158 1497 5200 csse
1516 5137 1640 5212 uidebar,
1660 5150 1693 5202 ut
1703 5162 1770 5206 cum

967 5246 1094 5311 bloscus
1113 5240 1153 5300 V.
1167 5236 1202 5299 ll.
1215 5235 1329 5297 litteras
1348 5234 1426 5295 istas
1445 5237 1639 5305 concesserit,
1658 5234 1770 5300 aberas
