3742 5626
610 214 912 271 llobouuontcon
933 216 1183 274 llUl'llb'NlCUll
1698 220 1729 273 ll

60 363 164 434 llisoe,
185 365 315 442 iuquam,
332 363 520 442 ,temporibus
547 384 603 422 non
626 368 786 423 vescuntur
806 383 868 423 car·
891 358 897 420 ¹,
925 385 1065 426 cessores
1084 387 1158 424 suns
1177 372 1293 426 statuas
1313 374 1469 427 veneratos
1495 367 1605 436 fnisse,
1635 387 1730 446 seque

60 457 148 515 uibus
170 475 226 514 nec
247 455 361 532 butyro,
388 453 444 513 sed
463 446 574 514 tadtum
600 455 745 535 piscibus,
771 459 866 524 aceto,
925 455 1003 515 idern
1027 457 1157 517 lecturos
1183 476 1264 516 esse.
1310 457 1454 520 bliracnla
1479 459 1575 519 indies
1595 461 1729 539 conspici

58 548 137 617 allio,
158 546 308 607 radicibus
328 551 358 604 et
380 547 469 605 rebus
488 547 646 607 similibus.
923 546 1079 616 addidere,
1112 548 1220 625 qnilms
1245 544 1408 609 statuarum
1433 551 1542 610 cultum
1566 550 1727 628 legitimum

137 637 341 697 sacramentis
370 642 488 696 utuntur
520 636 676 717 Baptismo
705 643 736 695 et
763 634 867 696 Coena
923 659 995 697 esse
1021 640 1213 718 comprobare
1243 646 1382 718 possent,
1415 642 1600 702 annectendo
1630 643 1728 714 simut,

60 728 172 788 domini
192 734 281 806 atque
300 727 356 786 sub
377 732 500 805 utraque
520 730 622 807 specie
639 724 865 798 communicant,
924 731 1068 789 neminem
1093 730 1209 807 lugere,
1237 729 1392 809 Principes
1411 731 1502 812 lrnjns
1521 735 1633 793 sacculi
1654 754 1728 795 suos

58 819 148 898 idque
169 821 236 879 vino
257 818 342 877 rubro
356 838 421 897 vnnn
440 817 499 878 alio
519 826 608 898 potus
628 838 746 897 gernere.
922 819 1032 880 babere
1068 821 1285 889 Cancellarios,
1323 822 1500 893 Senatores,
1533 824 1728 895 Secretarios,

136 906 278 986 Singulis
286 908 394 969 diebm
413 910 525 989 templa
545 916 657 990 petunt,
678 916 709 969 et
728 911 864 988 quumvis
920 931 996 989 quos
1021 913 1105 992 prius
1131 911 1288 972 consulant
1318 912 1428 972 subditi
1452 934 1540 991 quam
1571 918 1609 975 iis
1638 938 1728 998 appa·

58 1002 144 1061 valve
166 1004 288 1063 clausae
311 1001 386 1069 sint,
413 1006 482 1061 antc
508 1008 658 1062 certamen
678 1020 750 1061 seso
772 1002 863 1059 cruci·
920 1010 1016 1071 rearrt,
1048 1009 1080 1063 ct
1104 1010 1216 1082 quanto
1241 1003 1272 1062 lri
1298 1004 1360 1064 sint
1377 1006 1499 1087 majoris
1518 1006 1598 1085 apud
1616 1007 1726 1069 Princi-

58 1094 117 1152 tms
136 1093 262 1168 signant,
282 1091 410 1168 ingenua
430 1095 634 1171 procumbunt,
655 1096 863 1173 etcopitater·
919 1116 976 1173 pos
1004 1094 1246 1164 existimationis,
1285 1101 1367 1155 tanto
1404 1098 1493 1155 citius
1513 1098 1552 1156 ab
1572 1097 1631 1157 illis
1649 1099 1728 1176 quic·

58 1202 120 1244 ram
140 1198 245 1242 versus
265 1182 446 1242 destectuut.
919 1206 1009 1263 quanr
1027 1187 1182 1265 impetrare
1193 1207 1297 1267 posse.

134 1275 163 1333 A
177 1275 356 1353 juramentis
379 1279 410 1333 et
423 1275 660 1334 execrationibus
675 1276 793 1347 absunt,
814 1295 864 1334 uo·
996 1277 1045 1337 Ad
1075 1298 1152 1355 quae
1183 1278 1322 1359 respondi
1354 1279 1440 1338 aliter
1470 1298 1506 1337 se
1531 1297 1592 1336 rem
1619 1277 1729 1338 bebere

55 1367 135 1425 rninn
161 1364 219 1424 l)ei
246 1365 441 1446 adjutandum
469 1365 516 1426 uel
543 1365 651 1425 diaboli
677 1366 716 1427 ad
744 1367 864 1427 maledi·
920 1388 987 1428 cunr
1014 1369 1197 1428 coelestibus
1219 1371 1310 1430 rebus
1330 1390 1417 1450 qnam
1438 1369 1642 1440 terrestribus,
1673 1390 1743 1431 uos·

54 1456 183 1515 candum
198 1462 394 1516 nounteutes:
413 1457 468 1517 sed
482 1478 535 1537 per
546 1447 677 1527 matrem,
690 1478 803 1528 canem,
816 1479 862 1519 ca·
921 1465 1024 1519 tenero
1042 1460 1212 1520 mundatum
1237 1482 1428 1540 expressum,
1457 1467 1488 1520 ut
1514 1481 1604 1520 nnnrn
1629 1461 1728 1523 llouru

54 1548 153 1608 niculu
165 1548 265 1618 silium,
275 1549 468 1628 spuriumque
477 1547 810 1629 jurantetnmletlieunt,
823 1550 863 1608 dl·
922 1552 951 1610 ln
974 1552 1116 1619 trinitate,
1142 1557 1173 1609 et
1197 1552 1354 1611 trinitatem
1376 1555 1403 1612 in
1426 1556 1536 1612 nrntato
1556 1574 1729 1615 veneretur

52 1639 512 1711 meniminus-tabaco,
525 1641 861 1719 Supiruin,l’lediruin.
923 1662 980 1701 uon
1001 1647 1140 1712 sanctos,
1180 1644 1249 1700 itern
1282 1644 1391 1702 nrdlunr
1423 1645 1625 1704 irreditntorcm
1656 1667 1728 1706 esse

132 1730 316 1791 Sacerdotes
335 1731 446 1795 hubent
467 1730 618 1802 indoctos,
645 1738 783 1798 tenentes
802 1739 864 1792 tan·
921 1736 997 1792 inter
1017 1732 1113 1791 lleunr
1140 1740 1171 1792 et
1191 1732 1337 1793 hominem
1358 1735 1415 1792 nisi
1439 1735 1542 1794 desum
1567 1735 1727 1799 Christum

54 1830 117 1885 bris
137 1825 268 1900 lingnam
288 1823 501 1892 llutlreuicnm,
530 1825 624 1900 (docti
651 1824 729 1882 onim
752 1823 804 1882 viri
823 1824 864 1883 lbi
923 1826 995 1885 lteru
1022 1844 1074 1902 per
1101 1825 1189 1883 tilium
1217 1845 1272 1883 nos
1299 1826 1409 1885 lrabcro
1434 1845 1588 1885 accessura
1616 1827 1654 1887 ad
1680 1848 1728 1905 pu·

55 1914 128 1975 uulli
149 1915 350 1995 reperiuntur)
377 1913 427 1993 qui
453 1933 558 1974 omues
578 1916 692 1975 uxorati
714 1923 784 1975 sunt
803 1915 865 1989 (ce
921 1922 995 1976 tren
1016 1936 1074 1975 uon
1096 1937 1148 1995 per
1167 1915 1303 1986 Petrum,
1330 1917 1469 1986 Paulum,
1501 1915 1656 1977 Nicolaum
1682 1919 1729 1978 vel

55 2007 123 2066 lobs
144 2026 272 2084 numque
294 2026 351 2065 non
371 2004 535 2065 admittitns
556 2005 595 2065 ud
615 2005 744 2064 officium
761 2004 866 2066 Ecclc·
922 2009 1010 2068 alium
1045 1996 1190 2084 uobisque
1222 2028 1240 2067 u
1273 2008 1340 2067 lleo
1373 2029 1445 2068 esse
1476 2008 1659 2081 interdictum
1691 2029 1729 2068 ne

54 2098 227 2173 siustienni)
250 2104 281 2157 ct
301 2097 379 2176 quod
400 2098 497 2181 magis
517 2096 720 2157 cuonrandum
740 2097 865 2165 videtur,
922 2101 1071 2177 sculptilis
1090 2099 1263 2169 adoremus,
1289 2105 1319 2158 ct
1339 2101 1373 2177 in·
1390 2101 1480 2176 prino
1501 2107 1658 2178 praecepto
1682 2122 1729 2162 re·

55 2210 123 2250 cum
143 2210 236 2250 uxore
259 2190 382 2249 orbatus
402 2189 470 2267 quis
503 2207 603 2246 eorum
633 2188 735 2258 fuerit,
767 2189 866 2248 statim
923 2193 1005 2251 titam
1018 2211 1091 2250 esse
1101 2190 1261 2249 alienorum
1275 2191 1404 2251 Deorum
1419 2192 1624 2263 ini'octioucn,
1638 2214 1730 2272 quare

53 2284 94 2343 ab
114 2281 212 2341 ollicio
239 2286 420 2349 removetur,
453 2300 509 2339 neo
534 2280 706 2371 conceditur
732 2281 788 2360 ipsi
817 2301 866 2339 nu·
893 2304 896 2403 p
923 2282 1104 2342 idolatricusr
1124 2281 1234 2341 cultura
1254 2281 1425 2358 fugiendum
1446 2303 1519 2342 esse
1537 2284 1666 2364 ajebaru.

55 2376 136 2455 ptius
155 2372 306 2432 secundas
326 2392 430 2450 egere,
460 2373 517 2430 nisi
544 2373 632 2430 vitam
652 2372 795 2451 privatam
815 2370 866 2429 dn·
893 2410 896 2425 .
999 2374 1043 2433 llli
1064 2373 1220 2432 audientes
1240 2392 1286 2432 nro
1302 2373 1730 2452 sitentiumillisinrposuissc,

54 2468 141 2526 serit.
164 2464 339 2524 Vestiuntur
361 2465 401 2522 illi
422 2484 510 2546 more·
528 2462 660 2531 Gracco,
687 2463 791 2538 longas
817 2480 866 2540 ge
893 2452 896 2473 ¹
921 2484 983 2543 que
1003 2466 1099 2525 minus
1121 2466 1277 2543 quiequam
1302 2463 1485 2541 respondero
1505 2471 1643 2542 possent,
1669 2467 1729 2527 vul·

54 2560 138 2617 stent
163 2556 262 2615 crines
289 2560 320 2614 et
345 2555 454 2614 burbas
485 2575 541 2613 non
573 2574 674 2615 rasas:
707 2553 866 2632 Nunquam
922 2558 1004 2616 tibus
1023 2557 1173 2616 iracundis
1193 2558 1222 2614 in
1245 2555 1302 2614 bac
1323 2557 1413 2616 verba
1434 2562 1641 2634 proruperunt:

55 2648 270 2708 concionantur
290 2646 345 2706 sed
367 2646 498 2724 (quotidie
517 2645 681 2728 Enarrgelia
701 2652 867 2713 recensent,
1001 2646 1181 2724 Plerumque
1209 2646 1277 2705 illos
1303 2649 1471 2706 carceribus
1500 2649 1663 2724 castigatos
1687 2649 1730 2708 su·

55 2739 282 2816 cantilenasque
295 2760 352 2797 sno
366 2758 456 2806 nmre,
476 2755 595 2796 sueres:
616 2740 773 2798 sabbatum
788 2738 866 2796 diem
893 2782 895 2797 .
923 2740 986 2798 isse
1018 2758 1055 2797 nc
1089 2744 1182 2796 morto
1207 2738 1340 2812 punitos,
1376 2739 1425 2815 qui
1452 2739 1666 2798 contumeliose
1690 2738 1728 2797 do

55 2849 114 2890 non
135 2836 328 2899 uenerantur,
353 2829 408 2887 sed
435 2830 531 2889 sacris
551 2831 697 2908 peractis,
710 2906 713 2912 .
727 2829 807 2906 qnod
829 2831 866 2887 ci·
923 2831 1035 2888 illorum
1056 2829 1164 2887 statuis
1178 2829 1313 2905 quicqum
1328 2827 1417 2886 locuti
1432 2828 1578 2888 hactenus
1592 2828 1730 2897 luissent,

25 2922 172 3002 ,tissime
199 2922 245 2989 tit,
275 2926 457 2980 mercaturas
483 2926 625 2979 exercent
650 2927 738 2998 atqne
765 2920 867 2981 lnlmri·
922 2921 1060 2980 dicentes
1091 2924 1171 2977 certo
1199 2921 1308 2978 certius
1334 2938 1407 2978 esse
1433 2919 1597 2979 Lutborurs
1619 2919 1730 3007 ponde·-

10 3041 18 3048 ·
60 3016 121 3074 bus
141 3012 331 3071 imcnrnbnnt.
921 3019 1068 3080 matun,
1093 3012 1221 3090 ejusque
1241 3010 1403 3079 imitatores
1422 3031 1543 3081 onnes,
1572 3008 1641 3071 illos
1659 3031 1729 3071 vero

132 3103 258 3182 'l'empla
285 3103 399 3161 illorum
427 3107 497 3160 snut
523 3109 626 3162 orrrutn
653 3102 753 3161 multis
780 3102 867 3162 idolis
923 3104 1071 3172 salvatos,
1097 3102 1146 3179 qui
1169 3107 1291 3161 sanctos
1311 3102 1449 3162 invocaro
1466 3122 1525 3161 non
1547 3103 1730 3162 erubuerint:

54 3218 93 3259 uc
110 3184 316 3275 sculptilibus,
339 3214 415 3272 «pirae
436 3213 503 3252 oum
525 3195 733 3273 inspiciuntur,
767 3195 866 3252 stetim
923 3201 1024 3255 extare
1045 3213 1163 3273 qnoque
1182 3192 1320 3268 exe-pls
1339 3195 1368 3251 iu
1389 3193 1512 3263 llussiu,
1532 3195 1610 3252 sicut
1628 3198 1660 3252 et
1679 3192 1731 3252 bo·

54 3289 228 3356 aduruntur,
255 3285 364 3345 liabent
384 3287 473 3344 etiam
495 3287 523 3344 in
544 3285 697 3354 domibus,
718 3285 867 3364 sculptilia
892 3270 895 3305 ¹
923 3287 972 3347 die
998 3283 1204 3362 Neugardiaez
1234 3284 1284 3343 ubi
1310 3287 1444 3345 visuntur
1474 3285 1517 3359 (si
1545 3284 1644 3344 verbis
1668 3283 1732 3344 illo·

55 3380 261 3458 uuusquisquo
281 3398 352 3447 suu,
383 3377 491 3455 quibus
517 3376 657 3437 bormreru
684 3397 741 3435 rmn
769 3377 866 3454 vulgo·
891 3394 894 3431 1
923 3399 985 3439 ruru
1006 3376 1128 3436 credere
1148 3375 1195 3434 lus
1214 3375 1279 3449 est)
1298 3377 1456 3436 etiannum
1478 3381 1654 3436 monueru-
1668 3395 1729 3436 cor·

55 3493 117 3533 rem
138 3469 293 3537 exhibent,
320 3470 358 3527 de
378 3469 455 3527 collo
476 3469 577 3528 itidem
597 3488 714 3528 crncem
735 3468 866 3547 penden-
891 3444 894 3537 l
922 3490 1008 3548 pora,
1040 3467 1149 3528 abbinc
1174 3466 1273 3526 uultis
1298 3468 1385 3527 anuis
1417 3468 1550 3545 sepulta,
1581 3466 1662 3529 nullu
1687 3475 1729 3529 tu·

54 3573 131 3632 tem,
156 3581 243 3640 quam
264 3561 329 3619 suis
350 3561 453 3619 ritibus
475 3566 663 3620 reiterantur.
890 3560 894 3683 Ξ
924 3583 990 3620 nen
1015 3560 1214 3619 contaminata
1234 3559 1387 3634 putredine
1406 3578 1465 3637 quo
1485 3578 1588 3619 rursus
1614 3579 1650 3618 se
1669 3578 1731 3619 erc·

133 3651 678 3718 Silentioobrnendunrlricnonerit,
700 3649 865 3727 quodcum
890 3690 895 3751 Ι
923 3655 1017 3712 serint
1035 3652 1149 3728 cupite,
1182 3650 1274 3719 collo,
1306 3656 1424 3728 pectore
1448 3650 1557 3709 braciis
1582 3669 1618 3708 ae
1641 3649 1730 3708 neni·

56 3749 171 3807 illonnn
198 3743 406 3804 sacerdotibus
432 3763 469 3802 nc
488 3741 647 3822 anoribus
667 3740 706 3798 ‹le
726 3739 866 3816 religione
891 3754 894 3807 1
922 3745 981 3802 bus
1001 3748 1032 3800 ut
1051 3742 1090 3801 ab
1109 3741 1248 3799 omnibns
1269 3741 1400 3819 conspici
1421 3746 1540 3817 queant,
1560 3738 1639 3798 unde
1660 3739 1730 3798 lael·

57 3848 89 3901 ct
108 3837 284 3898 ceremoniis
306 3855 522 3914 saepenumero
541 3835 599 3892 sim
619 3836 752 3899 loeutus,
778 3833 867 3909 signi·
923 3835 992 3893 lirun
1017 3830 1152 3891 concludi
1180 3836 1283 3907 posset
1314 3831 1382 3890 illos
1411 3829 1555 3903 borsines¹
1577 3830 1731 3889 montissi-

57 3931 264 4006 ticmerirnque
295 3933 417 3986 sarrems
448 3926 527 3984 nullo
565 3923 651 3984 inmo
687 3924 868 3982 invocandos
923 3945 988 3984 nos
1006 3924 1114 3990 luisse,
1130 3927 1223 3999 aqua
1242 3923 1390 3980 consortio
1410 3926 1578 3980 sanctorum
1592 3938 1726 3979 sununs

56 4025 146 4089 esse,
179 4016 331 4097 probando
362 4015 436 4076 illud
465 4014 563 4077 sucru'
576 4016 740 4095 scripturae
765 3994 895 4091 literis,l
924 4021 1014 4076 rstos.
1055 4013 1121 4091 Ego
1141 4011 1232 4092 hujus
1250 4010 1329 4070 nodi
1349 4011 1475 4070 audieus
1495 4012 1583 4070 tinen
1599 4010 1749 4088 disputa--

58 4111 203 4173 adferens
236 4108 265 4165 in
291 4104 421 4166 medium
446 4094 754 4187 uliquu'testiruonis‚
787 4100 895 4221 ulmi-¹
923 4107 995 4167 tiooi
1025 4104 1166 4181 inposui,
1201 4102 1359 4181 cniuoqno
1391 4102 1586 4163 considerans
1617 4102 1731 4163 illem·

59 4222 124 4265 rum
143 4200 190 4258 uu.
210 4202 299 4276 eaput
318 4196 414 4257 Euod.
435 4198 464 4259 5.
486 4196 631 4259 nursia
680 4195 747 4257 Non
772 4195 895 4257 lactes·
925 4196 1169 4257 coniectiones
1199 4192 1323 4253 ulterius
1349 4196 1526 4255 uerrtionen
1552 4193 1732 4273 sculptilium

39 4296 114 4358 ¹tibi
142 4288 307 4368 sculptilia,
338 4308 396 4347 uou
420 4288 590 4349 incurvabis
612 4294 644 4347 tc
664 4304 762 4348 oerum
781 4287 868 4367 ipsls,
892 4262 896 4319 Ι
922 4287 1033 4349 nullan
1054 4284 1129 4355 leci,
1152 4283 1244 4363 digito
1263 4283 1402 4345 labellum
1424 4287 1604 4364 compescui.

60 4405 158 4464 neque
179 4379 417 4457 bonoremipsis
438 4379 611 4450 exhibebis,
632 4382 702 4439 item
722 4379 770 4437 ll.
793 4378 868 4440 Eua·
892 4326 896 4449 l
1002 4375 1250 4455 Quandoquidem
1278 4378 1341 4457 jum
1370 4396 1422 4455 per
1445 4398 1578 4438 neuneu
1607 4383 1638 4436 ot
1663 4377 1730 4437 diss

59 4482 108 4540 iae
130 4477 179 4555 qni
199 4471 307 4533 acerbe
327 4468 404 4529 ridet
422 4469 490 4530 illos
510 4473 558 4549 qui
580 4478 696 4532 statuas
717 4470 870 4540 latiricnnt,
892 4470 896 4561 ζ
925 4473 953 4533 n.
974 4490 1011 4531 eo
1028 4471 1057 4530 iu
1079 4469 1143 4529 loco
1164 4468 1248 4529 iuviti
1265 4474 1537 4547 expectaremus,
1558 4471 1577 4528 1
1598 4467 1648 4527 dio
1673 4468 1733 4526 Au·

59 4574 133 4630 item
159 4562 280 4626 Burucb
304 4561 325 4619 o
350 4557 502 4625 l'sulmum
530 4561 594 4620 115.
645 4565 719 4622 ltem
743 4560 896 4637 Paulum!
926 4563 1022 4642 gusti,
1041 4561 1108 4623 sole
1134 4559 1262 4620 nondun
1287 4566 1388 4620 exorto
1414 4561 1536 4620 interl.
1556 4557 1634 4618 etl.
1656 4556 1732 4615 Prae

61 4661 102 4723 ad
122 4654 254 4718 Corinth.
296 4652 403 4726 Fugite
423 4649 517 4709 idota:
536 4651 584 4711 luis
604 4672 652 4712 rue
671 4654 730 4713 illis
749 4674 871 4733 persuu-
894 4656 897 4717 t
924 4652 1025 4714 stublii
1046 4652 1137 4713 nostri
1156 4653 1311 4713 venientes
1333 4652 1439 4711 dromus
1456 4669 1540 4709 nese
1552 4647 1658 4705 ostium
1671 4645 1734 4729 pnl-

63 4771 166 4813 surum
191 4745 400 4811 exisstimans,
435 4747 469 4801 ut
493 4740 580 4800 iidem
604 4743 675 4802 mibi
701 4746 872 4821 tribuerent,
896 4804 898 4817 ,
926 4747 1037 4809 sabuut
1046 4745 1164 4823 sibique
1173 4744 1278 4820 operiri
1293 4744 1433 4821 petebant
1443 4738 1523 4820 quod
1538 4737 1735 4797 nonsatis-i·

63 4843 120 4903 sod
147 4844 269 4901 luterem
289 4835 363 4903 lovi,
394 4839 425 4891 ct
450 4833 586 4910 quumvis
607 4834 686 4893 nullo
705 4836 873 4895 nitebantur
896 4856 900 4907 ς
929 4837 986 4897 rari
1009 4836 1105 4912 potui,
1130 4852 1195 4891 curu
1222 4838 1312 4892 unus
1332 4853 1378 4890 ne
1398 4841 1456 4891 tarn
1480 4849 1565 4888 unire
1587 4846 1732 4905 nunquan

65 4932 271 4995 t‘rmdamento,
292 4923 441 5000 nullisque
461 4923 643 4998 argumentis
665 4925 748 4997 (narn
770 4924 874 5002 frigido
897 4920 903 5051 ι
930 4927 1115 4991 invisissent,
1135 4926 1199 4980 erat
1211 4941 1336 4998 nanque
1348 4922 1446 4981 aillrnc
1459 4940 1566 4998 corpus
1582 4919 1672 4998 quieti
1685 4918 1735 4979 du·

66 5044 144 5085 sune
165 5020 203 5078 dc
223 5017 314 5099 liujus
338 5015 418 5074 nrodi
439 5014 529 5073 rebus
548 5013 650 5075 arduis
669 5014 878 5091 loquebantur)
932 5022 993 5075 tun
1013 5015 1131 5090 subque
1149 5011 1277 5087 tegmine
1298 5012 1437 5070 vestiunt
1463 5032 1528 5071 eun
1548 5012 1656 5072 ostium
1676 5010 1737 5071 illu

68 5113 145 5176 nibil
172 5116 270 5172 tamen
308 5106 387 5169 uliard
423 5105 654 5185 responderunt,
690 5124 779 5183 quum
810 5110 880 5165 suto
938 5105 1112 5185 aperitetur,
1138 5101 1235 5162 stuti-
1255 5120 1327 5161 sese
1345 5100 1424 5161 lecto
1449 5123 1517 5164 neo
1540 5103 1736 5185 applicuisset,
