3742 5626
673 220 972 279 ironnnnnntcon
991 228 1789 296 utinamutinam

123 392 186 435 eram
208 379 316 456 quibus
337 382 459 440 alternis
481 380 595 438 viriinrs
580 397 723 482 coquis
708 376 863 445 miscet,
891 378 965 441 ιιι
988 383 1045 435 test
1068 382 1273 459 impedientes,
1294 393 1382 465 atque
1403 388 1613 469 eleemosynas
1632 390 1722 449 dare·
1719 411 1788 470 ··pre

121 474 218 527 tamen
251 478 280 528 nt
309 471 337 531 ir
331 474 452 532 nn
437 474 551 551 ‹ptrnr
545 491 591 529 un
613 472 659 545 ips
652 469 707 526 'ius
729 488 847 527 risorem
868 468 928 528 Ru·
987 467 1139 529 bibentes:
1174 496 1200 532 n
1193 497 1240 535 un
1272 495 1338 537 curn
1366 479 1486 542 'l'arbati
1519 482 1578 542 illis
1604 482 1723 544 deleres
1748 484 1788 542 20

122 560 219 621 tbeuir
205 584 267 619 ιιιιιι
306 565 451 624 (lominum
485 568 647 640 agnoscant
684 568 927 642 venerenturque.
987 562 1169 623 mitteremus
1196 569 1367 628 miserorum
1399 572 1526 633 elamore
1552 577 1685 646 excitati,
1727 595 1784 634 nen

123 653 174 712 llic
206 676 272 714 eum
302 658 420 716 aliarum
450 656 664 716 consuetudine
693 653 746 711 i'rui
769 654 928 721 desiderat,
985 674 1164 714 correessnrn
1186 662 1290 718 estiis
1311 662 1434 722 eosdem
1454 666 1605 745 accipere,
1631 668 1685 728 sed
1714 669 1785 728 loris

122 747 159 805 nd
177 749 264 808 'iiiam
291 770 377 828 qnam
399 751 512 829 deperit
533 752 677 831 cujusque
697 768 825 806 aurorem
847 747 925 824 iiagi·
984 749 1065 806 eaesi
1087 749 1115 818 ii,
1136 750 1185 826 qui
1206 751 1315 810 adituro
1337 764 1559 816 concesserunt

123 847 178 905 tat,
209 842 345 901 ιιιιιιιιιιιιιι
372 843 451 903 aliud
481 866 512 902 ιι
533 845 648 919 sigrano
670 841 769 907 mittit,
801 860 858 918 qno
879 859 924 899 ac·
1060 840 1115 899 liic
1135 863 1255 920 quoque
1276 846 1304 903 in
1326 853 1456 906 mentem
1482 849 1584 910 incidit
1609 871 1784 912 commemo·

122 940 221 1009 e‚epto
250 954 320 993 sese
346 936 384 996 ad
404 937 527 1017 quaevis
549 933 723 1019 exequenda
743 931 869 992 alacrem
889 952 925 991 ac
954 910 958 1035 l
982 951 1046 991 rare
1072 936 1188 1012 legatos
1215 934 1401 998 Ruthenteos
1428 940 1616 1001 nobiseum
1609 964 1638 1001 m
1660 942 1784 1005 Dani„-

120 1030 281 1103 promptam
307 1029 452 1098 ostendit,
485 1030 644 1105 uxorisque
671 1025 768 1084 cilicio
788 1023 958 1101 ιιιιιιζίιιιι,Ι
982 1025 1019 1083 ab
1040 1017 1088 1083 levr
1069 1033 1155 1103 gatos
1178 1027 1297 1090 Turbati
1326 1052 1381 1090 nec
1402 1031 1439 1091 ad
1467 1033 1630 1092 convivium
1658 1054 1713 1094 nes
1736 1056 1784 1097 aa·

120 1117 233 1177 donner
263 1120 333 1179 ιιι
326 1122 413 1183 aliam
438 1121 591 1181 armandam
618 1120 744 1177 animum
768 1117 925 1187 induxerit,
980 1118 1039 1175 mel
1060 1120 1212 1192 invitasse,
1234 1143 1288 1182 nec
1310 1125 1459 1183 minimum
1485 1124 1607 1185 misisse
1632 1124 1713 1185 unde
1737 1147 1784 1186 oc·

119 1213 244 1290 sinuque
265 1212 353 1272 simili
374 1213 412 1272 ad
435 1234 469 1273 se
490 1212 695 1273 accensiverit.
953 1214 956 1271 l
982 1211 1131 1271 casioncm
1153 1216 1257 1274 nacti'
1251 1237 1279 1274 ιιι
1302 1216 1415 1276 illorum
1442 1215 1654 1297 praejudicium
1682 1237 1784 1279 neces

195 1303 252 1364 Ubi
277 1307 384 1364 mentio
404 1306 558 1365 sitisdani
572 1304 750 1365 Jrronorcit:
771 1302 922 1379 iegatinu·
981 1304 1068 1362 seriis
1089 1308 1224 1384 pecuniis
1244 1309 1353 1367 nostris
1376 1310 1554 1389 comparatis
1575 1329 1629 1369 ees
1655 1310 1784 1370 invitavi·

118 1417 168 1472 per
199 1397 236 1456 ad
264 1399 470 1475 imperatorem
492 1398 692 1456 Romanorum
719 1395 819 1459 missi
851 1393 924 1452 baec
984 1414 1050 1452 mus
1081 1400 1112 1453 ct
1135 1402 1329 1478 promptiores
1363 1401 1402 1461 ad
1429 1400 1574 1462 beneficia
1608 1401 1783 1484 accipienda

118 1500 188 1548 sunt
216 1490 490 1559 asiniani-,ertone
524 1492 620 1567 ipsum
650 1488 796 1548 bominem
830 1482 956 1545 inisse
953 1510 956 1579 q
981 1507 1067 1563 quam
1090 1488 1240 1552 reddenda
1259 1495 1457 1571 cognovimns,
1479 1515 1544 1555 cum
1564 1495 1604 1556 ad
1617 1516 1673 1556 nes
1684 1496 1783 1556 venire

117 1581 267 1642 sordidum
289 1585 504 1663 ingratumque,
535 1583 584 1661 qui
607 1581 678 1640 nibil
699 1579 923 1639 benevolentiae
982 1599 1038 1636 non
1060 1585 1269 1654 recusaverint,
1290 1586 1346 1645 sed
1365 1588 1464 1664 petius
1484 1608 1556 1647 sese
1575 1589 1782 1668 paratissimos

118 1676 219 1745 nobis,
240 1676 309 1736 dum
330 1675 450 1736 'l'arbati
471 1696 522 1754 per
543 1694 672 1734 mensem
696 1673 819 1742 inimus,
842 1693 921 1748 prae·
980 1673 1172 1743 ostenderint,
1193 1696 1249 1735 neu
1272 1678 1425 1747 obstante,
1452 1679 1531 1757 quod
1557 1701 1611 1740 nec
1637 1687 1706 1741 ante
1725 1701 1782 1741 nec

116 1768 238 1833 stiterit,
265 1770 323 1827 iuro
345 1770 390 1828 vix
410 1790 465 1828 nos
484 1788 647 1847 agnoscere
669 1766 800 1833 voluerii,
821 1784 921 1846 quarn·
979 1770 1047 1844 post
1067 1767 1126 1825 ullo
1147 1766 1258 1828 bonore
1280 1791 1335 1830 nos
1355 1771 1464 1847 dignati
1485 1772 1554 1830 sint.

117 1862 161 1919 vis
182 1862 304 1938 saepius
324 1864 512 1939 promiserat,
533 1882 569 1921 sc
589 1862 616 1919 ei
638 1858 813 1928 liberalitati,
834 1876 920 1938 quam
1055 1858 1139 1918 Haec
1160 1861 1285 1921 breviter
1304 1865 1364 1922 sint
1384 1868 1505 1922 exarata
1524 1862 1621 1932 deiis,
1643 1882 1780 1941 quaean-

116 1952 244 2014 Hainiae
265 1960 404 2033 expertus
424 1955 533 2023 iuerat,
554 1952 672 2013 abunde
692 1950 921 2011 satisfacturum.
979 1951 1125 2012 nectenda
1144 1963 1257 2025 essent,
1279 1977 1355 2016 nuuc
1375 1956 1413 2016 ad
1426 1956 1655 2035 descriptionem
1670 1974 1781 2035 regres

117 2046 150 2105 Si
171 2048 401 2127 quaeris,qnac
423 2067 488 2107 nam
509 2046 662 2115 caluerit,
684 2043 920 2123 srgnriicarenon
978 2065 1032 2103 sus
1058 2045 1086 2101 in
1112 2044 1254 2115 Daniam,
1282 2047 1360 2107 uude
1380 2049 1506 2125 digressi
1535 2068 1654 2117 sumus,
1679 2046 1779 2109 redea-

116 2140 335 2209 erubescimus,
370 2161 427 2198 non
460 2146 557 2199 tamen
588 2139 617 2196 in
651 2137 731 2197 illurn
758 2136 860 2206 linem,
890 2143 1053 2204 ut,mus,
1074 2142 1189 2197 etcum
1212 2138 1262 2197 iila
1283 2140 1330 2199 via
1350 2142 1581 2210 sitsatisncta,
1601 2140 1780 2202 sulliciatci

115 2240 231 2312 praeter
251 2232 389 2292 decemm
410 2231 448 2292 ad
469 2237 599 2291 nostram
620 2230 736 2290 laudem
758 2249 794 2287 ea
814 2227 1108 2299 tolerantiarum,
1127 2232 1252 2299 areium,
1271 2231 1463 2311 villarumque
1485 2234 1617 2303 nemina,
1642 2233 1683 2294 ad
1703 2252 1779 2315 qne·

116 2346 196 2394 mus,
223 2325 279 2384 sed
300 2327 399 2406 potins
419 2331 449 2383 ut
470 2324 564 2401 palam
586 2324 636 2382 liat
655 2321 735 2381 illius
754 2320 887 2380 beluae
880 2341 920 2380 ιιι-
948 2320 1165 2391 divertimus,
1192 2344 1351 2403 carumque
1371 2324 1528 2386 distantias
1553 2344 1780 2387 commemorare

115 2416 260 2495 gratitudo
292 2417 473 2494 distortaque
501 2422 611 2476 natura.
664 2414 730 2474 Rex
751 2419 852 2474 noster
871 2435 920 2473 au·
948 2432 1054 2501 *qnae
1073 2417 1170 2475 emnia
1189 2416 1234 2474 sic
1254 2424 1324 2476 sunt
1343 2418 1543 2498 percipienda.

115 2531 166 2571 rea
190 2509 351 2570 eatircna
343 2528 439 2587 ipsum
466 2510 593 2577 ornavit,
625 2508 760 2588 quamvis
779 2506 817 2567 ad
836 2526 921 2567 suam
948 2470 951 2549 l
1053 2509 1100 2569 20.
1127 2506 1283 2567 Novembr.
1317 2509 1418 2569 relicte
1453 2511 1644 2589 Arnsburgo,
1681 2510 1778 2571 ville·

115 2601 234 2685 lllajest.
265 2602 375 2660 missus
395 2623 452 2661 non
474 2606 551 2669 erat,
580 2599 635 2661 sed
656 2600 731 2660 iorte
751 2600 868 2660 fortuna
883 2620 919 2658 eo
978 2599 1088 2669 Saline,
1109 2599 1178 2658 irinc
1197 2601 1349 2660 dmiiiaria
1369 2604 1496 2679 ingressi
1517 2601 1637 2663 indien
1651 2622 1777 2682 sequen·

116 2701 251 2761 venerat,
281 2700 313 2753 ut
338 2696 428 2772 regiis
450 2696 574 2754 navibus
594 2699 657 2753 tute
677 2696 708 2753 in
728 2695 849 2772 patriam
869 2690 920 2750 dn·
947 2740 951 2809 Ι
976 2698 1035 2749 tem
1057 2693 1095 2749 ibi
1116 2695 1418 2763 commutassemus,
1439 2694 1518 2753 unde
1538 2695 1575 2754 ad
1598 2696 1707 2754 curiam
1734 2712 1778 2753 rc·

116 2794 246 2856 ceretur,
277 2793 382 2864 postea
413 2788 528 2847 eisdem
553 2788 648 2864 ipsum
669 2785 844 2844 Pernoviam
864 2784 920 2843 sal·
976 2783 1052 2858 giam
1078 2783 1206 2843 Torricb
1226 2784 1318 2843 altere
1338 2783 1386 2842 die
1408 2785 1542 2845 venimus
1563 2785 1657 2844 iocum
1678 2786 1717 2844 ab
1736 2784 1778 2845 si-

114 2899 181 2937 vum
213 2878 340 2949 remisit,
371 2878 446 2937 alias
471 2884 588 2955 propter
614 2879 775 2936 Succorum
802 2875 920 2936 classes
976 2880 1039 2933 tero
1074 2875 1230 2936 distantem
1268 2877 1363 2935 tribus
1399 2876 1530 2936 miliariis
1567 2876 1635 2942 binc
1668 2878 1776 2937 curiam

114 2970 246 3048 proprias
275 2969 367 3028 sedes
387 2971 434 3028 vix
456 2971 627 3029 revisisset:
656 2966 748 3038 Quod
767 2967 805 3029 ad
826 2988 919 3028 meam
977 2966 1128 3039 Sauram,
1148 2966 1250 3027 sedern
1271 2967 1425 3049 cujusdam
1452 2968 1561 3030 nubilis
1582 2967 1701 3046 Georgii
1728 2968 1778 3029 Va-

114 3082 271 3141 personam
293 3063 412 3121 attinet:
446 3061 511 3141 Ego
534 3064 591 3143 ipsi
611 3060 764 3139 gratificati
783 3060 919 3131 studens,
975 3062 1040 3139 tinp
1061 3061 1215 3121 iuvisinns
1236 3062 1274 3120 ab
1293 3061 1386 3121 altera
1405 3060 1516 3122 miliare
1543 3068 1698 3122 remotum
1730 3058 1779 3121 iric

113 3154 261 3233 quotidie,
281 3154 420 3235 quamdiu
442 3153 569 3214 Halalae
590 3154 730 3232 degebat,
751 3154 859 3223 vinum,
879 3153 918 3230 pi·
975 3158 1078 3234 pertus
1098 3159 1146 3214 est
1166 3151 1319 3223 Osalicus‚
1345 3156 1390 3213 cui
1411 3153 1494 3214 alluit
1520 3174 1591 3235 pars
1617 3156 1707 3216 uaris
1726 3152 1777 3215 Ri-

112 3267 199 3316 sces,
220 3249 352 3325 lepores,
373 3246 491 3315 damas,
511 3246 628 3327 aliaque
640 3248 813 3307 necessaria
821 3246 917 3315 missi,
974 3246 1078 3323 gensis
1104 3246 1214 3307 lundus
1239 3246 1405 3327 appellata,
1431 3246 1570 3307 derivans
1598 3247 1734 3309 Osaliau
1759 3268 1778 3308 a

111 3339 149 3399 ad
170 3340 336 3399 convivium
354 3339 489 3408 invitavi,
510 3338 679 3400 bernerillcc
696 3340 810 3419 excepi,
829 3344 918 3420 atque
975 3338 1150 3409 Curiandia,
1176 3359 1265 3418 quam
1290 3360 1307 3399 e
1334 3341 1454 3416 regione
1480 3339 1569 3400 babet
1594 3341 1776 3421 oppositam:

112 3454 165 3513 pro
196 3432 323 3501 viribus,
357 3432 493 3502 tractavi,
524 3429 640 3491 donans
663 3432 718 3511 ipsi
739 3430 917 3493 bombardae
974 3431 1022 3490 bic
1041 3433 1166 3512 cymbas
1192 3432 1336 3512 quasdam
1364 3434 1539 3504 vilissimas,
1564 3432 1612 3498 nt.
1631 3430 1775 3493 Nove-b.

112 3524 229 3605 aliaque
256 3525 380 3594 similia,
412 3524 491 3605 quod
519 3522 595 3583 idem
618 3546 735 3606 quoquc
757 3524 917 3603 Gregorius
974 3522 1181 3594 ascendimus,
1216 3526 1313 3604 iisque
1345 3546 1450 3604 magne
1480 3545 1548 3587 cum
1579 3526 1711 3606 periente
1740 3545 1777 3585 ac

112 3624 141 3676 et
161 3616 313 3677 Arnoldus
340 3616 487 3685 iecerunt,
517 3622 598 3675 certo
619 3618 729 3677 certius
749 3619 917 3679 existiman·
973 3615 1146 3676 diiiicultate
1167 3616 1203 3677 lt
1224 3618 1346 3679 miliaria
1360 3618 1502 3679 ueritiam
1512 3618 1692 3698 trajecimus,
1712 3636 1776 3697 par·

111 3716 158 3769 tes
178 3712 274 3788 ipsum
295 3715 377 3787 grato
398 3711 496 3769 animo
516 3729 552 3769 ea
572 3715 759 3787 accepturum
779 3717 867 3792 atque
887 3712 917 3770 in
973 3710 1025 3768 tim
1045 3715 1164 3790 prepter
1184 3709 1300 3788 trigoris
1319 3709 1549 3778 vehementiam,
1570 3709 1649 3788 quod
1670 3707 1776 3767 iisdem

111 3802 226 3862 Russia
246 3824 276 3860 re
298 3808 583 3879 comprensatunrm,
604 3801 659 3860 seri
679 3803 774 3880 ipsum
795 3803 916 3862 multum
974 3802 1080 3862 diebus
1101 3799 1257 3872 inciderat,
1283 3808 1316 3861 ut
1342 3803 1435 3861 coacti
1461 3802 1558 3861 simus
1583 3820 1637 3881 per
1666 3798 1776 3861 miliare

111 3899 253 3954 mutatum
279 3896 317 3953 ab
338 3894 394 3952 boc
415 3897 454 3952 ibi
478 3894 572 3953 luisse
593 3896 737 3973 comperi,
768 3897 818 3974 qui
838 3901 915 3975 pest-
973 3915 1052 3956 mare
1074 3892 1146 3953 iilud
1166 3894 1352 3971 congelatum
1372 3895 1400 3952 vi
1418 3897 1561 3952 verteram
1572 3910 1776 3971 remorumque

112 3988 207 4063 posite
233 3987 311 4045 omni
332 3986 460 4046 candore
480 4007 514 4046 ac
535 3987 678 4063 neglectis
698 3988 834 4048 omnibus
854 4008 914 4066 pro·
974 4007 1031 4067 epe
1051 3991 1216 4066 penetrare,
1242 3986 1345 4065 partim
1366 3984 1454 4044 etiam
1480 3989 1600 4064 prepter
1623 3983 1776 4064 penuria·

112 4077 213 4136 missis
238 4098 310 4136 sese
330 4079 559 4156 ingratissimum
580 4077 915 4161 inhumanissimumque
972 4085 1092 4161 pertus,
1119 4078 1169 4157 qui
1189 4096 1208 4138 a
1229 4074 1409 4137 Curiandiae
1435 4082 1517 4153 parte
1543 4075 1643 4137 nulius
1668 4076 1775 4156 reperi·

111 4169 250 4228 ostendit.
971 4178 1027 4243 tur,
1047 4168 1103 4231 sed
1124 4188 1204 4230 mare
1221 4174 1354 4250 apertum
1375 4166 1608 4248 undiqueailuit,
1627 4169 1775 4231 mainis·

189 4261 264 4320 Curn
284 4262 362 4320 arcis
385 4261 555 4342 chrpelcn
582 4265 785 4333 meminimus,
812 4284 913 4346 super·
973 4284 1032 4345 que
1051 4262 1140 4322 nudis
1161 4268 1239 4322 terra
1260 4259 1424 4331 infestatur,
1444 4281 1482 4322 ce
1502 4260 1581 4342 quod
1606 4262 1706 4325 multis
1730 4281 1776 4323 rn-

110 4354 176 4415 sedi
210 4375 246 4414 ea
277 4372 520 4426 commemorare,
551 4376 628 4435 quae
661 4357 700 4416 ibi
733 4358 913 4427 visebantur,
970 4358 1060 4438 pibus
1086 4355 1124 4415 iis
1148 4357 1177 4415 in
1197 4355 1272 4414 iocis
1292 4374 1372 4415 mare
1391 4354 1537 4425 abundet,
1564 4362 1596 4416 ut
1623 4357 1682 4417 nisi
1703 4354 1775 4415 Cur·

111 4469 217 4528 nernpe
238 4466 452 4527 suspensorum
473 4448 619 4510 cadavera
640 4470 657 4510 a
678 4450 802 4511 canibus
824 4451 911 4532 inpa-
970 4450 1051 4512 laudi
1070 4467 1128 4528 epe
1148 4449 1264 4529 cymbis
1284 4447 1481 4509 adventantes
1493 4450 1600 4518 ierunt,
1622 4468 1708 4507 neme
1724 4464 1773 4505 na·

110 4543 212 4600 ribuiis
233 4539 385 4599 dilacerari
405 4558 441 4598 ac
461 4540 499 4600 ed
519 4561 591 4602 essa
610 4564 706 4622 usquc
724 4543 785 4605 rodi
797 4542 912 4605 adhaec
970 4546 1057 4605 vibus
1091 4542 1185 4605 salvis
1216 4548 1306 4621 etque
1337 4541 1451 4601 illaesis
1483 4540 1636 4621 appellere
1666 4546 1771 4597 terra·

109 4634 238 4713 undiquc
259 4635 288 4690 in
310 4633 357 4693 via
377 4639 545 4694 necatorum
567 4637 664 4715 capita
684 4637 712 4694 in
733 4639 849 4717 sepium
862 4660 909 4719 pa·
969 4639 1076 4719 possit,
1097 4655 1188 4714 quare
1208 4655 1324 4695 summa
1343 4656 1407 4696 cum
1435 4633 1643 4693 observatione
1669 4628 1774 4690 ocules

109 4727 146 4787 iis
168 4729 275 4808 posita,
302 4727 381 4785 sieut
403 4731 432 4784 et
452 4731 630 4786 morinorum
656 4748 779 4809 corpora
806 4733 834 4789 in
865 4733 912 4791 via
937 4740 941 4753 ⁴
968 4750 1088 4810 semper
1107 4730 1136 4787 in
1158 4728 1225 4788 vela
1245 4727 1375 4787 directus
1388 4726 1527 4795 babeant,
1546 4744 1644 4802 usque
1657 4723 1772 4785 obviam

109 4825 256 4899 prostrata
277 4818 499 4897 inhumataque.
969 4828 1038 4884 eant
1058 4820 1254 4898 subsidioque
1275 4820 1397 4879 veniunt
1416 4816 1487 4897 quid
1507 4816 1628 4877 multisi
1659 4817 1773 4879 Pericu-

185 4910 241 4972 Est
268 4918 297 4971 et
324 4911 382 4971 iroe
408 4913 506 4971 minus
537 4910 799 4983 dissimulandum,
831 4914 909 4992 queri
968 4916 1105 4974 iosierem
1126 4912 1340 4989 navigationem
1368 4912 1396 4969 in
1422 4910 1561 4971 omnibus
1587 4907 1703 4971 Oceani
1729 4910 1773 4971 lit-

109 5004 238 5065 iintireni
266 5005 342 5066 adeo
374 5004 571 5066 inhumaniter
596 5004 730 5085 captivos
756 5026 829 5065 suos
854 5012 909 5067 tra-
968 5008 1081 5067 teribus
1102 5006 1232 5065 existere
1252 5005 1299 5064 vix
1322 5000 1506 5063 crediderim.

108 5103 197 5161 cient.
219 5104 250 5157 nt
271 5119 328 5158 nen
349 5099 471 5160 credent
490 5098 551 5159 iilic
578 5099 733 5178 quicquam
760 5118 777 5160 a
803 5098 909 5178 legatis
1046 5098 1134 5159 ilune
1153 5098 1323 5178 trajectum,
1345 5096 1411 5156 lico
1431 5098 1628 5175 gerbernantc.
1649 5093 1774 5155 feliciter

108 5212 144 5251 ac
164 5192 325 5254 viatoribus
347 5212 481 5259 sumere,
513 5190 584 5255 iliud
605 5198 745 5272 quantum
771 5193 833 5255 lieri
859 5212 908 5272 po·
937 5210 941 5233 ·-
969 5191 1161 5272 perfeci-us.
1188 5193 1229 5253 ira
1256 5198 1352 5253 tamen
1378 5197 1410 5251 ut
1437 5192 1463 5251 si
1490 5191 1540 5253 iliu
1559 5198 1692 5270 tempore
1713 5209 1770 5251 non
