3742 5626
778 146 1052 207 consentius.
1713 158 1749 212 w

81 304 268 372 strinxerant,
287 309 459 383 nppareretr
498 320 589 382 snper
607 321 686 380 quas
703 300 810 371 simul,
836 301 886 361 utri

81 396 211 457 liliclrael
231 396 376 468 dextram,
394 417 453 477 qus
472 415 589 456 omnen
608 396 739 464 tenebat,
767 396 885 474 posuis·

81 496 138 561 set,
158 491 304 567 Princeps
331 509 468 569 surgens,
494 508 632 548 sermone
659 486 698 548 ad
724 486 885 548 Lithunne·

81 603 142 642 ran
165 582 309 643 Oratores
334 601 489 652 corrnerso,
517 582 607 658 longn
631 581 764 640 aratione
790 600 885 640 narra-

81 677 142 747 lrst,
161 697 199 736 se
217 674 337 755 quidem
357 673 509 752 pacemad
521 675 702 750 singularem
714 674 884 751 petitionem

80 788 118 829 ac
137 768 366 830 cohortatione·
385 774 533 829 tantorum
560 768 737 846 Principum,
762 786 883 845 quorun

81 863 198 939 legates
217 882 254 922 eo
273 862 391 921 nomine
412 859 451 919 ad
471 880 507 920 se
527 861 638 920 missos
655 859 800 930 riderent,
825 876 882 917 non

81 956 238 1034 refugisse,
258 956 285 1013 si
304 974 343 1014 ea
361 954 432 1014 ullis
451 953 509 1014 silri
529 953 694 1013 commodis
712 951 884 1011 conditioni·

81 1050 138 1107 lrus
157 1050 219 1108 lieri
238 1051 401 1125 potuisset:
429 1056 462 1106 et
488 1067 554 1106 cum
580 1064 684 1123 paeon
710 1050 884 1126 perpetuans

80 1143 153 1201 inire
172 1160 239 1201 curn
260 1159 331 1218 rege
349 1140 465 1200 illorum
494 1160 552 1198 non
583 1146 696 1216 posset,
720 1140 750 1197 in
782 1137 883 1197 horum

80 1238 201 1313 gratiam
222 1235 460 1314 quinquennales
479 1252 516 1291 se
535 1231 681 1301 inducias,
703 1233 804 1307 uigore
823 1229 884 1287 lito

80 1350 174 1389 rarum
195 1329 313 1402 (literas
333 1325 423 1401 digito
434 1324 657 1396 doruoustrans)
679 1324 788 1382 inisse:
809 1340 885 1399 quas

80 1421 208 1499 quiden,
228 1417 327 1498 quoad
348 1417 434 1477 Dens
451 1416 542 1486 valet,
562 1417 757 1484 servabimus,
782 1413 884 1490 inquit,

82 1519 271 1590 nostramque
286 1511 433 1592 justitiam
457 1509 539 1569 tratri
568 1515 669 1568 inostro
694 1503 884 1583 sigismundo

81 1607 142 1681 regi
164 1606 322 1664 iaciemusr
341 1609 489 1663 ettamen
510 1602 688 1671 conditione,
714 1608 748 1661 ut
770 1598 883 1658 similes

79 1719 133 1778 per
154 1699 249 1758 omnia
269 1697 380 1766 literas,
400 1695 565 1772 eodemque
585 1695 723 1773 exemplu
747 1693 883 1770 scriptas,

80 1811 130 1849 rex
152 1792 239 1849 nobis
259 1788 318 1859 det,
339 1810 453 1867 easque
473 1788 684 1864 praesentibus
704 1785 883 1846 Oratoribus

78 1885 190 1943 nostris
211 1882 370 1950 corrinnei,
385 1883 534 1961 justitiam
554 1900 642 1940 suurn
668 1880 756 1939 nobis
783 1876 902 1946 saciat,-

78 1994 116 2037 ae
140 1976 208 2036 illas
230 1974 270 2034 ad
296 1994 354 2033 nes
372 1973 493 2034 tundam
514 1994 567 2053 per
587 1972 733 2033 Oratores
763 1977 882 2031 nostros

77 2068 301 2131 transferendas
325 2073 416 2127 curet.
458 2068 576 2126 lnterlm
601 2066 691 2125 etiarn
715 2068 881 2144 juramento

79 2187 134 2228 vus
154 2160 355 2237 olrstringstis,
375 2180 412 2219 ea
431 2161 529 2220 omitia
550 2166 580 2218 et
592 2159 710 2236 singula
720 2177 820 2234 regem
833 2174 881 2215 re·

78 2262 169 2318 suam
190 2255 342 2323 l'aetursm,
362 2253 655 2330 observnturnrnque.
677 2252 881 2311 lieinerueeur

78 2350 216 2432 respicit,
238 2365 336 2423 seque
354 2351 400 2405 ter
419 2346 505 2422 signo
530 2347 643 2415 crucis,
669 2345 765 2424 capite
790 2343 881 2402 toties

78 2444 229 2510 inclinato,
250 2457 286 2498 uc
305 2458 392 2498 nanu
411 2437 451 2498 sd
469 2443 575 2499 terram
595 2438 658 2498 iere
677 2436 801 2497 diruisse
819 2456 882 2495 mu·

79 2539 137 2609 nit;
155 2534 338 2616 propiusque
359 2530 518 2601 accedens,
538 2532 631 2602 latria,
657 2549 694 2590 ec
719 2531 747 2590 si
773 2533 881 2598 oraret,

78 2648 212 2696 merens,
232 2646 269 2685 os
288 2622 430 2684 liatlreole
448 2629 579 2702 tegens,
598 2627 688 2703 inque
706 2629 811 2684 terram
833 2642 881 2681 ex·

77 2742 184 2804 paens,
205 2737 321 2778 crucem
340 2714 459 2777 tandem
479 2718 680 2789 deosculatus,
699 2716 795 2776 l'ronte
815 2736 880 2775 earn

77 2814 213 2897 primun,
223 2810 293 2870 dein
305 2814 429 2889 utroque
440 2810 528 2868 oculo
538 2812 666 2886 attingit3
678 2809 880 2877 retrocedens,

78 2925 184 2966 mrsus
203 2921 302 2971 cruce,
322 2902 579 2981 capiteinclinato,
598 2902 746 2962 semunit.
768 2901 882 2961 Postea

77 2998 257 3064 munerans,
268 2998 301 3053 nt
312 2992 498 3065 accederent,
517 2994 655 3073 idemque
668 2995 725 3074 ipsi
740 2995 881 3063 laemcnt,

77 3096 186 3152 monet.
227 3088 372 3146 Oratores
392 3093 548 3165 antequam
568 3086 601 3146 id
620 3087 761 3157 tacerent,
781 3088 881 3147 inscri-

77 3187 218 3266 ptionear,
236 3200 296 3258 qaa
314 3200 351 3239 se
369 3181 599 3250 obstrinxerant,
618 3180 754 3261 pluribus
763 3180 879 3259 quido·

78 3278 180 3338 verbis
199 3282 371 3352 congestam
392 3291 430 3332 ae
449 3274 657 3349 conpositam,
683 3273 756 3333 nillil
780 3278 879 3334 tamen

77 3376 130 3431 aut
149 3386 253 3449 parum
272 3365 429 3426 admodum
448 3364 526 3426 ultra
543 3367 741 3443 supradictam
761 3373 880 3427 senten·

76 3467 146 3524 tiam
166 3460 374 3529 continentem,
392 3456 547 3537 Bogusius
562 3460 690 3529 nomine,
710 3459 880 3530 llutlrcnus,

78 3556 236 3617 recitabat:
256 3554 343 3633 enjus
360 3551 450 3610 verba
469 3549 587 3628 singula
606 3551 722 3622 Petrus,
742 3552 801 3611 tide
819 3552 880 3611 lto·

75 3668 192 3718 rnanus,
211 3645 327 3723 collega
346 3643 516 3723 repetebet3
536 3641 642 3703 eadem
661 3645 748 3705 notris
773 3647 882 3724 pariter

76 3744 223 3821 interpres
243 3737 392 3816 Principis
410 3736 450 3795 ad
470 3736 592 3795 rerlrurn
612 3735 764 3797 reddelm
805 3737 881 3797 l'ost

76 3838 200 3897 recitata
219 3850 255 3892 ac
274 3832 466 3908 interpretata
484 3828 689 3908 inscriptione,
715 3830 824 3890 Petrus
843 3849 880 3891 ac

75 3928 230 4006 Bogusins
244 3921 345 3981 ordine
355 3921 449 3996 ipsam
459 3939 586 3991 crucem,
605 3927 722 3982 asnaa
733 3921 880 4000 Principe,

74 4014 298 4079 deosculantur.
338 4012 457 4082 tinibus
477 4013 578 4083 linitis,
598 4014 743 4093 Princeps
767 4015 880 4076 sedens

74 4116 107 4173 in
128 4109 203 4167 haee
223 4105 312 4164 verua
336 4103 527 4181 loquetetur:
559 4107 683 4167 iidistis
708 4128 765 4167 nos
798 4109 879 4169 tratri

76 4209 180 4265 nostru
202 4195 394 4273 Sigisnunde
413 4195 557 4260 Palouiae
576 4202 648 4279 regi,
663 4202 817 4281 justiciam
830 4222 879 4261 no·

75 4305 168 4357 stram
191 4292 230 4349 ab
249 4287 426 4364 singulare·
446 4292 618 4369 petitionem
629 4292 803 4363 Clementis,
824 4295 880 4355 Ca-

76 4389 132 4449 roli
153 4392 184 4445 et
204 4377 382 4442 Ferdiaandi
402 4379 733 4465 lecisse.1)icitoergo
753 4386 880 4449 ‹lo-inis

78 4480 197 4547 restris,
221 4481 254 4534 tu
273 4473 409 4534 loannes
427 4470 608 4535 i'rsaciseae
628 4478 738 4558 Papae,
764 4485 797 4539 tn
823 4479 879 4540 Co

77 4592 142 4633 nes
162 4564 321 4630 Leoaarde
343 4564 465 4632 Carolo,
485 4571 516 4623 et
535 4571 566 4624 tu
586 4568 779 4645 sigis-ando
809 4572 879 4632 Fer.

75 4662 222 4729 dinsnde‚
242 4678 300 4717 nos
319 4678 356 4716 ea
375 4656 488 4715 illorum
508 4678 621 4729 amre,
640 4669 671 4721 et
691 4664 880 4724 praemiati..

78 4778 136 4818 nas
160 4753 267 4814 mutuis
305 4749 393 4808 trellis
425 4746 564 4807 tundatur
588 4757 728 4830 suingeis,
759 4756 879 4819 fecisse,

78 4850 163 4911 llaec
183 4864 249 4905 can
269 4843 356 4920 longa
376 4841 525 4909 oratione,
545 4842 655 4903 additis
674 4849 828 4907 currsuetis
846 4848 880 4907 ti·

75 4942 164 5011 tulis,
188 4940 376 5018 perorasset:
404 4952 461 4993 nos
481 4933 522 4992 illi
542 4935 673 4995 ulcissi·
695 4939 734 4995 etr
753 4938 881 5015 singula·

76 5054 140 5096 rera
164 5035 234 5114 ejus
260 5044 330 5104 erga
355 5026 506 5107 principes
526 5037 646 5089 nostros
666 5030 882 5093 observantia·

76 5127 188 5205 gratias
206 5122 339 5199 egimus,
370 5137 488 5196 uosque
506 5120 641 5183 mndata
660 5122 742 5184 illins
760 5120 880 5199 diligen-

945 306 991 360 ter
1009 309 1189 363 executurus
1207 304 1405 384 pro-isimus.
1436 304 1514 364 Onia
1532 305 1611 365 duos
1631 328 1668 368 ex
1682 308 1749 368 suis

944 395 1111 473 praecipuis
1130 397 1310 457 consiliariis
1329 403 1361 457 et
1378 399 1563 481 secretariis,
1583 399 1622 458 ad
1642 420 1680 459 se
1698 420 1747 460 ro·

944 492 1006 555 cat,
1026 507 1141 565 eosque
1161 488 1276 567 legatos
1290 492 1354 570 jain
1373 490 1413 552 ad
1426 478 1566 553 Polonide
1586 510 1683 569 regem
1705 494 1746 552 in·

942 580 1080 648 stitutus,
1101 578 1258 641 Litbuanis
1277 583 1382 645 innuit.
1415 583 1569 644 Postremo
1589 586 1680 646 multa
1697 606 1745 665 po·

943 672 1010 731 cula
1030 692 1087 731 sue
1103 674 1196 753 jussu
1214 674 1320 744 ellnta,
1340 676 1442 747 uobis,
1462 676 1636 747 Lithuanis,
1657 684 1746 759 atquo

941 763 1017 824 adeo
1049 767 1187 825 omnibus
1216 771 1248 826 et
1271 768 1411 844 singulis,
1444 779 1503 829 tarn
1529 772 1639 830 nostris
1658 791 1745 849 quan

942 856 1153 918 Lithuarrorum
1184 859 1348 931 nobilibus,
1379 882 1468 923 rnarru
1492 883 1549 923 sue
1570 864 1746 941 porrigebat.

943 949 1121 1011 laitiruaaiae
1145 951 1275 1031 denique
1295 952 1439 1015 Oratores
1459 956 1628 1016 aoniaatirs
1646 957 1746 1037 appel·

942 1043 1023 1112 laris,
1042 1043 1177 1105 ‹licetrett
1199 1044 1287 1115 Onne
1307 1048 1524 1125 nuneegirsas,
1542 1053 1574 1107 et
1589 1049 1745 1127 quaeulio·

943 1136 993 1212 qui
1013 1155 1053 1195 cx
1072 1138 1249 1198 consiliariis
1271 1141 1382 1199 nostris
1401 1141 1608 1211 intellexistis,
1634 1161 1671 1201 ea
1690 1142 1745 1202 t'ra·

942 1229 978 1285 tri
1010 1235 1112 1287 rmstro
1138 1229 1330 1306 sigismunde
1355 1235 1416 1311 rogi
1442 1236 1608 1312 exponetis.
1660 1234 1745 1295 llaec

943 1339 1009 1379 curu
1031 1319 1175 1391 dixisset,
1206 1325 1314 1401 surgit,
1344 1332 1376 1386 et
1394 1346 1498 1387 rursus
1518 1328 1625 1406 inquit:
1645 1327 1745 1397 Patre,

943 1418 974 1471 et
997 1418 1027 1471 tu
1051 1411 1181 1489 Bogusi,
1215 1414 1295 1474 fratri
1322 1428 1424 1479 nostro
1445 1419 1637 1497 Sigismundo
1659 1420 1744 1481 Polu-

944 1506 1011 1564 nioe
1031 1508 1109 1583 rogi,
1130 1511 1288 1583 almagno
1308 1508 1386 1568 Daci
1407 1512 1600 1583 bithuaniue,
1619 1535 1675 1573 ros
1696 1534 1746 1574 ne·

941 1606 1004 1657 stro
1025 1600 1143 1659 rrirnrine
1164 1601 1274 1679 (caput
1293 1600 1406 1659 interim
1426 1623 1525 1679 paru·
1542 1609 1683 1679 mouens)
1704 1608 1745 1666 in·

942 1690 1105 1763 elinalritis3
1136 1712 1262 1770 mosque
1280 1691 1410 1761 sedens,
1430 1699 1584 1772 utrunque
1603 1699 1745 1758 accersit:

941 1783 1073 1842 dostram
1106 1783 1181 1855 illis,
1211 1790 1301 1862 atque
1326 1788 1415 1846 etiam
1439 1787 1570 1866 ipsorum
1598 1789 1745 1851 trabilibus

940 1876 1043 1935 ordine
1061 1879 1199 1955 porrigit,
1228 1876 1377 1956 dicitque,
1403 1879 1449 1938 ltu
1470 1899 1564 1953 uunc;
1588 1885 1679 1960 atque
1698 1885 1745 1944 sie

940 1968 1011 2029 illos
1031 1968 1193 2031 dimiserat.

1050 2223 1235 2321 lllllliltl
1274 2224 1319 2320 ΙΝ
1349 2224 1631 2327 llllStlliltlll.

1016 2439 1104 2499 Anno
1127 2440 1201 2497 1515
1221 2440 1520 2503 venerantViennam
1532 2444 1571 2504 ad
1582 2445 1742 2508 Caesare·

941 2528 1189 2603 Maximilianum,
1211 2531 1398 2603 vladislaus,
1418 2541 1449 2593 et
1469 2538 1536 2616 ejus
1556 2537 1742 2600 tiliusLudo·

939 2625 1039 2693 vicus,
1071 2624 1243 2701 llungariae
1267 2630 1297 2683 et
1316 2623 1495 2695 Belle-iae,
1524 2647 1561 2687 ac
1580 2628 1741 2704 Sigisrnun-

939 2715 997 2776 dus
1017 2716 1178 2787 poloniae,
1198 2716 1371 2794 regestum
1391 2720 1551 2779 contractis
1570 2739 1607 2779 ac
1626 2723 1742 2783 conclu·

939 2811 986 2869 sis
1007 2810 1198 2870 matrimoniis
1215 2810 1338 2869 liliorum
1357 2813 1389 2867 et
1409 2815 1562 2886 nepotum,
1592 2815 1742 2876 ceallm-

939 2909 1029 2981 tuque
1048 2909 1149 2963 mutua
1168 2903 1312 2973 amicitie,
1332 2902 1407 2962 inter
1426 2907 1544 2964 caetera
1556 2904 1671 2968 Cacsar
1682 2907 1741 2985 pol·

940 2994 1038 3054 licitus
1058 3002 1138 3067 erat,
1157 3016 1194 3055 se
1216 2994 1361 3056 Oratores
1382 3016 1457 3055 suos
1473 2996 1667 3059 sdBasiliusa
1678 3000 1741 3061 llio·

938 3108 1055 3148 scarum
1076 3089 1183 3149 dueem
1201 3089 1379 3158 missurum,
1396 3089 1446 3168 qui
1467 3090 1544 3149 inter
1555 3090 1673 3152 hurrcct
1685 3093 1741 3154 Po·

937 3182 1035 3240 leniae
1059 3202 1158 3258 regern
1184 3200 1287 3260 paceni
1307 3179 1447 3239 tacerent.
1495 3182 1544 3242 Ad
1565 3182 1644 3243 hene
1662 3185 1741 3265 lega-

937 3275 1046 3333 tioaem
1069 3275 1185 3335 Canem
1202 3272 1403 3333 destinauerat
1416 3272 1661 3352 Christeplronnn
1680 3281 1741 3360 epi·

937 3386 1062 3445 scopum
1080 3368 1305 3436 hbaeensem,
1326 3371 1357 3423 et
1375 3364 1496 3425 Petrum
1515 3367 1624 3429 Mraxi.
1676 3372 1740 3431 Sed

937 3458 1008 3519 dura
1028 3459 1201 3537 Episcopus
1218 3456 1404 3539 protraheret
1424 3460 1587 3536 negotium,
1616 3468 1649 3523 et
1667 3465 1741 3524 inte·

938 3552 989 3610 rim
1010 3554 1089 3627 regis
1109 3550 1293 3630 sigismundi
1311 3552 1492 3610 secretarius
1511 3551 1645 3614 loannes
1663 3556 1741 3615 lian-

938 3646 1047 3713 tiscnS,
1067 3645 1344 3723 postesepiscopns
1358 3644 1552 3713 lumniensis,
1573 3666 1672 3705 morae
1691 3649 1740 3707 im·

938 3738 1068 3816 patiens,
1096 3735 1312 3816 protectionem
1332 3735 1440 3795 smnio
1462 3741 1593 3812 urgeret,
1622 3737 1680 3796 irae
1702 3737 1741 3799 le-

937 3831 1065 3906 gationis
1089 3849 1199 3889 ruunus
1223 3827 1293 3886 mihi
1314 3846 1375 3885 non
1394 3828 1436 3885 ita
1453 3824 1565 3904 pridem
1587 3846 1623 3885 ex
1643 3827 1742 3891 Danla

939 3942 1074 3989 reverso,
1093 3920 1149 3980 t'ult
1168 3920 1345 4000 impositum.
1383 3914 1534 3976 Mendetis
1553 3918 1653 3999 itaque
1672 3941 1741 3982 con·

938 4016 1021 4073 tinuo
1039 4034 1058 4073 a
1078 4012 1211 4073 msere
1229 4011 1392 4086 liogannes
1408 4010 1546 4071 Alsntine
1565 4013 1674 4095 oppido
1694 4036 1742 4078 ue·

939 4107 1036 4186 ceptis
1055 4104 1228 4165 discedens.

1016 4197 1157 4278 'l'rajeeto
1175 4198 1299 4277 primum
1319 4193 1443 4267 Rheno,
1463 4217 1516 4279 per
1536 4197 1742 4264 ltnremioaum

939 4291 1123 4352 Badensiurn
1142 4289 1281 4350 ditionem
1301 4297 1332 4348 ot
1351 4288 1475 4370 oppida,
1503 4289 1629 4363 Restat,
1648 4294 1742 4355 Etlin·
1849 4348 1852 4353 .

939 4404 1011 4463 gon,
1043 4380 1219 4453 Plartaaclr,
1244 4382 1273 4441 in
1293 4380 1431 4443 ducatu·
1453 4380 1743 4463 Virtenlrcrgensem,

940 4479 1079 4538 Constat:
1100 4475 1238 4557 oppidum
1259 4474 1388 4554 denique
1407 4476 1520 4556 inperii
1537 4476 1683 4555 Eslingen
1703 4480 1743 4541 ad

938 4571 1103 4640 Neoarnrn,
1136 4587 1224 4647 quem
1250 4573 1281 4626 et
1299 4566 1420 4627 Nicrum
1447 4566 1611 4646 appellant,
1643 4573 1742 4641 situm,
1855 4582 1863 4596 ·

938 4664 1067 4743 indeque
1086 4660 1242 4741 Gopingca
1262 4669 1294 4720 et
1316 4659 1490 4734 Geistingcn
1509 4660 1585 4719 reni.

1016 4753 1121 4814 Ulmso
1139 4774 1210 4812 mex
1229 4752 1366 4811 Danubio
1386 4759 1541 4827 superato,
1573 4770 1625 4828 per
1645 4750 1743 4817 Gaas-

939 4849 1028 4922 burg,
1048 4864 1084 4904 ac
1103 4843 1242 4923 oppidum
1263 4845 1392 4919 Purgav,
1412 4860 1430 4899 n
1450 4840 1744 4918 quolliarelrionutns

939 4937 1105 5012 Burgnviae
1126 4954 1232 4993 nomeu
1253 4933 1359 5001 lualict,
1388 4932 1554 5008 Augustani
1575 4935 1743 5001 Vindelico.
1807 4930 1813 4941 '

940 5050 1003 5090 rum
1021 5026 1061 5087 ad
1081 5026 1194 5104 Lycum
1216 5024 1336 5084 tluriam
1355 5025 1490 5104 perrexit
1523 5028 1573 5087 utri
1594 5052 1640 5090 aaa
1660 5054 1743 5111 prae-

940 5119 1122 5182 stolabantur
1152 5116 1313 5193 Gregorius
1337 5116 1501 5196 Zugrevslri
1521 5118 1648 5185 Moseus
1674 5148 1743 5187 riun-

1504 5208 1521 5262 p
1531 5212 1543 5237 .
