3734 5610
221 864 729 990 Joumuls
808 862 1612 989 buvlibomvll
1743 864 1746 869 ’

137 1386 230 1525 llll
309 1382 901 1527 busuovl'ttbbtt
981 1382 1238 1525 llllbblS
1320 1390 1689 1533 abtultus

546 1639 927 1783 lllNlTllllllS
997 1640 1258 1787 (iustis

616 2416 1193 2517 COMMENTARIUS.

156 2684 256 2735 uauoo
275 2671 316 2736 de
337 2672 504 2737 Roesormn
524 2678 595 2756 (qua
613 2673 814 2758 appellatione
832 2694 885 2756 po·
945 2673 1033 2737 detur
1051 2672 1110 2735 boc
1130 2672 1353 2753 intelligendum
1377 2678 1478 2757 potius
1503 2674 1665 2737 demissis
1681 2678 1750 2749 iltis,

77 2766 139 2846 puli
155 2786 260 2828 ornnes
279 2771 379 2845 magni
397 2766 572 2829 llloscorum
597 2770 740 2849 principis
759 2770 883 2849 irnperio
943 2770 995 2848 qui
1015 2762 1106 2829 bodie
1119 2764 1299 2833 Poloaorum
1320 2772 1384 2847 regi
1404 2778 1509 2851 parerat
1528 2790 1565 2833 ac
1583 2779 1687 2831 nostro
1699 2774 1750 2831 inr-

77 2859 209 2939 subjectt
227 2860 364 2934 veniunt)
387 2863 462 2933 situ,
488 2859 616 2922 diversis
635 2862 820 2941 regionibns.
843 2868 883 2926 ci·
942 2861 1027 2941 perio
1051 2866 1123 2921 surrt
1142 2861 1310 2921 viciniores.
1350 2861 1511 2925 Habebam
1530 2864 1572 2925 illi
1592 2871 1653 2925 turn
1674 2866 1749 2944 prin-

77 2951 220 3013 vitatibue
241 2949 435 3032 surplitudiue
447 2956 558 3033 gentis,
575 2953 728 3034 religione,
748 2955 882 3019 moribus
943 2955 1040 3033 cipeur
1059 2952 1254 3033 peculiarem,
1290 2956 1340 3035 qui
1370 2958 1557 3036 maiestatem
1589 2954 1748 3037 Imperato-

78 3053 110 3105 et
129 3046 282 3117 institutis,
301 3044 434 3126 plerique
452 3048 509 3106 riri
528 3044 685 3109 clarissimi
703 3047 781 3109 eatis
791 3048 882 3111 multo
942 3047 985 3106 ris
1014 3044 1153 3121 Romani,
1181 3051 1336 3125 regnantis
1366 3046 1407 3111 ad
1438 3049 1534 3110 solem
1553 3048 1749 3123 occidentem,

79 3137 187 3199 litteris
206 3136 353 3199 bactcuue
372 3136 540 3220 prodidere,
559 3142 735 3220 praesertim
756 3141 880 3203 illustris
940 3147 1129 3218 agnosceret.
1150 3135 1302 3203 Petebant
1331 3137 1429 3201 eidem
1441 3138 1615 3223 Imperatori
1636 3152 1667 3203 et
1679 3144 1749 3207 Sar·

77 3228 127 3290 ille
135 3228 217 3293 Baro
227 3226 471 3311 lierberetejnuo,
482 3234 570 3313 cujus
578 3232 666 3295 unius
678 3236 881 3297 commentarii
941 3241 1049 3303 iustae,
1071 3252 1146 3313 quos
1167 3230 1257 3295 bodio
1276 3230 1411 3295 Polouoe
1441 3253 1601 3296 voconius:
1637 3232 1695 3297 sed
1718 3236 1749 3302 hi

78 3322 126 3383 rel
144 3320 303 3384 admodum
322 3324 790 3409 curiosissatislacerepossnntr
811 3346 880 3408 opo·
940 3326 1081 3407 paulatim
1114 3324 1154 3387 ob
1184 3334 1352 3387 nostrorum
1385 3329 1550 3409 principum
1570 3327 1749 3401 socordiam,

78 3434 130 3475 rac
148 3434 204 3476 noe
224 3418 349 3497 pretium
368 3417 502 3479 lecturos
519 3423 702 3499 putarimus,
725 3423 753 3482 si
772 3421 882 3503 quibus
941 3418 1120 3500 publicaque
1139 3416 1277 3491 discidia,
1296 3440 1420 3501 quorum
1438 3424 1591 3503 praecipui
1611 3430 1749 3483 auctores

78 3508 264 3587 potissimum
285 3507 373 3571 bellis
393 3509 500 3573 lamam
521 3514 649 3573 nominis
668 3513 795 3593 aliquam
812 3532 881 3575 con·
941 3520 1027 3573 eraut
1046 3509 1202 3591 porrtibccs
1221 3532 1279 3571 nou
1300 3514 1391 3585 sacri,
1409 3510 1467 3573 sed
1493 3512 1669 3575 exsecrandi
1690 3534 1749 3575 raon

77 3602 175 3660 secuti
200 3610 318 3675 essem,
345 3624 404 3665 una
424 3602 587 3685 cademque
612 3614 756 3687 perpetua
781 3626 880 3667 narra·
942 3608 1094 3665 arrostrio
1116 3602 1204 3665 nrodo
1224 3602 1414 3667 deiecerunt:
1452 3609 1668 3667 verumetiam
1697 3608 1748 3667 irn-

77 3696 160 3754 tione
179 3691 310 3755 breviter
327 3696 490 3777 (quantum
515 3700 583 3778 ejus
606 3696 670 3759 beri
693 3700 812 3779 posset)
832 3718 880 3761 ex·
942 3699 1027 3779 perio
1049 3716 1107 3759 suo
1126 3694 1266 3759 finitimas
1286 3706 1409 3777 gentes,
1433 3694 1564 3770 Russus,
1590 3696 1749 3778 plerosque

78 3785 267 3865 plicaremus.
299 3786 334 3849 lu
353 3787 432 3849 banc
451 3792 661 3869 cogitationem
672 3810 780 3869 magno
791 3793 882 3853 animi
943 3788 1088 3868 Scythae,
1106 3810 1183 3871 quos
1206 3786 1452 3851 bodieTartaroe
1470 3786 1607 3861 diximus,
1628 3788 1748 3853 Litbua·

76 3874 177 3938 etudio
197 3878 445 3955 incumbentibus,
464 3886 559 3945 risum
580 3892 823 3963 estnequaquam
836 3903 882 3943 or·
943 3901 1009 3951 noa,
1051 3882 1266 3960 Samogitbios,
1306 3880 1472 3951 blasovios,
1513 3890 1674 3964 nostraque
1699 3880 1748 3947 dc·

79 3967 134 4028 diri
155 3974 461 4035 commemorationem
480 3974 558 4037 barac
577 3999 595 4038 a
614 3979 724 4061 priscis
745 3976 804 4037 illis
816 3994 882 4037 sac·
943 3992 1023 4033 mum
1042 3977 1184 4037 memoria
1202 3972 1358 4037 Bor-nasos
1378 3994 1485 4053 nragua
1506 3996 1572 4035 cum
1592 3986 1677 4057 parte
1700 3978 1748 4043 Li-

77 4061 162 4133 culiS,
184 4061 290 4141 quilms
312 4068 393 4127 natio
415 4064 542 4141 barbara
561 4068 686 4131 necdum
707 4070 827 4141 exteris,
845 4090 883 4129 ac
942 4068 1097 4127 seniorum
1116 4064 1323 4146 adjunxerunt.
1382 4066 1458 4131 Utut
1475 4089 1549 4129 sarira
1569 4088 1619 4131 run
1640 4068 1750 4135 babeat

74 4154 164 4215 nobie
185 4160 360 4236 praesertim
381 4157 420 4220 ad
439 4160 533 4222 solem
555 4160 741 4225 occidentem
759 4182 882 4237 rargen·
944 4156 1081 4240 equidem
1102 4160 1222 4223 infitiari
1242 4160 1341 4231 nolim,
1362 4159 1498 4242 ejusdem
1507 4164 1633 4243 originis
1654 4174 1748 4229 utros·

76 4246 158 4309 tibus
178 4258 249 4311 irota
269 4253 346 4311 satie
373 4252 444 4313 luit:
472 4252 530 4315 sed
558 4276 577 4318 a
606 4264 721 4337 patrum
742 4255 881 4317 memoria
943 4249 1133 4333 queRuueoe
1148 4271 1234 4315 osset
1253 4272 1354 4315 verum
1375 4254 1443 4315 illos
1453 4259 1627 4319 remotiores
1644 4278 1749 4339 parum

75 4350 197 4403 teritum.
233 4363 292 4424 qua
310 4364 365 4425 per
384 4345 534 4429 Europam
559 4348 671 4411 clarere
698 4350 796 4431 cepit,
832 4348 881 4409 vix
943 4364 1010 4405 cum
1041 4348 1154 4409 uostris
1184 4346 1327 4411 babuisse
1357 4351 1527 4411 commercii
1560 4346 1748 4411 crediderim.

77 4444 146 4497 ante
165 4435 213 4496 vel
233 4439 301 4519 ipso
321 4442 440 4499 nomine
461 4443 589 4519 cognita.
615 4440 745 4505 Veteres
762 4438 882 4523 quidem
942 4438 1071 4503 Graecia
1103 4440 1320 4503 recentioribus
1351 4444 1449 4503 notior
1480 4439 1557 4501 baec
1577 4438 1633 4501 luit
1665 4444 1747 4503 uatio

77 4528 216 4591 bistorias
237 4530 318 4612 quod
338 4535 454 4605 attinet,
474 4536 539 4593 scio
561 4538 745 4617 perantiquis
768 4539 798 4597 iu
819 4536 881 4597 Arr-
941 4536 1051 4615 quippe
1077 4554 1154 4615 quae
1181 4536 1297 4613 magnis
1325 4536 1356 4593 in
1376 4533 1561 4594 Parrnouiam
1582 4534 1749 4613 viciamque

76 4623 193 4685 nulibus
221 4623 435 4687 Germanorum
454 4629 587 4707 reperiri,
606 4630 728 4689 vertisse
746 4624 784 4689 ad
806 4628 879 4708 imp.
941 4624 1101 4689 Thraciam
1122 4625 1334 4707 irruptionibus
1359 4624 1515 4705 plurimum
1536 4622 1747 4687 Corrstnutino·

77 4716 166 4779 Caes.
185 4717 347 4780 ilenricum
363 4718 419 4781 lv.
438 4720 517 4798 Arrg.
539 4722 587 4800 qni
606 4728 668 4781 tum
686 4722 716 4781 iu
730 4718 881 4781 urbaVan
940 4716 1083 4799 politauis
1094 4716 1326 4800 imperatoribus
1346 4718 1457 4795 negotii
1478 4714 1559 4777 iecit.
1581 4714 1748 4781 Narruutur

79 4814 198 4888 monum
208 4811 429 4893 lierbctomago
442 4814 640 4890 (Boinatiam
656 4809 745 4872 bodie
757 4812 881 4889 vocant)
939 4810 1016 4871 baec
1035 4810 1149 4891 prolixe
1168 4809 1323 4880 aZouara,
1335 4806 1481 4879 Cedreuo,
1503 4808 1649 4887 Gregora,
1669 4820 1746 4875 ceto·

79 4902 197 4981 agebat,
217 4903 386 4967 lluseorum
398 4909 576 4988 principem,
597 4900 796 4966 declarandae
807 4923 881 4967 suae
938 4906 1040 4985 risque
1049 4900 1233 4965 Graecorum
1243 4900 1391 4963 annualium
1405 4898 1612 4981 scriptoribus,
1624 4923 1747 4985 quorum

78 4999 109 5055 in
130 4997 297 5074 Arrgnstum
320 5000 550 5061 observantione
586 5018 687 5061 causa.
710 4996 823 5059 Verum
843 5016 881 5059 cx
939 5015 995 5057 uos
1012 4995 1162 5076 plerisque
1183 4996 1263 5074 typis
1280 4990 1409 5055 necdrrm
1429 4991 1536 5067 editoe,
1560 5002 1591 5057 et
1614 4994 1743 5059 uidimus

75 5090 167 5149 variis
186 5088 415 5155 indicatioaibue
429 5103 568 5174 qarantmn
592 5090 731 5169 colligere
747 5090 825 5161 licet,
839 5090 879 5151 ui·
938 5098 968 5151 ct
986 5089 1124 5171 legimus.
1145 5084 1301 5169 Frequens
1321 5084 1400 5169 apud
1420 5086 1486 5149 illos
1505 5088 1672 5155 Rossorum
1703 5098 1748 5161 sic
