3742 5626
798 210 983 269 timonis.
1697 216 1730 273 11'

61 366 189 447 prbaoun
209 372 240 426 ct
258 365 417 442 gratiarun
434 365 596 437 actiaaen,
624 366 747 429 obtenta
765 364 868 425 adver·

61 480 116 521 sus
135 459 297 521 Ratbenos
316 455 425 531 insigni
444 462 568 535 quatuor
587 463 763 538 praeliorum
777 465 867 526 ricta·

62 555 114 624 ria,
133 554 263 633 najares
282 549 498 626 religiosissimi
518 556 661 615 nannetes
687 556 797 617 ibidem
816 576 868 619 ex·

62 650 225 707 traxerant.
236 641 347 701 Verum
368 661 447 702 anno
460 644 535 703 tbbl
549 646 600 705 ubl
614 646 786 711 Lutlrerana
798 670 867 711 aaa·

61 740 142 816 tegio
162 735 393 815 Tarpvateasium
410 736 529 797 animoa
549 752 735 816 pervaserat,
761 752 794 804 ut
819 762 867 804 sa·

64 828 185 905 crilegis
204 832 236 887 et
255 827 376 907 rapinas
402 827 502 889 licitae
529 835 560 890 et
585 851 752 897 manassae
782 846 866 917 pur..

64 928 173 992 rentur,
191 921 384 1000 leprasariuru
403 941 462 982 una
481 941 548 983 cum
566 923 689 987 delubra
707 927 866 990 demoliun·

63 1028 126 1076 turc
145 1014 215 1075 lriac
231 1035 317 1084 aras,
336 1013 512 1086 simulacra,
536 1016 665 1080 divinum
685 1021 814 1092 cultum,
833 1026 866 1083 et

65 1106 238 1169 mcerdotrn
263 1108 344 1168 ibina
361 1108 524 1169 miserabili
546 1112 648 1173 narba
675 1120 707 1175 et
725 1115 866 1195 squamea

63 1200 208 1271 afflictas,
245 1201 351 1280 inopes
390 1207 421 1261 et
449 1201 566 1264 laceros
592 1207 731 1286 ejiciunt,
771 1208 865 1286 lepre·

62 1294 173 1355 sarium
192 1295 222 1353 in
240 1294 404 1365 mbarnam,
424 1295 562 1375 tenplum
581 1296 612 1357 in
622 1298 774 1361 stabulon
793 1318 851 1359 aon

62 1390 188 1446 vertunt.
224 1385 357 1447 Facinus
376 1407 453 1447 sana
471 1390 523 1448 tali
543 1388 707 1469 Evangelio
734 1391 866 1469 dignum.

63 1478 248 1541 Sacerdotes
266 1481 376 1558 quibus
395 1482 583 1552 contumelia,
602 1502 662 1562 qua
681 1483 793 1543 invidia
812 1485 867 1564 pri·

63 1573 152 1633 vatin
172 1581 204 1631 ct
223 1573 341 1653 publiea
360 1575 578 1654 premebantur,
599 1575 716 1654 longum
727 1582 866 1637 essetre·

62 1684 199 1737 censere,
228 1686 325 1744 usque
355 1665 432 1726 adea
463 1670 562 1728 amnia
586 1668 740 1748 pratsnata
769 1676 865 1729 creat.

65 1756 161 1820 Unun
181 1778 253 1839 prae
274 1760 401 1819 caeteris
419 1766 490 1819 tone
502 1761 866 1841 narcarabileercnrplum

63 1853 193 1928 miragii,
212 1851 329 1930 dlgnura
340 1851 419 1931 pand
430 1853 510 1912 trullo
523 1851 672 1913 oblivione
682 1854 865 1915 obliteratur.

63 1946 151 2005 Anno
172 1945 247 2005 1556
265 1945 333 2023 ipso
351 1952 526 2023 assurnptsa
544 1946 667 2022 virginis
684 1949 788 2009 matris
807 1948 866 2018 dia,

64 2037 185 2120 Torpati
204 2037 380 2098 sacerdotes
398 2059 437 2099 er
462 2045 583 2119 recepto
604 2038 766 2100 Ecclesiae
785 2058 866 2100 more

63 2130 144 2191 diem
161 2131 244 2191 illum
261 2129 416 2191 solennen
441 2129 606 2202 habebant,
631 2138 662 2193 et
682 2152 808 2209 magum,
833 2138 866 2191 ut

63 2224 156 2295 salat,
185 2243 253 2283 aum
277 2230 437 2304 apparatu,
466 2230 498 2283 et
522 2225 628 2284 crebra
656 2243 866 2305 campunarum

62 2316 162 2399 pulsu,
181 2316 312 2377 divinum
330 2317 439 2376 cuttun
459 2318 652 2397 peragebant
689 2316 763 2377 Ean
791 2317 866 2377 cela·

62 2410 198 2471 britaten
218 2419 249 2469 et
267 2410 460 2471 reverentiam
474 2409 584 2486 l'irgini
604 2411 689 2470 matri
708 2410 749 2471 ad
761 2411 867 2471 srrnnri

63 2504 192 2563 numinis
208 2500 351 2564 bonorem
364 2501 535 2573 exhibitan,
554 2521 620 2563 cam
630 2512 765 2563 matrona
778 2524 866 2582 quac·

62 2596 133 2657 dara
152 2594 302 2673 impendia
322 2595 481 2666 invideret,
509 2594 632 2657 mandat
657 2594 867 2674 pedissequae,

63 2689 265 2749 utibalaeum
285 2693 416 2769 apparet,
435 2690 581 2749 caminum
594 2690 731 2755 iastmat,
751 2708 787 2749 se
799 2708 866 2748 cam

61 2783 168 2843 marita
198 2781 289 2841 lavari
307 2781 489 2842 decrevisse.
509 2781 565 2843 llla
582 2782 718 2841 solennis
738 2780 868 2840 lestida·

63 2875 173 2933 minam
194 2875 383 2942 submonere,
402 2879 493 2951 utque
513 2873 650 2933 alienia
670 2871 748 2932 diem
776 2880 868 2933 trans·

64 2965 151 3033 leret,
170 2984 284 3042 rogare.
323 2965 462 3025 Matrona
479 2974 605 3044 repente
632 2964 868 3037 excandescens

63 3058 147 3139 quid,
165 3059 269 3135 inquit,
287 3055 326 3117 da
335 3055 431 3118 Maria
450 3076 562 3129 rrarras,
580 3057 636 3117 luit
655 3055 868 3121 illamuliers'e

64 3152 143 3211 nilis
168 3149 256 3219 milri,
289 3168 346 3210 nec
370 3150 461 3209 ullius
486 3151 652 3231 potentiae,
671 3158 724 3211 arat
748 3151 869 3228 gratiae,

64 3245 297 3324 praerogativan
316 3240 420 3314 habet,
446 3248 479 3303 tu
501 3245 591 3325 jussa
621 3262 687 3303 mea
705 3262 869 3322 exequere.

66 3332 245 3398 Faesulana
264 3335 413 3397 dominam
433 3337 554 3413 gravius
583 3336 793 3405 exacerbaret,
818 3337 867 3395 in·

63 3436 167 3508 parata
187 3429 308 3506 porbail.
348 3426 407 3489 Ubi
428 3428 467 3487 ad
493 3428 642 3487 camioun
669 3438 788 3489 ventum
809 3438 868 3498 cst,

63 3522 148 3583 arida
168 3522 257 3599 ligna,
277 3542 355 3599 qnae
374 3521 486 3600 alioqui
508 3520 587 3581 lraud
612 3520 770 3581 difficulter
789 3520 868 3581 llan-

64 3634 142 3675 nrenr
167 3616 333 3695 excipiunt,
364 3615 444 3673 nulla
464 3634 539 3693 ape,
564 3613 653 3672 nullis
684 3615 868 3675 nutrimentis

63 3707 189 3769 accendi
209 3713 342 3786 potuere.
364 3706 418 3767 llla
438 3707 488 3766 ubi
507 3726 544 3765 sc
563 3704 695 3783 undique
712 3708 808 3775 vertit,
827 3705 867 3765 la·

64 3802 147 3861 boris
166 3801 324 3861 tnrstmoei
344 3804 495 3880 pertaesa,
513 3803 623 3859 tectum
649 3816 736 3855 ornae
761 3796 867 3857 ardere

63 3896 222 3974 conspicit.
242 3912 299 3953 nac
318 3893 378 3953 ulla
398 3894 425 3953 vi
446 3893 591 3953 tlammam
611 3890 799 3967 restinguere
818 3910 866 3951 aa·

64 3988 119 4048 let.
156 3987 237 4059 lgnis
262 3986 355 4064 primo
382 3986 476 4063 ipsum
504 3985 642 4045 balneum
666 3990 779 4050 vastat,
798 4002 866 4043 mar

64 4080 144 4137 duas
161 4078 338 4151 meringum
356 4076 450 4135 aedes
474 4078 586 4155 ingenti
611 4077 716 4136 civium
736 4076 864 4135 orarriun

65 4177 176 4230 terrare
197 4169 366 4246 populatur.
405 4169 535 4230 Crivrlluit
558 4192 598 4231 ex
617 4167 728 4248 templo
753 4167 866 4227 univer·

64 4282 136 4323 sum
157 4261 279 4337 vulgus.
298 4266 329 4321 ct
353 4263 404 4323 via
423 4263 544 4325 tandem
564 4265 653 4325 latius
679 4280 802 4339 scrpcrc
827 4260 868 4319 in-

65 4354 203 4417 cendium
221 4353 389 4432 probibeat.
410 4356 538 4417 Postero
556 4355 606 4417 die
625 4359 767 4435 lignamn
783 4359 858 4421 lasci

66 4449 154 4511 culus
164 4450 281 4508 camino
292 4448 437 4523 ingestus
447 4450 565 4509 omuino
577 4451 782 4513 incombustus
792 4473 868 4513 can·

66 4544 187 4623 peritur.
208 4540 294 4601 llaec
312 4550 344 4600 ct
362 4538 465 4599 lrarun
483 4542 592 4604 similia
604 4548 797 4624 eraatgravis
810 4545 868 4606 Dei

67 4633 281 4712 indignationis
300 4639 333 4692 at
355 4638 497 4695 venturae
516 4635 662 4699 vindicino
687 4640 869 4717 praenuntia,

69 4726 109 4787 de
129 4748 188 4806 qua
213 4728 383 4805 prinsquam
402 4725 504 4786 dicere
521 4728 690 4804 aggrediar,
715 4750 813 4812 pauca
831 4731 869 4791 de

68 4818 306 4881 Lulbcranarum
326 4820 439 4889 ritibus,
464 4823 668 4891 caeremoniis,
692 4830 723 4883 et
747 4823 804 4883 lovi
829 4825 869 4883 in-

69 4914 238 4975 mosanas
257 4913 490 4993 praemittenda.

149 5004 274 5085 Ordinis
302 5014 520 5068 sacramentam
544 5026 665 5084 prorsus
691 5007 873 5088 rejiciebant,

71 5102 130 5181 ipsi
149 5098 376 5161 ordinandamm
396 5098 600 5169 mcerdmun,
623 5105 655 5159 et
675 5098 873 5161 Ecdasiasta-

73 5212 138 5253 mn
157 5190 398 5255 burmann
411 5192 623 5257 vendicabautr
642 5191 761 5255 modun
774 5195 875 5253 autem

927 365 1082 427 ordinandi
1101 372 1224 449 saepius
1249 374 1446 434 termularunt.
1484 369 1635 450 Prlucipla
1653 370 1729 432 ardi-

928 458 1044 519 nradus
1063 478 1162 521 coram
1180 462 1295 523 Senatu
1321 464 1351 523 in
1370 484 1470 543 genua
1495 464 1727 545 provolvebatur

925 550 1034 629 singuli
1054 551 1218 614 Senatores
1239 556 1269 614 in
1289 556 1536 630 consultabant,
1555 577 1617 637 quo
1637 556 1728 617 dena·

925 645 1038 715 tabant,
1055 664 1092 705 sc
1102 644 1244 722 Spiritum
1253 654 1390 708 mnemon
1409 649 1440 708 in
1456 670 1524 710 eum
1536 647 1727 731 protendere.

924 736 1044 797 Deinde
1063 737 1171 799 consul
1187 737 1353 799 ordinatum
1372 739 1411 799 ad
1435 748 1609 820 srvggastrrrr
1634 741 1727 804 dedu·

924 830 1020 891 cebet.
1050 831 1165 893 Postea
1184 830 1243 893 lrcc
1263 829 1417 891 ordinandi
1437 834 1493 893 ritu
1511 833 1633 907 abolita,
1656 855 1726 897 cen·

924 924 1127 987 cianetarlbus
1144 923 1315 987 insultandi
1334 928 1515 1005 potestatam
1527 926 1725 1001 contulerunt.

925 1014 1060 1077 Tarrdem
1079 1020 1112 1079 et
1130 1016 1180 1079 bic
1199 1016 1305 1079 nodos
1314 1018 1480 1095 abrogatur,
1500 1036 1641 1099 suprema
1657 1038 1726 1079 can-

924 1110 1067 1170 aionatari
1082 1112 1232 1183 tribuitur,
1257 1116 1291 1173 ut
1308 1130 1366 1171 sua
1393 1108 1535 1187 suffragio
1559 1112 1727 1191 qnenpiam

925 1202 1056 1283 pastoris
1074 1222 1196 1264 manere
1214 1203 1261 1264 vel
1281 1202 1401 1281 dignun
1421 1202 1468 1264 rel
1488 1201 1640 1282 indignam
1658 1222 1727 1263 cen·

925 1300 1002 1355 sert.
1017 1293 1088 1367 Qua
1098 1295 1239 1357 facultate
1248 1316 1389 1378 supteno
1398 1294 1635 1357 Lutlreranorun
1644 1316 1728 1377 prae-

925 1388 992 1447 coni
1011 1386 1129 1459 collata,
1146 1390 1280 1450 accessit
1298 1389 1600 1471 euntaxtarqnidan
1616 1389 1648 1450 in
1658 1389 1728 1450 sub·

926 1481 1011 1540 urbia
1031 1480 1209 1560 Tarpataasi
1229 1479 1359 1558 degens,
1386 1484 1524 1564 inpetrat
1548 1486 1728 1562 potestaten

926 1574 956 1633 in
977 1574 1083 1633 vicinis
1102 1572 1188 1652 pagis
1200 1573 1316 1649 publica
1327 1594 1345 1633 e
1357 1582 1501 1653 srggasto
1510 1574 1650 1647 doasadi,
1668 1596 1729 1656 qua

925 1667 1057 1737 obtenta,
1079 1666 1279 1736 concinnatur,
1298 1667 1439 1746 baptism,
1450 1668 1588 1739 absolvit.
1609 1666 1727 1731 nuem-

925 1760 1039 1820 ristiam
1059 1757 1224 1839 dispenset.
1263 1759 1341 1819 Cum
1365 1764 1464 1819 auten
1489 1759 1566 1819 torte
1591 1762 1680 1839 prais
1698 1760 1728 1821 ci

925 1852 1074 1922 deiiceret,
1095 1850 1145 1910 ille
1165 1870 1291 1911 coenam
1313 1852 1510 1923 instituturus,
1530 1854 1667 1933 protinas
1679 1872 1728 1915 ac·

925 1951 1010 2024 cepta
1035 1943 1185 2026 raplrana,
1208 1945 1239 2003 in
1265 1944 1415 2005 orbiculos
1441 1945 1523 2006 illum
1550 1944 1729 2017 mascindit,

924 2046 1014 2119 atque
1032 2039 1074 2099 ita
1093 2026 1221 2098 ldlssam
1240 2057 1301 2097 una
1312 2056 1380 2097 cura
1390 2057 1486 2099 caena
1502 2039 1629 2119 peragit,
1648 2036 1729 2099 lrand

924 2131 1096 2212 sinpliciter
1114 2136 1216 2191 rantra
1234 2135 1383 2210 receptan
1395 2130 1553 2197 Ecclesiae
1574 2137 1731 2193 consuetu·

925 2225 1024 2285 dinem
1043 2222 1230 2302 delinquens,
1248 2229 1280 2283 at
1298 2225 1544 2299 augustissimum
1563 2244 1730 2287 sacramen·

925 2325 987 2380 tum
1007 2316 1172 2386 ludificans,
1191 2315 1316 2393 contigit
1336 2314 1395 2377 lrac
1415 2336 1494 2377 anna
1515 2318 1601 2379 1555.

1002 2412 1036 2471 ln
1061 2409 1261 2491 paenitentiae
1291 2422 1480 2469 sacramento
1505 2408 1655 2471 diversum
1682 2430 1730 2470 va-

926 2505 1059 2583 riumque
1071 2502 1188 2563 modun
1201 2503 1409 2564 observabant
1430 2502 1580 2583 Principia
1594 2524 1633 2565 ex
1646 2523 1729 2584 prae·

926 2599 1037 2677 scripto
1057 2596 1248 2657 Lntbcranae
1273 2593 1426 2655 doctrinae
1449 2596 1506 2656 sali
1525 2594 1594 2657 Dea
1621 2594 1730 2656 delicta

926 2689 1149 2751 confitebantur.
1179 2689 1291 2747 Postea
1310 2687 1369 2747 lrac
1387 2688 1446 2746 ritu
1466 2688 1607 2766 abrogata
1626 2686 1730 2749 decen

927 2782 975 2843 rel
994 2782 1110 2841 circiter
1128 2779 1308 2861 conjunctim
1327 2779 1357 2838 in
1377 2798 1478 2857 genua
1494 2797 1593 2839 coram
1612 2780 1727 2839 cancia·

928 2880 1031 2934 natare
1049 2874 1309 2954 provolvebantur:
1333 2891 1392 2951 quo
1412 2868 1491 2931 tacta
1517 2870 1568 2931 ille
1586 2890 1642 2931 eas
1661 2868 1730 2931 nee

927 2967 1058 3027 confiteri
1064 2967 1182 3048 jubere,
1202 2971 1233 3025 et
1245 2962 1463 3024 absolutionem
1475 2964 1650 3043 ventampue
1662 2982 1725 3043 pra·

928 3061 1052 3120 mittere.
1084 3058 1143 3121 Hie
1161 3055 1320 3119 caabteadi
1339 3055 1448 3117 medus
1467 3056 1519 3117 ubi
1539 3058 1730 3125 inolesceret,

928 3172 978 3213 ree
997 3174 1055 3214 nan
1074 3152 1195 3230 indigna
1206 3154 1369 3211 memoratu
1381 3151 1412 3209 in
1431 3168 1509 3231 pago
1528 3150 1624 3211 tribas
1638 3148 1730 3211 milia

926 3247 1009 3307 ribus
1026 3247 1066 3306 ab
1086 3247 1159 3307 urba
1179 3243 1358 3322 Tarpatensi
1376 3240 1483 3305 dissita
1503 3243 1632 3321 configit
1670 3240 1729 3303 lor·

925 3339 1070 3400 tharacas
1090 3337 1208 3418 quidam
1227 3335 1434 3407 ecclesiastes,
1453 3336 1575 3413 triginta
1583 3334 1730 3413 agricolas

926 3432 965 3493 ml
985 3452 1083 3511 genua
1102 3430 1275 3513 provolutos
1286 3426 1427 3500 babebat,
1447 3427 1731 3509 quoseanlessiane

927 3527 1005 3587 lacta
1024 3524 1239 3586 sacramentali
1257 3521 1447 3583 absolutione
1465 3542 1486 3583 a
1504 3522 1638 3604 peccatis
1650 3522 1730 3581 exal·

926 3640 995 3679 vcra
1014 3620 1154 3679 debebat.
1187 3614 1314 3677 Mandat
1333 3614 1429 3692 igitur,
1449 3634 1556 3675 omnes
1575 3612 1642 3674 Dea
1661 3634 1730 3675 ean·

927 3714 1071 3781 titeantur,
1090 3710 1158 3779 sali,
1176 3707 1303 3769 salidan
1329 3708 1396 3767 sive
1421 3704 1600 3767 cumulum
1624 3706 1729 3785 (quem

925 3804 1103 3865 cantitantes
1127 3799 1256 3882 paracbo
1282 3797 1354 3859 dore
1379 3798 1617 3869 consueverant)
1645 3795 1731 3857 altari

923 3897 1075 3977 inponere
1082 3895 1178 3976 jubet,
1193 3890 1302 3953 deindo
1314 3895 1425 3951 certam
1435 3887 1652 3949 absolutionem
1663 3907 1728 3967 pra·

926 3990 1023 4059 mittit,
1044 3986 1252 4063 poenitentiae
1273 3988 1304 4045 at
1322 3978 1560 4043 satisfactionem
1579 3998 1727 4041 aomncn·

924 4087 985 4143 tum
1006 4099 1078 4139 csse
1099 4077 1292 4155 Papisticom,
1313 4073 1391 4135 hanc
1414 4073 1583 4152 neutiquam
1609 4074 1728 4155 requiri.

924 4171 998 4235 Erat
1016 4176 1112 4231 autem
1133 4170 1208 4229 inter
1228 4167 1404 4227 cantitantes
1423 4163 1540 4247 quidam
1566 4186 1638 4249 prae
1660 4166 1727 4227 aliis

924 4262 1052 4342 simplici
1062 4260 1189 4340 ingania,
1208 4260 1258 4339 qui
1267 4258 1396 4321 Domino
1412 4278 1469 4319 sua
1475 4258 1727 4343 juremuml'nrto

924 4358 1075 4437 abegerat.
1094 4354 1152 4417 Hic
1162 4353 1377 4417 absolutionem
1395 4358 1587 4425 consecutus,
1608 4352 1727 4417 deinum

926 4446 1124 4513 laetabundus
1144 4448 1306 4521 rcrertitar,
1330 4446 1470 4527 gaudium
1498 4467 1536 4509 ex
1555 4442 1635 4507 salici
1662 4466 1730 4507 can·

927 4542 1070 4605 sessionis
1089 4560 1237 4603 successu
1257 4551 1444 4621 coarceptom,
1463 4534 1637 4619 protinusin
1657 4558 1730 4597 uro·

927 4638 1087 4699 tissimum
1108 4634 1236 4696 cll'undlt.
1259 4634 1440 4701 Metuebant,
1460 4630 1568 4711 inquit,
1589 4647 1655 4687 cum
1676 4628 1731 4689 Pa·

928 4729 1049 4793 raclrura
1068 4727 1265 4789 consessurus
1283 4724 1469 4793 accederem,
1489 4741 1527 4781 na
1542 4720 1663 4801 juberet
1682 4721 1731 4782 ab·

922 4822 1050 4885 ductum
1058 4830 1171 4883 taurun
1183 4820 1350 4883 restituere,
1361 4822 1413 4877 aut
1427 4813 1583 4893 galrcnnac
1595 4812 1732 4875 incendio

929 4936 976 4979 ne
995 4915 1103 4975 lurtum
1123 4915 1262 4973 luiturum
1281 4911 1452 4969 mitteretur:
1473 4908 1536 4988 Jam
1555 4910 1653 4967 auten
1673 4926 1732 4969 una

930 5014 1049 5085 recepto
1069 5004 1175 5075 solido,
1195 5023 1299 5061 orrares
1319 4999 1389 5061 mibi
1410 5020 1504 5063 orosae
1524 4998 1644 5077 ignovit.
1663 4999 1731 5063 Nan

932 5099 1023 5161 nullo
1043 5104 1112 5179 post
1124 5096 1203 5157 idem
1217 5098 1306 5155 albon
1323 5096 1428 5153 bovem
1437 5092 1561 5171 ¹t'uralnr,
1580 5097 1612 5153 et
1624 5093 1654 5155 io
1664 5094 1733 5177 ipso

934 5191 1066 5255 terme
1077 5187 1297 5271 deprebensae,
1315 5187 1423 5251 latetur
1435 5186 1604 5267 neutimum
1615 5206 1651 5249 sc
1662 5187 1733 5249 illud
