3742 5626
782 198 966 259 illelom.
1707 202 1725 257 f

63 387 167 447 regere
177 368 406 427 mnamveemt.
426 355 496 421 Non
509 357 577 421 tulit
586 355 759 421 butberaua
767 353 869 425 factio,
893 356 899 419 Ι
926 371 984 436 quc
994 352 1104 435 gladio,
1114 354 1272 421 factionem
1282 354 1474 421 ducentorum
1484 366 1662 423 armatorum
1676 378 1724 421 ec.

63 470 97 523 ut
110 458 317 523 llutbcnorum
334 450 610 515 atllloccoviternm
628 448 770 531 templum
789 447 868 511 illae·
925 444 1039 509 hortem
1054 451 1229 522 univeraam,
1252 454 1283 513 in
1302 449 1475 533 padeaagit.
1516 452 1592 515 lllie
1608 470 1724 517 commo

64 574 131 616 aum
149 548 306 621 evadam,
322 542 381 609 aed
398 546 429 607 ln
451 542 557 607 codem
575 542 703 615 feruore,
722 545 810 603 immo
825 538 868 603 fu·
925 541 1034 601 montio
1045 542 1158 601 vertice
1166 548 1348 625 praecipitea
1365 564 1460 621 rnere,
1472 545 1595 609 etvelnt
1603 545 1724 609 fulmine

63 668 131 709 rore
140 650 172 708 in
186 638 260 706 illud
274 639 492 723 aeproripiunt,
502 645 535 699 et
548 657 626 719 pene
640 633 868 697 afunrdamentia
925 633 1117 704 conaternati,
1136 632 1206 712 fuga
1220 635 1346 699 alutem
1364 659 1514 719 quaerere.
1535 640 1674 723 Quinum
1684 638 1724 703 ad

64 732 371 801 nniveraamaedihcii
386 731 493 793 molem
506 728 690 792 aubvertnnt.
722 726 868 790 l’orrone
924 744 1027 787 necem
1067 746 1164 807 nequa
1187 729 1284 799 caeci,
1321 732 1424 807 viginti
1455 732 1626 799 vulneribua
1655 756 1723 799 aau-

66 831 227 893 dirntarum
244 826 431 889 basilicarum
446 823 674 885 nulluaomuiuo
688 841 761 885 narra
775 826 868 893 eaeet,
923 820 962 881 cii
981 827 1013 882 et
1032 819 1130 901 plagia
1150 822 1278 893 contnai,
1298 840 1364 881 cnm
1383 823 1496 904 reliqum
1513 824 1723 892 aeditioaornm

67 925 327 986 Dominicauorum
336 916 504 981 Eccleeiam
519 918 675 979 manentia
690 912 807 977 bellicia
820 933 867 977 aa·
923 913 1073 996 manipulo
1091 912 1314 995 virelfnginnt.
1345 914 1474 997 Satrapa
1498 936 1566 1003 mun
1590 923 1723 984 eatellffi.

67 1014 222 1079 servandi·
247 1010 413 1085 deatiuant,
438 1017 471 1073 et
489 1012 519 1072 iu
538 1008 687 1091 publicum
710 1010 867 1073 armarium
923 1004 981 1069 boa
1000 1007 1271 1081 omnibuaillacaia,
1290 1007 1645 1089 praeclaramvicton‘arn,
1665 1034 1723 1075 om·

69 1114 250 1171 convertunt.
283 1105 513 1169 Frauciacauam
525 1101 630 1165 aedem
646 1102 722 1165 calci
740 1120 867 1183 coqueu·
924 1103 1004 1161 nium
1023 1105 1107 1181 pacie
1128 1103 1288 1163 amantium
1308 1102 1455 1184 applanau
1483 1101 1600 1165 domum
1625 1126 1724 1187 repor-

68 1201 126 1265 dae
143 1198 295 1283 &putant
324 1197 528 1261 &danorum
542 1196 684 1280 templum
697 1200 729 1258 in
745 1194 868 1257 ioricam
924 1200 978 1253 tat.
999 1191 1075 1254 'l'um
1094 1194 1136 1255 illi
1157 1197 1186 1255 in
1208 1198 1357 1256 civitatem
1375 1215 1412 1257 aa
1430 1195 1590 1278 abripiunt,
1609 1198 1724 1281 etpub·

67 1313 255 1369 coavmum,
274 1289 458 1375 excipiendi·
475 1290 650 1363 foetoribua,
667 1286 819 1361 eordibue,
838 1293 871 1349 et
924 1285 983 1346 lico
1002 1306 1209 1367 campanarum
1227 1291 1314 1367 cigno
1326 1286 1406 1363 dato,
1426 1288 1586 1353 olaeaicum
1606 1302 1724 1367 canunt,

67 1390 262 1450 excrementi·
290 1384 427 1449 humauia
454 1387 634 1466 mancipent
679 1383 781 1462 Atinae
811 1380 869 1442 boo
924 1377 1725 1470 qnoandito,univeraacondnaitlteapublica.Satrupa

67 1476 171 1553 mdo,
194 1479 246 1543 nbi
266 1478 390 1562 'l'orputi
409 1482 440 1541 iu
460 1476 680 1542 catholicorum
700 1483 732 1537 ct
748 1474 869 1536 bioaco·
925 1492 964 1533 ne
982 1473 1013 1533 in
1031 1471 1220 1535 nrauifeetum
1239 1494 1275 1535 ee
1294 1476 1455 1555 periculum
1481 1481 1659 1563 conjiceret,
1680 1485 1723 1543 in·

67 1577 192 1637 vitam
209 1571 333 1635 delubra
342 1574 487 1635 caenum
504 1578 561 1643 eet,
580 1569 679 1650 Ripae
691 1577 723 1631 et
734 1568 869 1631 llivaliae
925 1564 1090 1627 tractabilia
1115 1568 1224 1647 etjam
1244 1575 1306 1627 urm
1331 1570 1455 1631 incanae
1475 1576 1645 1637 aaevientia·
1662 1576 1723 1637 vul

67 1664 169 1729 itidem
194 1666 395 1731 ltutbcnornur
419 1664 518 1747 phana
544 1662 756 1733 demoliuntur,
788 1656 869 1741 quod
924 1659 1071 1737 noenta
1089 1680 1126 1721 ee
1145 1656 1295 1732 enbducit,
1315 1667 1347 1719 ct
1365 1662 1395 1720 in
1414 1660 1558 1746 lipiacopi
1577 1688 1723 1732 arcemae

67 1763 236 1823 reaciaceua
255 1778 380 1839 magrnua
396 1756 572 1821 bloaroviac
591 1756 671 1829 Dux,
688 1762 721 1817 ct
738 1754 870 1817 hivoerea
924 1755 1039 1837 recipit.
1060 1751 1157 1814 Pellio
1176 1756 1296 1815 tametai
1314 1760 1404 1815 antea
1428 1754 1585 1819 infeliciter
1612 1782 1722 1842 pugna.

67 1863 129 1917 tam
148 1856 279 1926 noxiam,
302 1855 435 1934 impiam,
460 1858 492 1913 et
510 1849 706 1915 mecrabilem
730 1848 868 1910 haereain
924 1854 980 1919 rat,
999 1853 1032 1909 et
1047 1865 1155 1927 magno
1175 1866 1241 1907 cum
1261 1843 1419 1921 dedecore,
1438 1851 1505 1931 ipee
1530 1870 1596 1913 cum
1614 1852 1723 1919 daem.

67 1950 242 2030 auecepieee
256 1945 434 2025 intelligens,
448 1946 491 2006 rai
507 1941 684 2024 indignitate
694 1947 868 2013 commotne,
923 1942 965 2003 tia
990 1962 1009 2004 a
1027 1937 1250 2023 quatuordecim
1268 1938 1388 2019 fugatur
1408 1950 1486 2017 crat,
1511 1952 1600 2009 aneto
1612 1956 1723 2013 ¹tamea

68 2044 111 2113 el,
137 2043 244 2122 inquit,
267 2038 406 2100 Pontifex
424 2036 592 2110 Βοιιιιιιιιι,
618 2043 651 2099 et
666 2034 869 2097 Romanomm
923 2032 1722 2117 auorumnumero,propoaitumredintegrat,acdenaa

69 2132 232 2215 lurpcrator
248 2135 398 2195 amtinent
414 2150 488 2193 anua
505 2127 696 2199 cacerdotee,
719 2135 752 2189 et
768 2146 867 2191 mona·
924 2123 1124 2187 cathedralem
1144 2124 1311 2189 Ecclesiam
1332 2136 1563 2208 oppugnaturus,
1594 2156 1661 2198 mm
1679 2141 1722 2199 in.

70 2225 157 2299 chuc,
186 2225 348 2309 profligari,
376 2224 544 2305 templaque
569 2230 601 2285 et
624 2224 757 2285 aeraria
781 2218 869 2294 dirui,
923 2222 1004 2298 genti
1028 2226 1125 2281 turma
1142 2217 1288 2301 procedit
1328 2219 1492 2303 Poatqnam
1511 2223 1552 2287 ad
1567 2227 1722 2293 baailicam

69 2339 156 2383 encra
176 2318 357 2401 profanaque
379 2320 477 2380 omnia
496 2317 603 2399 pollui,
627 2313 716 2376 nobie
740 2334 800 2375 non
819 2321 869 2376 eat
923 2319 1051 2385 ventum,
1072 2315 1102 2371 in
1120 2312 1225 2375 valnaa
1244 2313 1414 2394 ingentibus
1433 2314 1580 2382 mechinia
1599 2325 1720 2399 innunt,

68 2415 184 2475 animoa
202 2420 316 2473 rectam
335 2408 412 2474 adeo
431 2409 620 2492 pernicialem
633 2410 663 2469 iu
676 2410 787 2471 noatria
802 2428 868 2490 pro·
923 2425 1044 2487 quanam
1063 2408 1121 2467 vim
1139 2405 1190 2465 ubi
1209 2425 1266 2467 nec
1292 2406 1430 2482 olanatra,
1455 2430 1512 2475 nec
1534 2418 1631 2479 omnia
1654 2436 1721 2500 por·

69 2508 174 2569 nanu
193 2508 312 2587 impune
329 2507 460 2585 graecari
479 2505 657 2585 permittere,
675 2498 733 2563 aed
750 2502 868 2563 evoluto
922 2507 1016 2561 tarum
1037 2501 1085 2561 via
1103 2498 1182 2561 ferre
1199 2500 1287 2573 valet,
1308 2500 1390 2564 labat
1398 2508 1491 2567 ariete
1507 2508 1721 2592 crebrojanaa,

68 2602 153 2681 pecie
171 2602 312 2672 termino,
330 2597 438 2660 bellum
457 2596 517 2659 illie
534 2594 709 2668 iudicemur,
731 2616 769 2657 eo
788 2593 868 2677 quud
923 2601 955 2655 et
972 2597 1062 2655 emoti
1081 2592 1279 2674 procumbunt
1296 2593 1417 2657 cardine
1437 2608 1550 2678 poetca,
1570 2601 1603 2665 tit
1620 2610 1669 2669 vta
1680 2613 1720 2683 vi,

69 2702 188 2757 noemae
207 2692 349 2755 barilioae
366 2698 427 2753 tum
446 2688 569 2773 profane
586 2697 619 2751 et
633 2690 722 2772 impie
740 2689 869 2751 violave·
921 2694 1061 2769 rumpunt
1077 2682 1188 2759 aditua,
1206 2694 1238 2747 ct
1252 2689 1345 2767 prima
1363 2688 1515 2751 tumidant
1532 2692 1664 2759 divonem
1681 2704 1720 2763 ri.

68 2788 136 2860 riae,
153 2808 191 2850 ιο
210 2784 416 2849 damnarint.
922 2778 1069 2852 mnhcra,
1098 2786 1131 2841 et
1153 2797 1246 2839 aaxea
1271 2782 1389 2842 numina
1420 2783 1532 2865 templo
1557 2784 1718 2865 diajieiant,

144 2875 259 2943 Eodem
277 2876 341 2939 fere
364 2885 497 2956 tempore
515 2872 656 2955 Torputi,
680 2873 868 2936 Lntberanae
921 2870 1028 2955 Neque
1044 2874 1076 2935 iu
1095 2868 1228 2933 divorum
1246 2880 1363 2933 ammae
1382 2880 1495 2937 tantum
1503 2883 1649 2943 aaevihm
1664 2895 1721 2961 aar,

69 2969 217 3041 factionia,
232 2963 869 3052 primatcainEeclaaiaeCatbcdralia'l'or·
921 2962 980 3029 eed
1007 2973 1040 3027 ct
1067 2962 1198 3027 crueihxi
1231 2965 1376 3045 imagiuca
1404 2966 1514 3048 gladiio
1547 2980 1580 3037 et
1607 2974 1721 3044 lauceio

67 3065 204 3147 patenaia
233 3061 403 3125 Canonicoa
427 3062 684 3141 conspiraverant,
713 3068 869 3141 captante·
922 3056 1107 3138 tranahgunt,
1126 3055 1207 3140 quod
1225 3057 1296 3121 olim
1312 3056 1447 3123 Judacoa
1474 3060 1631 3133 factitaaae
1649 3072 1720 3155 legi.

67 3154 116 3219 vel
128 3153 208 3229 dolo,
225 3153 273 3217 vel
284 3156 375 3217 armia
385 3152 551 3217 Eccleeiam
564 3150 758 3225 invaderc,ea
770 3160 868 3215 autem
893 3134 896 3217 Ι
922 3173 997 3226 mna,
1015 3150 1096 3235 apud
1113 3150 1343 3225 liamaaoeuum,
1362 3160 1394 3215 et
1404 3158 1568 3237 ecriptoraa
1579 3161 1721 3233 abacti„

67 3253 98 3311 in
119 3247 199 3312 edito
218 3258 318 3311 monta
340 3250 401 3311 aita
424 3255 483 3309 eat.
516 3245 613 3307 Pellio
637 3249 686 3326 qni
711 3248 868 3309 universae
921 3245 1166 3309 Eccleaiaetieae.
1183 3244 1257 3308 brat
1276 3246 1307 3307 in
1324 3242 1430 3308 eadem
1450 3247 1719 3333 Torpatenaibaat.

67 3340 207 3405 factionis
225 3340 371 3422 Princeps
390 3347 469 3412 erat,
487 3336 633 3401 ducentur
646 3359 664 3399 c
676 3341 742 3401 auia
760 3359 868 3401 convo·
921 3340 980 3403 lica
998 3340 1214 3422 baptisterium,
1232 3340 1483 3405 cummoartilicio
1497 3354 1529 3407 et
1541 3354 1719 3431 anagnini*

68 3444 127 3510 cat,
143 3435 298 3499 concilium
315 3431 355 3497 dc
368 3430 536 3496 invadenda
549 3429 712 3495 cathedrali
729 3433 868 3497 Ecclesia
920 3437 1024 3517 penaio
1036 3440 1208 3495 extructum.
1222 3430 1427 3495 lutcrcaetcra
1433 3450 1612 3517 ornamenta,
1620 3448 1720 3533 aeulp.

67 3532 215 3613 proponit
245 3527 292 3591 llli
309 3547 366 3611 epe
385 3522 514 3609 praedae
531 3524 621 3599 avidi,
639 3527 757 3589 alacrce
772 3534 804 3588 ct
816 3546 867 3608 pa·
919 3536 952 3591 ta
970 3536 1057 3590 erant
1073 3527 1255 3600 Salvatoria,
1280 3534 1313 3587 et
1328 3522 1486 3592 duodecim
1506 3534 1720 3615 Apostolum

68 3626 123 3685 rati
140 3625 172 3683 in
189 3621 379 3701 aacrilegium
396 3622 594 3683 consentiunt.
626 3618 686 3681 Ubi
705 3618 746 3681 ad
763 3622 867 3700 prima·
921 3624 1074 3701 imaginee,
1094 3620 1149 3681 hae
1167 3640 1275 3699 magno
1300 3622 1411 3701 impetu
1436 3624 1549 3687 invadit
1571 3634 1718 3717 aecrilega

67 3719 140 3779 riam
159 3714 314 3779 beailicam
331 3720 450 3777 ventum
469 3720 526 3784 cet,
549 3713 738 3792 conopicinnt
757 3711 867 3775 ibidem
921 3714 1168 3775 iconoclaatarum
1196 3712 1314 3783 cohora,
1339 3717 1450 3795 quippe
1474 3720 1523 3796 qni
1552 3731 1642 3786 antea
1666 3729 1718 3789 dn.

66 3808 296 3892 praeatolautem
306 3804 464 3889 Satrapam
475 3808 569 3867 virum
580 3804 716 3875 nobilem,
729 3805 867 3886 penui
921 3811 999 3869 centi
1018 3828 1036 3868 a
1055 3804 1198 3869 tredecim
1216 3802 1601 3889 atipendiariietnrpiaeime
1616 3816 1718 3898 fugati,

67 3903 167 3974 animi,
186 3909 218 3965 et
234 3919 359 3979 magnae
377 3901 505 3971 muntia,
524 3894 666 3961 tredecim
683 3898 866 3962 aatellitibua
919 3902 1057 3971 aauciati,
1075 3920 1115 3963 ac
1132 3896 1250 3960 demum
1268 3918 1373 3959 omnea
1400 3900 1562 3979 profligati,
1587 3906 1718 3976 lateam

65 3997 218 4074 atipetum.
237 3991 296 4057 llic
313 4012 367 4055 eoa
386 3992 576 4075 compellans,
597 3994 712 4073 quaerit
723 3989 794 4072 quid
805 4012 865 4053 uro·
921 3991 1135 4073 quaeritabant,
1160 4010 1239 4051 nunc
1268 3989 1439 4053 confirmato
1468 4014 1597 4072 numero,
1621 4002 1717 4069 mede.

65 4087 190 4156 llantur,
218 4083 338 4164 quade
362 4106 454 4149 cauea
478 4088 582 4148 armati
606 4082 772 4147 accedenti
806 4084 867 4145 Re·
921 4089 978 4147 cim
1006 4085 1165 4146 aimulacra
1193 4082 1350 4157 invadunt,
1384 4106 1423 4147 ne
1459 4088 1569 4153 nuliam
1597 4102 1717 4163 omnim

65 4172 197 4261 apondct
210 4176 309 4257 pellio,
323 4178 539 4242 aecanonicoe
554 4176 784 4260 prodigatnmm.
809 4178 866 4241 Sa·
920 4181 1074 4240 victoriam
1090 4176 1244 4239 referrent.
1272 4176 1430 4258 Egregium
1448 4200 1519 4244 vero
1544 4183 1661 4254 laudem
1680 4216 1717 4258 ea

65 4282 152 4353 trapa
160 4267 258 4350 jubet,
275 4289 314 4329 na
326 4270 393 4350 plue
404 4272 518 4353 imperii
531 4280 562 4333 et
577 4268 866 4353 juriadictioniaeibi
921 4280 1049 4333 meretum
1076 4267 1229 4343 tommdo,
1246 4290 1314 4333 cum
1333 4270 1422 4335 facilc
1449 4278 1493 4337 ait
1518 4282 1637 4347 vincera
1657 4308 1716 4351 aea

66 4360 240 4437 vendicent,
259 4381 345 4442 quiam
365 4358 530 4441 delegatum
550 4364 693 4438 babeant,
716 4362 774 4427 aed
791 4385 866 4429 auoa
921 4372 1148 4447 repugnantem,
1172 4363 1266 4427 etde
1289 4370 1399 4429 atatuia
1431 4366 1588 4436 debellatio
1617 4384 1716 4443 trium.

66 4461 144 4521 intra
169 4454 278 4517 limitee
302 4474 339 4515 aa
362 4457 547 4532 contineant,
571 4478 638 4521 cam
661 4460 867 4521 anctoritatem
920 4459 1010 4543 pbum
1028 4478 1129 4539 agere.
1159 4457 1306 4522 Saevitum
1331 4463 1421 4541 igitur
1439 4466 1470 4525 in
1490 4484 1610 4541 mooe,
1631 4492 1716 4535 me.

66 4546 283 4633 ipeianondum
296 4543 511 4611 demandatam.
549 4548 619 4623 Quo
636 4550 749 4626 audito,
767 4552 866 4617 confe-
921 4574 966 4627 oa,
997 4560 1028 4615 ct
1058 4552 1174 4633 ligneos
1204 4552 1318 4627 hortea,
1349 4556 1425 4617 alioa
1450 4558 1550 4638 capite
1573 4560 1715 4639 plectunt,

64 4645 138 4705 atim
151 4645 246 4725 iprum
259 4638 561 4723 Satrapamiuvadere
574 4652 689 4723 purant
710 4644 865 4727 lllequaa-
918 4648 996 4712 alioa
1021 4646 1157 4709 mauibua
1187 4648 1367 4729 naribumque
1396 4658 1542 4722 truncant,
1575 4652 1715 4721 loedoriia

65 4732 865 4821 mmviaarmieetaatellibuaparuminatnrctuaadpng-
919 4750 952 4804 ct
968 4740 1105 4803 ludibrii·
1124 4762 1184 4803 non
1208 4750 1327 4803 etatnaa
1352 4749 1481 4813 tantum,
1504 4740 1561 4802 aed
1581 4754 1613 4805 et
1630 4751 1715 4829 ipaca

66 4847 143 4901 nam,
162 4846 342 4908 numeroque
362 4834 394 4889 et
405 4826 666 4908 copiabutberana
677 4828 768 4893 factio
777 4832 865 4913 louge
919 4840 1095 4917 prototypon
1113 4842 1146 4896 et
1162 4843 1286 4897 unctor
1306 4833 1534 4905 calumnienter,
1564 4843 1615 4917 qni
1635 4848 1714 4927 capi.

64 4920 256 5005 praevaleret,
275 4919 366 4997 nihilo
386 4922 497 4991 aedua,
513 4927 547 4981 ut
559 4928 624 4983 erat
639 4924 728 4983 animi
744 4924 864 4993 excelai.
917 4930 969 5001 ιἰ,
988 4948 1134 5000 mamm,
1153 4931 1323 5007 nariumque
1342 4924 1474 5005 periculo
1492 4926 1667 4997 catholicam
1683 4936 1714 5000 ti.

64 5031 124 5075 uae
147 5032 216 5075 cum
235 5013 447 5096 atipaturibue,
465 5030 542 5095 quoa
559 5010 701 5077 medecim
722 5012 870 5083 duntaxat
918 5018 988 5083 dem
1003 5022 1215 5083 murac
1235 5016 1314 5078 ilinc
1334 5020 1365 5079 ia
1383 5017 1565 5099 quorundam
1585 5024 1713 5096 Canum.

64 5102 196 5169 babebat
214 5105 397 5187 miniatem
413 5113 447 5171 et
462 5102 642 5171 aelianum
654 5126 758 5173 um
774 5128 862 5177 coaa·
898 5130 1020 5177 maru
1036 5114 1118 5187 (ιιι
1136 5111 1203 5184 hoe,
1229 5112 1300 5192 quie
1318 5107 1357 5172 de
1376 5109 1468 5173 nobili
1498 5124 1584 5180 eraat
1610 5140 1713 5205 pam.

63 5204 287 5263 tumavartera
318 5194 716 5281 ethped‘ueawudiur,
748 5211 861 5269 merto·
915 5202 1548 5290 pammcator-canunt·
1582 5220 1712 5279 uerba
