3742 5626
755 194 808 251 ΑΙ)
827 194 1075 252 rioscuvrtes.
1722 202 1739 256 i

78 350 232 413 Mesenen
252 352 362 429 mgis-
383 350 485 409 urbem
505 347 623 410 deletrm
641 355 706 410 est:
726 348 765 408 de
776 369 835 429 que
845 369 882 410 ac
941 368 1018 429 quae
1039 350 1163 412 Graecia
1182 353 1251 413 elim
1272 352 1365 423 linxit.
1386 364 1442 414 bec
1453 356 1565 425 nostri,
1583 356 1634 434 qui
1649 374 1741 436 nuper

77 444 116 507 de
125 444 356 507 dioscoritarum
371 444 516 514 (lamec,
536 441 635 522 deque
645 442 809 504 illustribus
819 441 881 503 Mo·
941 441 1099 513 redierunt,
1118 445 1227 517 videre,
1246 466 1302 507 nec
1320 449 1457 509 trimestri
1476 450 1579 529 specio
1596 448 1657 508 iilic
1677 470 1737 511 rer·

77 539 198 600 scoriae
208 537 331 597 urbibus
342 537 431 618 paulo
444 540 511 615 poet
520 536 605 616 plure
615 556 719 596 sumus
732 537 879 616 scripturi.
940 536 1008 605 seii,
1027 555 1064 597 ac
1075 535 1305 600 bloscoviternm
1317 540 1444 621 elloquio
1456 553 1614 622 utcumque
1625 543 1740 613 imbuti,

920 624 1040 689 enditu
1061 638 1275 707 cognorerunt·
1314 632 1436 694 Terram
1461 655 1533 695 esse
1562 635 1681 716 planam
1700 654 1738 697 ec

937 729 1133 802 campestrem
1153 723 1205 794 rili,
1218 743 1254 785 ac
1272 746 1337 786 raro
1370 728 1400 785 in
1423 734 1538 787 arentes
1568 748 1739 808 assurgere.
1832 726 1836 731 ’

937 813 977 875 Et
996 836 1055 895 qne
1074 819 1198 895 vergit
1190 838 1219 877 ιι
1240 822 1472 899 septentrionem
1492 821 1655 895 latissimos
1678 822 1738 883 sel·

936 916 986 971 tus
1007 909 1131 971 bebere:
1152 911 1277 992 plurime
1297 911 1337 970 ibi
1356 913 1451 984 ebies,
1471 913 1551 973 unde
1568 914 1608 974 ed
1627 918 1738 976 simeo·

937 1002 993 1064 des
1012 1004 1106 1065 aedes
1127 1006 1257 1067 materia.
1277 1003 1436 1065 lliiseltns
1449 1004 1530 1066 teres
1549 1007 1640 1077 eleut,
1659 1028 1758 1079 uros„

935 1116 1034 1168 ursos,
1052 1097 1140 1178 inpos
1158 1100 1267 1177 nigros,
1285 1097 1432 1178 aliamque
1449 1097 1541 1159 ierem
1557 1106 1658 1162 nostro
1678 1102 1741 1161 orbi

937 1210 996 1249 non
1015 1192 1118 1261 risen,
1138 1212 1226 1272 quem
1252 1191 1294 1251 illi
1315 1189 1553 1252 Rossornecbam
1578 1195 1739 1253 nominant.

152 1289 317 1361 bloscorie,
337 1308 416 1368 queo
435 1293 466 1348 et
485 1287 601 1348 Russie
612 1286 690 1346 Albe
703 1284 878 1353 nominetur,
937 1282 1050 1343 Rerum
1076 1283 1157 1344 ierac
1185 1286 1333 1364 ingenium
1361 1291 1392 1345 et
1417 1285 1591 1365 spectebile.
1631 1285 1741 1346 Satura

75 1391 155 1445 terra
173 1387 222 1443 est
240 1381 433 1460 amplissime,
452 1378 522 1440 bino
541 1378 611 1439 inde
630 1378 722 1439 seriis
735 1378 879 1456 gentibue
937 1377 1015 1435 enim
1029 1376 1203 1447 etdistente,
1216 1378 1337 1439 duorum
1349 1380 1740 1460 stipitomeogosrirsquee,

78 1477 268 1546 contermina,
293 1496 310 1533 a
333 1472 460 1535 Meridie
488 1481 577 1553 atque
603 1472 728 1532 Oriente
747 1470 879 1532 Terteris
936 1470 983 1539 rit,
997 1490 1051 1550 per
1069 1490 1146 1549 ques
1155 1491 1191 1529 se
1200 1473 1413 1543 transmittens,
1432 1474 1544 1534 uentris
1557 1493 1634 1535 onus
1643 1472 1740 1555 (quod

78 1570 211 1648 cingitur,
231 1565 460 1648 septentrionale
484 1567 565 1626 letus
590 1561 734 1624 Oceanus
760 1562 877 1642 Scytbi·
935 1562 1012 1623 alies
1031 1582 1089 1622 ιιι
1117 1564 1263 1642 egeritur)
1288 1565 1412 1627 excolet.
1457 1564 1537 1628 Uros
1558 1568 1676 1648 equites
1706 1572 1739 1628 ut

78 1683 134 1723 cns
155 1661 255 1723 ambit.
274 1658 323 1719 Ad
335 1656 530 1718 Occidentem
540 1663 643 1717 tenent
652 1656 795 1737 bepones
803 1675 878 1733 geos
935 1655 1086 1734 plurimum
1106 1662 1258 1727 venantur,
1277 1676 1366 1716 ursos
1385 1657 1507 1734 pedites
1520 1660 1627 1736 ligneis
1638 1660 1738 1723 loreis.

77 1755 251 1835 sylvestris,
277 1771 333 1812 nec
356 1751 408 1811 nili
434 1750 542 1831 populo
567 1751 742 1810 commercio
760 1751 877 1827 linguae
935 1749 1185 1829 Septentrinoel'rs
1199 1756 1311 1810 tractus
1321 1757 1380 1809 tem
1391 1749 1529 1811 horrendi
1540 1752 1656 1830 irigoris
1667 1772 1739 1814 esse

76 1857 156 1909 nota.
190 1844 264 1905 Post
283 1844 340 1905 boe
358 1850 616 1913 auetrnmrcrsus‚
636 1842 877 1903 incoluntb'ueti:
935 1843 1049 1913 dicitnr,
1070 1853 1102 1902 ut
1122 1865 1160 1904 ex
1182 1843 1311 1903 humidis
1332 1843 1420 1921 lignis
1439 1843 1546 1904 inloeo
1559 1846 1683 1904 structis
1696 1844 1738 1906 di·

76 1937 196 2001 Deinde
214 1936 402 2010 Finlendie03
424 1936 462 1997 eb
483 1936 540 1998 bec
559 1935 693 1997 Livoniir
708 1939 797 2017 juxte
817 1935 875 1997 bos
935 1935 1051 1997 stillans
1071 1936 1166 2015 liquor
1186 1938 1215 1995 io
1235 1938 1348 1996 stiriam
1370 1946 1557 1999 concrescat.
1589 1936 1686 1998 'Pente
1696 1938 1737 1999 di·

76 2031 225 2095 Litbuani.
263 2030 404 2091 Pluribus
418 2050 455 2090 ec
474 2031 608 2091 maximis
627 2029 796 2091 tluarinibus
816 2030 876 2089 irri-
935 2031 1062 2091 remites
1081 2029 1206 2093 teotillo.
1215 2032 1328 2112 specio,
1347 2037 1381 2091 ut
1401 2030 1469 2091 binc
1495 2050 1631 2110 prunem,
1657 2031 1738 2093 illinc

79 2146 135 2207 gna
153 2132 209 2196 eet,
228 2125 390 2203 multisque
411 2125 441 2185 in
461 2124 536 2185 locis
555 2124 708 2206 palustris.
747 2123 876 2185 Nobilis·
934 2124 1061 2201 glaciem
1082 2123 1111 2181 in
1131 2123 1236 2184 eedem
1257 2125 1324 2184 lece
1342 2144 1459 2186 cernas.
1491 2124 1653 2202 Postguem
1666 2123 1737 2205 bye-

78 2221 153 2282 sime
171 2219 321 2279 tlnninurn
342 2216 422 2287 Rba,
440 2216 520 2297 quod
539 2216 579 2277 illi
596 2216 877 2278 meternoidiomete
936 2238 1015 2276 mere
1035 2215 1192 2297 epndillos
1207 2219 1316 2299 incipit,
1330 2216 1461 2295 ⁴assidue
1473 2217 1542 2296 gelu
1556 2219 1737 2279 incrementa

78 2314 207 2391 l'olgear.
234 2310 347 2371 'Peneis
367 2330 455 2390 quern
475 2309 544 2369 Dou
554 2307 770 2388 Borysthenes,
790 2330 877 2389 quen
936 2312 1021 2387 capit.
1059 2309 1125 2370 Nec
1145 2312 1283 2392 seprius
1303 2313 1432 2382 remittit,
1452 2330 1541 2391 quem
1565 2311 1642 2372 solis
1662 2310 1735 2373 redii

75 2406 166 2467 bodie
184 2403 286 2483 Nepet
306 2404 465 2463 nominent.
504 2401 616 2463 ilerum
635 2401 706 2463 Rba
724 2401 877 2482 etqnelio·
936 2409 1066 2464 nostrum
1086 2404 1186 2464 orbem
1206 2406 1372 2466 revisentes
1398 2409 1609 2466 canescentem
1627 2412 1735 2467 terrem

76 2498 237 2579 ryetbenes
255 2495 361 2556 eodem
384 2495 451 2558 lecu
469 2496 524 2556 orti
543 2497 686 2557 immensa
704 2501 876 2578 terreespe·
935 2497 1049 2576 fulgore
1067 2494 1223 2568 exbileret,
1246 2498 1390 2577 tristeque
1414 2496 1483 2576 gelu
1507 2505 1612 2579 tepore
1633 2498 1724 2560 soluit

75 2595 122 2653 cie
142 2595 304 2670 peragrent.
324 2587 395 2650 liba
413 2609 556 2650 amoenos
575 2610 680 2651 emnes
698 2592 729 2651 in
750 2610 786 2651 se
805 2592 876 2652 reci·
933 2591 1052 2652 Nautes
1072 2598 1152 2652 certe
1172 2593 1273 2661 nostri,
1299 2593 1348 2670 qui
1373 2591 1403 2650 in
1431 2592 1498 2650 neri
1523 2598 1735 2664 remanserant,

76 2688 170 2766 piene,
184 2703 222 2744 ac
241 2703 280 2745 ex
299 2685 365 2766 ipso
384 2685 483 2744 statim
502 2682 577 2744 i'orte
592 2682 746 2745 Orientem
756 2691 875 2765 petens,
934 2707 973 2747 ex
994 2685 1124 2745 interiori
1146 2690 1241 2762 stege,
1261 2685 1290 2743 in
1311 2682 1393 2742 loros
1411 2682 1592 2743 scandentes
1612 2692 1671 2744 tear
1685 2704 1732 2745 eu·

76 2779 260 2858 postremos
279 2775 376 2837 flexus
396 2796 433 2836 ec
452 2794 558 2838 cursus
570 2779 722 2855 embegee,
742 2778 875 2839 edvenes
934 2780 995 2839 bite
1015 2776 1186 2857 lipothymie
1211 2796 1418 2853 nonnunquam
1438 2784 1508 2834 suot
1535 2779 1677 2859 correpti,
1701 2784 1735 2837 ui

76 2891 172 2951 eques
189 2889 320 2948 suesque
341 2871 369 2929 in
390 2867 533 2951 Caspium
551 2871 875 2952 mereploribusostiis
932 2873 1116 2933 intemnortni
1136 2866 1263 2929 subinde
1284 2880 1409 2928 ruerent.
1451 2867 1547 2929 Teuta
1578 2874 1642 2930 eret
1673 2869 1734 2931 illic

76 2968 226 3026 exonerat.
850 3020 857 3043 ,
932 2964 1055 3043 rigentia
1074 2965 1151 3025 coeli
1171 2962 1366 3023 inclementia.
1387 2960 1571 3023 Aeetralioru
1591 2962 1670 3025 illiue
1682 2963 1732 3026 aii-

152 3055 266 3118 'l'enais
285 3055 366 3116 iente
386 3055 466 3116 baud
486 3056 651 3137 spectabili,
671 3057 709 3119 ab
729 3059 874 3136 ipsasca-
931 3062 1041 3139 quento
1059 3059 1176 3118 mitiora
1195 3062 1274 3117 eunt.

74 3152 158 3212 tebre
175 3149 365 3228 gendescens
382 3148 501 3210 tandem
520 3150 549 3208 ln
569 3151 698 3233 amplum
709 3151 813 3213 iacun
837 3172 874 3212 sa

73 3243 217 3315 diffundit,
228 3248 299 3324 post
309 3248 472 3321 evagantes
481 3262 576 3323 aquas
585 3244 614 3303 io
625 3251 735 3306 erctum
748 3264 871 3325 cogens,

77 860 141 959 ιι
175 840 421 991 nomem,
463 858 586 976 ιιιι
616 860 679 958 ιι
710 860 878 959 rosen

372 1030 577 1131 ιιιιιι.

73 3343 217 3416 angustus
237 3336 351 3407 labitur,
371 3356 409 3397 ec
427 3344 498 3417 poet
506 3339 619 3417 alipuot
629 3359 771 3418 passuum
782 3339 873 3400 millia

74 3435 177 3492 iterum
196 3432 227 3491 in
248 3430 344 3492 lacum
355 3429 484 3491 dill'ueua
503 3432 607 3510 (quem
622 3435 691 3493 ivan
703 3432 873 3515 appellent)

73 3523 208 3585 flexuoso
227 3530 326 3586 meatu
345 3524 436 3595 vadit,
459 3520 554 3585 donec
580 3526 610 3585 in
638 3527 734 3586 vicina
754 3524 871 3605 Volgee

73 3620 212 3696 pervenit.
233 3616 352 3679 Deinde
361 3619 448 3697 quasi
458 3619 593 3678 comitem
602 3625 768 3688 erersetue,
778 3625 871 3681 irens-

73 3732 158 3773 verso
179 3733 268 3774 cursu
287 3710 413 3771 flectens
432 3711 462 3769 io
481 3710 630 3772 meridiem
650 3712 812 3782 contendit,
835 3732 872 3773 ec

71 3805 230 3867 blesticam
249 3803 388 3885 paludem
407 3806 489 3883 petit.

149 3890 365 3976 boristhenes,
386 3918 472 3976 quen
492 3918 531 3960 ex
556 3896 662 3958 eodem
693 3898 774 3959 sonte
806 3920 871 3961 cour

70 3991 142 4053 Rha
161 3997 256 4050 ortum
275 3990 413 4052 diximus.
433 3996 575 4070 cognatae
593 4010 688 4070 eques
700 3992 870 4052 ineustm=

73 4082 180 4152 deleri,
199 4080 326 4144 subinde
347 4083 506 4145 auxiliaros
518 4104 622 4146 uuas
635 4085 791 4166 recipiens.
813 4084 871 4145 llic

71 4176 219 4239 maximas
238 4180 344 4253 gentes
363 4176 574 4255 praeterluens,
592 4177 711 4239 tendam
736 4180 766 4239 io
792 4177 871 4239 Pon·

70 4279 134 4332 tum
153 4266 300 4329 Euxinum
319 4287 392 4329 sese
411 4269 520 4333 condit.

149 4360 248 4422 Habet
267 4368 297 4421 et
316 4360 470 4423 bloscorie
489 4365 572 4426 lacus
588 4362 624 4425 e'c
635 4374 749 4442 stegoe.
769 4365 871 4427 Lecrrs

72 4459 160 4519 etiem
180 4453 305 4515 deciduo
326 4454 464 4535 syderum
483 4460 597 4518 semine
606 4460 708 4540 pisces
717 4466 868 4537 generent.

1005 3385 1067 3484 lili
1098 3384 1282 3484 discut
1325 3383 1451 3482 lllilib
1492 3383 1643 3488 lidiill.

1006 3624 1167 3705 Reliquum
1187 3630 1244 3693 est,
1265 3630 1297 3684 ut
1316 3626 1465 3706 promissa
1485 3624 1620 3705 opusculi
1632 3643 1732 3704 parea

929 3718 1017 3778 nobis
1037 3716 1161 3790 dicatur,
1180 3716 1416 3798 dequellioseua
1436 3718 1518 3795 regia
1536 3716 1619 3785 urbe,
1641 3721 1671 3774 et
1692 3714 1731 3775 do

928 3808 1159 3872 bioscocitarum
1179 3808 1318 3888 Principe
1338 3810 1428 3871 letius
1438 3808 1527 3888 paulo
1538 3808 1731 3868 disseremus.

929 3902 1025 3984 Cujus
1056 3904 1209 3985 imperinm
1233 3903 1474 3982 eupliaiseiruuru
1504 3908 1568 3969 est,
1596 3918 1732 3980 opesque

929 3993 988 4056 boc
1006 4002 1139 4074 tempore
1158 3996 1303 4073 insignes.
1343 3990 1383 4053 Et
1403 3993 1539 4073 quonieur
1565 3993 1633 4072 ipse
1659 3995 1731 4055 urbe

930 4088 1018 4148 leoile
1036 4090 1112 4148 inter
1130 4093 1267 4148 ceeteres
1292 4086 1485 4168 principatum
1510 4091 1602 4158 tenet,
1628 4088 1731 4148 merito

930 4180 988 4240 silri
1008 4181 1129 4265 primum
1150 4180 1244 4240 locum
1266 4179 1414 4241 vendicet.
1456 4178 1546 4242 Urbis
1559 4180 1731 4262 amplitudo,

930 4278 963 4333 ut
981 4274 1076 4334 nostri
1094 4273 1247 4346 affirment,
1260 4271 1426 4335 bondinum
1445 4270 1509 4334 crim
1520 4274 1662 4337 suburbio
1672 4296 1730 4337 rue·

930 4366 1087 4446 gnitudirre
1106 4373 1223 4447 eoquat·
1264 4366 1411 4429 Aedilicia
1436 4366 1526 4427 hebet
1553 4368 1654 4438 multe,
1674 4367 1731 4428 sed

929 4460 1010 4523 cultu
1030 4482 1211 4541 nequequam
1236 4460 1544 4523 nostrieeonierende.
1566 4460 1659 4520 vicos
1669 4461 1731 4537 pin·

74 4552 150 4612 iuter
169 4547 227 4609 bos
247 4549 443 4630 principatum
463 4555 544 4610 tenet
562 4552 646 4615 lecus
655 4551 869 4623 Belliideeere,
929 4575 979 4617 rea
1000 4554 1099 4625 hebet,
1120 4551 1176 4616 sed
1197 4558 1427 4636 incompositos:
1455 4556 1519 4613 viee
1547 4551 1645 4633 lepide
1671 4572 1729 4611 ιιι

75 4642 120 4703 rel
138 4643 177 4703 ob
188 4641 248 4703 boc
259 4643 416 4721 praecipue
429 4646 637 4716 memorabilia,
656 4647 735 4727 qnod
747 4666 800 4707 arx
809 4669 869 4709 ιιι·
929 4656 1097 4710 sternuntur
1116 4655 1148 4709 ut
1169 4658 1299 4712 nostrae.
1338 4649 1467 4711 Aedium
1488 4648 1620 4726 parietes
1639 4645 1731 4723 lignei

72 4736 218 4797 nideeine
236 4736 266 4795 in
286 4754 324 4794 eo
344 4736 385 4794 sit
398 4741 544 4797 extructa:
565 4757 623 4818 quo
639 4738 869 4802 Moscoviternru
929 4749 1013 4803 sunt:
1033 4747 1113 4805 tecte
1133 4743 1286 4804 scandulis
1305 4740 1535 4819 (utplurimum)
1555 4739 1729 4799 muniuntur.

68 4827 216 4910 Princeps
234 4848 338 4908 gazam
359 4849 443 4890 suem
462 4829 585 4900 confert,
605 4832 632 4891 si
649 4832 767 4911 quando
781 4833 870 4894 bello·
931 4839 1032 4897 iuncte
1052 4836 1161 4916 oppido
1182 4856 1233 4896 era
1254 4841 1311 4905 est,
1337 4841 1367 4894 et
1393 4832 1516 4908 elegans
1549 4837 1579 4888 et
1610 4832 1728 4893 munita.

69 4941 134 4982 mm
156 4928 249 4982 letter
266 4923 382 5004 premii·
930 4929 1044 4989 lluice
1073 4930 1276 5010 septentrione
1306 4926 1470 4987 adnectitur
1499 4923 1570 4983 urbs
1602 4923 1730 4986 lateritio

148 5010 238 5086 Quod
257 5016 297 5077 ad
315 5015 435 5101 Riphea
448 5020 523 5101 J‘oge
541 5020 872 5099 spectetperpetuieui·
931 5042 1020 5083 uere.
1040 5023 1140 5104 ipsius
1152 5024 1240 5082 etiarn
1253 5022 1329 5080 ercis
1340 5020 1456 5079 moenie
1467 5017 1730 5082 leteribusstruun·

68 5110 157 5170 ribne
177 5109 342 5180 candentis,
360 5111 567 5173 undereterea
582 5110 704 5173 Tanain
715 5116 810 5197 ertum
821 5111 870 5173 ba·
931 5124 987 5185 tor,
1007 5134 1131 5194 quorum
1151 5116 1307 5175 crassities
1326 5112 1422 5196 pedes
1438 5110 1471 5175 18
1491 5112 1614 5192 colligit*
1630 5115 1729 5176 Abel·

69 5203 141 5261 bere
161 5205 354 5274 somniarunt,
382 5206 556 5286 reliquaque
580 5212 702 5268 naturee
727 5211 870 5286 portenta,
897 5242 902 5285 q
931 5215 994 5269 tere
1013 5214 1097 5290 perte
1117 5210 1197 5268 sicce
1218 5208 1301 5273 losse
1318 5208 1617 5273 moniturcestellnm.
1639 5209 1676 5269 ab
1690 5209 1729 5267 al-
