3742 5626
146 140 200 197 ns
706 133 947 201 resumuntur
968 134 1293 201 llEJDENS'l'Elllll

147 303 269 383 prriratis
289 300 462 361 ministeriis
480 310 651 375 versentur,
683 300 811 381 publicis
830 300 945 361 bonori-
1005 309 1098 361 esset.
1138 298 1340 361 Corrstitutum
1366 298 1571 381 superioribus
1597 300 1726 359 comitiis
1750 298 1811 359 tue·

147 394 204 455 bus
224 392 501 471 aclllaqistmtibus
522 394 579 455 soli
596 395 837 474 civcspraesinta
856 388 947 473 quod·
1005 399 1061 463 rat,
1080 398 1115 453 ut
1132 396 1183 475 qui
1202 392 1402 475 Reipublicae
1415 412 1507 453 carisa
1522 394 1552 452 in
1564 391 1642 452 bello
1654 391 1811 463 abessent,

147 507 205 567 qne
224 486 256 546 in
275 483 591 567 aliisllcbuspublicis
604 485 853 559 observatumsit,
865 484 947 565 agris
1002 484 1119 566 judicia
1138 488 1254 547 interim
1274 488 1304 546 in
1324 486 1392 546 illos
1413 484 1495 543 rrnlla
1516 482 1723 559 redderentur,
1754 484 1813 544 nisi

148 600 185 639 ac
204 580 271 657 ejus
292 579 412 657 perieris
433 576 597 638 commodis
607 580 700 640 virtus
718 598 819 640 eorum
832 580 948 639 interim
1007 584 1110 638 contra
1131 598 1206 659 (pros
1225 579 1273 639 rel
1290 575 1591 658 rerumjndicatarnm
1604 576 1743 647 executio
1765 596 1813 659 pe·

148 677 365 731 remuneretur:
402 671 432 729 in
462 670 627 732 horroribus
657 669 811 753 capiendis
841 674 948 733 civium
1007 676 1135 731 teretura
1163 670 1211 731 vel
1241 673 1290 751 qni
1316 673 1373 732 rim
1406 670 1517 731 iecisse
1544 668 1729 747 dicerentur:
1762 678 1813 729 aut

149 763 308 845 praecipua
328 758 460 823 conditio
480 764 530 823 rit.
570 762 729 826 Silentium
754 764 824 825 inde
851 785 887 827 ea
911 761 950 825 de
1008 764 1059 843 qui
1083 760 1124 825 ad
1149 770 1259 825 certam
1287 760 1365 823 diem
1392 760 1430 823 dc
1455 764 1590 843 pecuniis
1616 780 1677 822 nou
1705 761 1813 823 solutis

150 876 182 915 re
201 854 271 915 luit:
298 852 428 934 peditem
451 852 570 935 quidem
591 864 741 919 externum
768 876 856 921 uerno
877 866 950 935 erat,
1005 853 1150 935 judicium
1171 874 1206 916 ιο
1231 864 1426 935 suscepturos
1453 858 1615 915 cavissent.
1655 854 1812 935 Exceptio·

149 950 198 1029 qni
219 946 422 1009 necessarium
447 966 518 1011 esse
544 958 676 1031 negaret.
721 951 769 1013 lle
799 948 950 1011 t'nrlando
1009 968 1064 1009 nes
1083 949 1176 1011 basce
1196 949 1288 1009 variis
1309 947 1463 1008 calumniis
1483 947 1513 1007 in
1526 947 1687 1028 perniciem
1699 966 1812 1009 reorum

150 1046 313 1112 ostensum,
332 1037 484 1101 lineatum
503 1060 570 1103 cum
595 1062 615 1104 a
637 1040 828 1123 sigismundo
849 1046 953 1123 Augu·
1010 1039 1142 1103 nonnulli
1164 1040 1393 1102 convertebant:
1418 1036 1506 1099 modo
1526 1041 1672 1119 majorum
1695 1040 1767 1101 lites
1787 1044 1812 1100 in

149 1141 197 1194 sto
218 1130 313 1211 Rege,
333 1152 398 1193 cum
412 1132 539 1197 Lironia
558 1138 682 1217 primum
702 1135 740 1198 ad
759 1136 897 1215 Regnum
917 1155 952 1197 se
1010 1152 1074 1206 cos,
1094 1154 1170 1215 quos
1192 1137 1386 1215 arripuerant,
1405 1129 1586 1212 torquendo:
1606 1131 1685 1191 alias
1704 1132 1813 1211 longis-

149 1220 343 1304 adjungcret,
373 1226 462 1305 lonqe
492 1228 677 1307 gravioribus
707 1251 724 1291 e
755 1228 952 1311 Reipublicae
1011 1228 1078 1287 simi
1099 1226 1242 1306 temporis
1262 1229 1361 1307 spatio
1387 1244 1463 1305 perm
1489 1226 1700 1287 intermortuus
1721 1232 1813 1289 susci·

151 1315 372 1379 conditionibus
392 1318 470 1380 Ituci
494 1320 636 1381 collatum
661 1320 773 1383 luisse:
803 1329 885 1383 recte
910 1329 953 1383 at·
1012 1315 1114 1379 tando.
1154 1318 1259 1399 ltaque
1284 1319 1490 1399 interpretatio
1517 1320 1548 1376 in
1573 1317 1660 1377 bisce
1687 1320 1814 1381 comitiis

151 1430 208 1491 que
229 1406 347 1481 ordine,
379 1410 459 1491 quod
485 1413 615 1493 priorum
639 1413 755 1494 Regum
776 1416 954 1477 auctoritate
1012 1408 1133 1490 adjecta
1152 1409 1223 1472 luit:
1242 1430 1296 1471 eac
1316 1409 1525 1470 ntcnnsnerei
1537 1407 1707 1489 judicatae,
1730 1422 1815 1494 atque

148 1504 212 1583 jam
233 1510 303 1563 ante
323 1502 458 1565 allectum
484 1504 588 1581 luerit,
618 1508 730 1569 meliori
758 1506 955 1589 Reipublicae
1013 1505 1059 1563 vis
1079 1502 1163 1564 solae
1183 1508 1325 1585 exceptae
1345 1502 1593 1580 intelligerentur,
1618 1505 1648 1562 si
1676 1524 1757 1583 qnae
1779 1527 1816 1565 re-

152 1595 220 1675 lege
239 1615 257 1656 a
277 1594 361 1675 Rege
381 1604 579 1659 tranrsactnm:
607 1598 687 1679 quod
706 1599 837 1681 diploma
858 1602 954 1682 ipsum
1014 1615 1087 1656 cens
1103 1594 1240 1677 judicata
1260 1603 1312 1657 aut
1332 1594 1412 1657 iactu
1435 1593 1596 1656 dicereturt
1618 1594 1816 1675 obligationes

153 1688 308 1767 prolatum
319 1696 489 1761 testaretur,
511 1692 610 1771 itaque
630 1692 702 1753 nibil
724 1692 850 1753 alimrum
864 1714 882 1753 n
895 1711 953 1753 mo·
1015 1696 1115 1749 aretem
1135 1692 1165 1749 in
1186 1686 1265 1747 diem
1290 1696 1402 1749 certum
1428 1695 1607 1768 conceptae,
1640 1708 1720 1768 qnae
1749 1694 1818 1751 iutra

151 1778 234 1841 ribus
262 1788 293 1842 ct
320 1782 463 1863 exemplis
492 1785 637 1863 majorum
679 1784 805 1862 lactrun,
848 1784 956 1867 «perillus
1015 1784 1177 1862 proximum
1207 1777 1381 1842 decennium
1413 1782 1607 1861 interpositae
1635 1790 1754 1843 essent.
1793 1786 1816 1845 ,l

152 1872 279 1933 omniurn
298 1881 462 1952 temporum
480 1884 632 1957 receptum
652 1877 769 1950 ferisset,
789 1886 823 1939 nt
843 1896 919 1959 qnae
938 1896 957 1939 a
1016 1876 1145 1936 comitiis
1164 1872 1230 1933 Rex
1256 1873 1433 1944 llicletium,
1465 1874 1515 1953 qui
1541 1872 1580 1933 ab
1608 1876 1650 1935 iis
1676 1874 1818 1947 abluerat,

153 1964 358 2047 superioribus
377 1964 512 2045 Regibus
531 1966 621 2031 feuda
641 1972 804 2032 constituta
828 1972 889 2049 jam
910 1990 956 2031 cs·
1015 1974 1049 2028 ut
1069 1963 1109 2027 ad
1128 1974 1301 2045 sequentem
1323 1963 1538 2047 expeditionem
1562 1984 1597 2026 se
1623 1976 1731 2047 paret,
1758 1989 1817 2049 npe-

154 2064 231 2133 seut,
252 2079 288 2120 ea
309 2060 508 2139 posteriores,
534 2063 562 2122 si
589 2062 661 2125 nihil
685 2066 716 2125 in
742 2064 780 2124 iis
801 2070 958 2137 uerterent,
1016 2078 1138 2139 rumque
1157 2061 1187 2118 in
1209 2058 1288 2119 bello
1311 2080 1347 2119 co
1367 2064 1471 2133 naret,
1503 2078 1556 2139 per
1580 2058 1701 2121 litteras
1729 2060 1817 2122 borra-

152 2150 199 2209 rel
219 2148 395 2231 adjicerent,
416 2172 491 2213 nom
513 2153 611 2231 etiam,
631 2158 658 2216 si
679 2175 754 2237 quae
775 2156 833 2237 ipsi
853 2153 957 2235 arlinu-
1015 2160 1078 2213 tur:
1108 2151 1158 2211 ille
1183 2158 1315 2213 excusat.
1361 2150 1441 2211 Dum
1468 2148 1639 2212 Varsariae
1671 2150 1742 2213 Rex
1768 2164 1817 2213 est.

153 2244 269 2303 xissent
288 2242 414 2324 injussu
435 2242 568 2305 ordinum
580 2250 710 2309 Seruatus
731 2248 857 2309 corrsilio
877 2244 958 2308 adbi·
1016 2246 1149 2305 nurrtium
1168 2242 1308 2305 redactae
1330 2246 1359 2303 in
1379 2248 1559 2325 potestatem
1578 2242 1769 2317 Nisccrdae,
1788 2244 1817 2305 de

154 2334 217 2395 bito
243 2334 421 2396 conterrent.
461 2336 637 2417 legationis
663 2340 808 2421 Episcopi
833 2339 957 2400 l’loeen·
1016 2357 1074 2418 qna
1094 2357 1184 2419 supra
1205 2334 1343 2409 diximus,
1362 2335 1481 2416 accipit.
1521 2334 1651 2398 ltloscus
1677 2358 1748 2398 cum
1770 2342 1818 2421 pri-

155 2425 199 2485 ris
225 2445 292 2485 cnm
317 2430 347 2487 in
374 2426 489 2489 Senatu
508 2430 618 2491 mentio
638 2429 718 2493 tacta
740 2440 839 2507 esset,
865 2452 958 2493 causa
1016 2448 1063 2489 ιιιο
1094 2427 1241 2489 Polatiam
1272 2428 1421 2507 cepisset,
1456 2426 1641 2490 nobilitatem
1670 2440 1764 2513 atquc
1790 2452 1820 2493 rx

155 2518 223 2597 ejus
249 2518 385 2598 vulgata,
415 2540 491 2601 quac
513 2522 577 2599 jam
601 2524 631 2582 iu
655 2522 805 2605 prioribus
832 2525 959 2585 comitiis
1017 2522 1097 2599 agris
1112 2520 1229 2602 plebem
1249 2538 1365 2579 omnem
1387 2522 1417 2579 in
1433 2520 1619 2582 ltloscoviam
1632 2520 1819 2605 deportarat:

93 2662 104 2683 ,
156 2612 186 2671 in
197 2608 313 2672 Senatu
334 2615 490 2693 proposita
510 2612 619 2687 inerat,
640 2617 842 2697 suspicionem
863 2614 958 2677 divor·
1017 2622 1124 2694 postea
1149 2616 1313 2675 inueterata
1338 2614 1402 2692 jam
1427 2614 1491 2691 agri
1523 2614 1589 2695 ejus
1615 2617 1820 2697 possessione,

156 2702 189 2763 tii
208 2702 330 2783 agitati,
355 2713 387 2765 ct
409 2707 505 2786 ipsam
533 2708 666 2771 sustulit.
706 2706 752 2770 lta
773 2708 854 2769 nullo
873 2728 958 2789 repu·
1017 2708 1117 2785 spatio
1135 2708 1278 2787 temporis
1298 2722 1427 2765 amorem
1448 2706 1564 2784 pristini
1582 2702 1702 2767 dominii
1720 2712 1819 2769 exuis-

156 2804 283 2873 guantc‚
313 2794 394 2879 quod
412 2798 503 2879 priori
523 2820 601 2861 auno
621 2802 767 2863 sarreitnm
788 2799 899 2877 luerat,
928 2802 960 2862 in
1017 2816 1052 2857 sc
1073 2817 1126 2858 eos
1145 2805 1243 2870 ratus,
1266 2797 1441 2871 nonnullos,
1466 2796 1614 2859 aciatis
1634 2796 1820 2861 Cossonium

156 2888 234 2949 Ιιοοο
256 2886 353 2950 denuo
377 2890 520 2952 tributum
540 2892 673 2973 jubetur.
713 2893 864 2957 Praefecti
892 2914 959 2956 con·
1019 2888 1165 2970 quendam
1185 2910 1245 2950 non
1262 2910 1386 2971 corpore
1402 2888 1500 2961 modo,
1513 2891 1821 2955 101111111111111001111

156 2980 225 3041 silio
246 2982 323 3041 inter
348 3004 382 3041 sc
408 2982 510 3044 babitu
536 2983 682 3046 redituum
709 2987 960 3068 praefecturarum
1018 2982 1096 3044 ultra
1115 2990 1264 3063 agrestem
1282 2984 1418 3057 valente,
1444 3002 1510 3042 cum
1535 2980 1604 3043 filiis
1624 2980 1821 3067 fratribusque

157 3094 277 3133 snarnm
297 3074 419 3135 alteram
440 3086 583 3156 quartam,
604 3078 701 3158 qualis
725 3078 840 3139 liuram
861 3081 891 3139 in
913 3100 960 3139 ae·
1013 3072 1120 3136 itidem
1140 3074 1360 3135 robustissimis
1388 3074 1555 3135 bominibus
1581 3074 1723 3157 pristinis
1748 3076 1818 3139 sedi·

158 3168 265 3225 rarinm
285 3164 436 3247 publicum
456 3168 626 3245 interretur,
651 3170 727 3231 nltro
753 3172 829 3249 Regi
850 3168 960 3235 detnlc·

157 3266 240 3319 rrrnt:
260 3258 430 3322 conditione
445 3260 575 3342 adjecta,
597 3284 634 3323 nc
654 3267 816 3324 auctoritas
836 3266 961 3344 perscri-

157 3349 290 3423 beretur,
316 3352 363 3413 sol
385 3353 415 3411 in
440 3356 602 3435 exemplum
623 3353 765 3435 deinceps
785 3356 959 3417 tralreretnr.

158 3443 343 3503 l’ostnlatnm
363 3442 440 3503 iuter
460 3444 518 3506 alia
537 3446 652 3525 ullege
672 3446 777 3517 interut,
798 3456 830 3509 nt
849 3470 903 3530 per
923 3450 962 3509 le·

158 3542 246 3611 gatos
267 3534 377 3595 bellum
398 3548 528 3613 gereret3
549 3542 643 3619 ipsca
663 3540 796 3621 periculo
816 3562 961 3602 nrrnnrnm

158 3626 300 3689 abesset:
326 3628 406 3709 quod
431 3648 498 3689 cum
523 3634 611 3692 atrimi
631 3636 678 3693 sui
699 3633 901 3711 magnitudine
920 3637 962 3694 iu·

159 3716 281 3799 dignum
315 3720 383 3783 Rex
411 3720 579 3802 judicaret,
621 3734 775 3787 ostensum
808 3736 962 3809 praeterea

158 3810 221 3885 lrrit,
242 3833 299 3894 qno
319 3814 421 3895 plures
441 3814 609 3894 volutatarii,
629 3818 656 3877 si
675 3818 707 3879 iu
727 3824 890 3899 conspectu
902 3818 962 3881 lle·

157 3906 205 3982 gis
225 3926 345 3986 operam
366 3910 623 3981 rraraturieascnt,
642 3910 848 3974 imitarentur:
869 3910 960 3973 acad

158 3996 333 4059 rniunendas
353 4005 583 4079 controversias,
605 4022 680 4083 quac
700 4025 736 4065 ex
755 4004 962 4067 l’olonicornm

158 4098 189 4148 et
220 4090 463 4154 laitbuanicornm
503 4098 726 4173 magistratuum
765 4098 962 4159 aemulatione

158 4184 284 4241 existere
305 4196 446 4262 possent,
476 4188 673 4266 praesentiam
701 4192 767 4269 ejus
793 4210 851 4250 nun
872 4188 961 4251 modo

159 4272 273 4341 utilem,
303 4273 359 4334 secl
384 4298 461 4356 pene
482 4282 570 4339 ctiam
597 4283 797 4342 necessariam
823 4282 960 4345 suturam.

1019 3166 1076 3228 bns
1095 3164 1276 3228 reddiderat.
1317 3166 1376 3227 llic
1401 3170 1500 3227 statim
1526 3186 1564 3229 ac
1588 3168 1621 3228 iu
1646 3178 1817 3251 potestatem

1019 3260 1115 3339 Regis
1136 3258 1283 3321 l’olotiam
1303 3257 1430 3320 rediisse
1450 3258 1660 3337 intellexisset,
1682 3260 1821 3343 quomode

1020 3372 1086 3412 cum
1105 3352 1204 3432 aliquo
1224 3371 1344 3415 murrcre
1364 3350 1403 3411 ad
1423 3354 1505 3433 prius
1527 3353 1688 3433 imperium
1712 3354 1821 3423 rediret,

1020 3447 1175 3523 cogitarat.
1224 3442 1352 3505 Cosacis
1378 3444 1622 3521 Poloticnsibus,
1658 3466 1720 3529 quo
1749 3456 1822 3509 statu

1018 3536 1147 3597 bostium
1162 3533 1388 3597 resNiscerdne
1402 3544 1515 3612 esseut,
1535 3537 1734 3613 ostenderat;
1755 3560 1821 3601 οοι-

1020 3648 1078 3710 que
1103 3629 1134 3689 bi
1159 3650 1212 3705 eo,
1243 3626 1323 3709 quod
1353 3628 1413 3689 illis
1440 3633 1656 3707 constituerat,
1688 3642 1821 3715 tenpore,

1020 3723 1114 3782 missu
1132 3721 1262 3783 Palatini
1282 3720 1662 3787 PolaticnsisNiscerdam
1684 3726 1821 3787 ιοοοιιίι

1020 3822 1098 3887 scrut,
1118 3816 1355 3893 munitionesque
1376 3814 1625 3895 quemadmodum
1648 3838 1669 3880 a
1682 3818 1821 3881 Cossoaio

1019 3914 1207 3987 acceperant,
1228 3926 1286 3966 ncc
1306 3904 1374 3966 dum
1387 3908 1535 3988 perlectas
1547 3914 1753 3991 reperissent,
1767 3912 1822 3973 sire

1020 4002 1141 4078 negotio
1161 3998 1246 4079 potiti
1267 4020 1304 4059 ca
1325 3999 1451 4061 lucrant.
1493 4000 1670 4065 Cossonius
1690 4004 1820 4065 nibilomi-

1020 4114 1076 4153 nus
1096 4112 1177 4151 rnure
1195 4110 1251 4151 suo
1272 4094 1351 4153 inter
1369 4094 1492 4153 bloscos
1516 4093 1677 4157 inmeritum
1705 4100 1819 4159 t'osaro

1021 4204 1083 4244 rum
1104 4181 1262 4244 adventum
1283 4188 1497 4255 existimantes,
1517 4190 1583 4248 sinc
1603 4188 1671 4249 nlla
1686 4190 1819 4271 suspice

1021 4300 1057 4337 nc
1079 4284 1227 4347 versatus,
1245 4274 1438 4338 Zaroluciam
1459 4276 1563 4339 eadem
1588 4284 1719 4345 ratione
1740 4278 1819 4345 trab

159 4362 257 4441 larges
285 4366 314 4426 in
342 4370 470 4431 comitiis
502 4370 585 4433 bisce
611 4394 677 4433 enm
703 4374 770 4434 aliis
797 4374 834 4433 de
861 4374 961 4451 rebus,
1019 4390 1052 4432 re
1072 4371 1183 4430 nostris
1204 4368 1347 4429 voluerat.
1372 4368 1483 4430 lisdem
1504 4372 1654 4445 Cosacis,
1676 4374 1819 4447 dierum

170 4476 215 4515 nm
240 4478 316 4538 qnae
336 4457 375 4518 nd
396 4459 483 4523 tenda
504 4462 758 4527 beneficiariorum
783 4468 962 4547 l’rincipum,
1020 4461 1060 4525 ad
1088 4460 1278 4520 Zaroloeiam
1310 4462 1469 4535 accedant,
1507 4466 1714 4545 praeseribit:
1745 4486 1822 4549 seque

158 4548 197 4613 ad
218 4552 372 4632 imperinm
394 4554 527 4628 militare,
548 4576 721 4637 poenasque
742 4558 961 4639 seclernmper·
1020 4556 1121 4616 turrim
1142 4556 1340 4629 incensurum,
1360 4577 1397 4618 ac
1417 4554 1485 4616 dum
1506 4560 1532 4617 ci
1552 4560 1596 4618 rei
1610 4558 1721 4623 lllosci
1734 4560 1823 4623 intenti

158 4643 294 4717 linerent,
315 4666 332 4706 a
354 4644 479 4708 delectis
500 4670 535 4709 ex
558 4660 684 4730 utroque
710 4648 813 4711 ordine
833 4652 963 4712 conscri-
1020 4647 1090 4719 sint,
1110 4649 1140 4705 iu
1163 4664 1260 4705 arcem
1281 4666 1336 4707 eos
1355 4647 1550 4723 inducturum,
1570 4654 1750 4715 constituit.
1771 4646 1826 4713 sel

157 4746 224 4813 plac
245 4736 400 4818 quaedam,
421 4760 480 4799 non
500 4748 598 4802 tamen
620 4742 752 4823 perlatae
779 4742 905 4805 tuterunt.
926 4741 962 4805 ld
1021 4762 1054 4802 rc
1074 4740 1187 4800 interim
1211 4736 1343 4813 detecta,
1374 4762 1440 4802 cum
1468 4740 1584 4803 duobus
1614 4744 1695 4808 liliis
1717 4750 1745 4809 iu
1767 4764 1827 4805 eon·

158 4827 254 4887 solnm
274 4828 464 4891 Nisoviorum
482 4832 511 4891 in
527 4832 625 4893 alticio
639 4834 883 4898 continendarum
895 4858 961 4899 eau-
1021 4841 1127 4915 spectu
1142 4831 1319 4893 Zarnloeiae
1340 4835 1410 4915 palo
1433 4834 1556 4896 sullinus
1575 4837 1647 4901 luit.
1672 4838 1746 4903 Sub
1763 4836 1826 4901 ile·

157 4936 201 4987 sa,
223 4919 332 4981 litteris
353 4923 460 5002 quibus
480 4926 620 4987 tributum
641 4931 891 5008 promulgabatur,
912 4930 962 4993 ad·
1020 4940 1137 5009 tempus
1164 4926 1194 4985 in
1223 4925 1367 4988 [solatae
1396 4932 1550 5009 repentina
1576 4934 1769 4996 excursione
1791 4950 1829 5013 op

157 5018 267 5087 rectum
287 5011 356 5074 tuit:
381 5026 414 5076 ut
439 5036 535 5097 usquc
561 5018 599 5081 ad
623 5020 719 5083 littura
740 5024 859 5085 errantia
880 5034 961 5085 entra
1021 5018 1191 5099 priunndoe
1211 5038 1294 5098 spem
1322 5020 1431 5080 t'osaei
1458 5018 1578 5081 addocti
1608 5024 1751 5090 luerunt.
1799 5024 1830 5089 111

158 5099 288 5161 ordinem
311 5104 561 5170 ardmadrertrndi
588 5116 617 5171 in
644 5138 696 5173 ees
723 5128 857 5198 pratestas
886 5118 961 5195 llepi
989 5166 993 5183 ,
1022 5113 1166 5171 Nnonn-
1198 5111 1393 5172 Zebridorius
1427 5114 1571 5187 Floriani,
1608 5124 1661 5199 qui
1694 5120 1828 5183 t'artellr·
