3742 5626
756 194 809 252 An
826 192 1074 254 mammis.
1335 204 1344 223 ’
1718 194 1737 253 9

77 378 125 415 ιιι
136 362 320 437 oppsrstrrrr,
338 352 449 431 quibus
461 356 577 413 mu·
587 353 721 413 convivis
733 350 879 409 ministre·
937 350 1025 409 etiem
1045 370 1104 410 non
1123 352 1239 413 lautiori
1257 372 1352 433 prope
1370 352 1481 431 patrio
1500 353 1626 412 nutritus
1649 370 1736 431 (pu

78 455 139 509 tu·
151 458 210 521 est,
232 446 388 509 lectissimi
399 444 584 507 mrtem:
603 462 784 522 mensesque
794 444 880 523 ipsu
938 443 1039 515 lierus,
1060 442 1132 504 hero
1152 451 1199 507 est
1218 445 1448 508 contubernalis.
1471 443 1737 517 Qun-steht:

78 543 177 603 eureis
196 542 279 602 resin
304 538 381 599 eden
405 536 501 599 luisse
520 545 660 607 onustes,
679 543 713 599 ut
730 534 879 597 nonnullis
938 538 1094 615 ignominis
1121 546 1152 599 et
1177 540 1323 601 obscurus
1353 538 1506 612 sumta,
1541 537 1738 600 etenime-

78 638 166 696 etisrr
186 636 217 694 in
238 654 340 694 mensa
359 631 481 693 dmsset
500 633 595 693 loeus.
624 630 733 711 Neque
753 648 823 690 vero
839 629 879 688 ei
937 629 1074 691 menn
1093 632 1205 692 nostris
1221 632 1372 693 militium
1390 632 1555 713 aprniret,
1575 632 1627 713 qut
1652 631 1737 693 code

79 729 169 788 lentio
190 724 394 788 involvendus
413 730 477 796 est,
501 726 654 787 ministros
673 730 789 785 centuri
809 742 880 803 qne·
936 720 1026 802 longo
1044 720 1244 795 clementiore,
1263 724 1376 805 pellitis
1395 726 1493 786 ocreis
1513 726 1737 804 renonibnsque

79 822 224 899 dregints,
243 840 333 881 nureo
348 824 436 881 reste
454 824 587 890 ornatos,
605 826 652 881 ter
669 820 737 901 ipso
754 816 880 879 convivii
937 821 1067 881 utuntur.
1085 816 1144 878 llic
1155 824 1204 877 cst
1221 818 1418 896 gregrem·
1434 819 1737 900 militnmoppnratue

80 914 331 996 temporecultum
342 914 517 975 mutavisse.
536 911 879 993 Ministriquoquepnne
936 911 980 972 At
998 911 1049 991 qui
1067 910 1240 973 iliustririori
1260 911 1414 989 dignitatis
1431 917 1502 972 sunt
1532 912 1608 981 loco,
1631 913 1737 971 instrn·

79 1028 116 1067 nc
135 1014 205 1087 potu
222 1006 449 1089 nblnperetoro
469 1006 567 1076 siniti,
586 1006 771 1085 qnnreliqui,
789 1002 880 1065 modo
936 1006 1048 1066 etiores
1066 1005 1153 1084 poulo
1173 1007 1202 1065 in
1223 1005 1353 1065 militiam
1374 1004 1609 1086 proficiscuntur.
1639 1006 1738 1082 lpsius

79 1101 231 1167 donentur.
269 1099 322 1162 Ad
340 1104 519 1182 postrenu-
539 1100 621 1161 linito
638 1099 772 1180 prandio,
791 1117 828 1158 nc
848 1097 881 1156 il·
938 1097 1059 1177 quidem
1079 1101 1268 1179 imperatoris
1286 1104 1457 1179 apponius,
1476 1099 1598 1159 voltum
1609 1098 1740 1157 maxime

78 1195 146 1255 letis
166 1194 297 1256 lucernis
313 1193 400 1272 (eret
417 1194 496 1254 enim
515 1195 593 1267 nox)
619 1195 763 1253 convivas
782 1210 819 1252 nc
838 1190 880 1250 ts·
939 1191 1073 1269 insignis.
1115 1191 1249 1253 'l'entorii
1267 1193 1348 1253 enim
1368 1191 1435 1253 vela
1454 1211 1545 1251 nureo
1564 1198 1645 1262 sunt,
1670 1210 1739 1271 spe·

78 1289 206 1351 uiliores
225 1306 332 1348 omncs
348 1287 468 1346 nomine
486 1287 625 1367 appellet,
652 1291 684 1345 ut
702 1304 763 1345 non
781 1285 881 1343 imne·
938 1283 1038 1344 ctrhiii
1057 1287 1215 1347 etiamnum
1224 1285 1432 1368 plumariorum
1444 1305 1546 1368 opere,
1564 1284 1740 1361 mergeritis·
1840 1349 1846 1361 ,

78 1384 134 1441 rito
154 1384 255 1442 nimir
275 1379 418 1449 ridentur,
438 1384 481 1439 tot
500 1380 698 1439 nctemvnrie
707 1377 880 1455 cognomine
939 1397 1000 1457 qne
1018 1383 1131 1439 ornato.
1170 1375 1297 1449 Quoties
1319 1400 1386 1441 eurr
1409 1380 1498 1441 lroste
1523 1376 1740 1440 conserendu-

78 1476 140 1533 viro
151 1474 260 1553 alioqui
271 1472 502 1555 occupetissiruo
511 1473 654 1533 memorie
663 1490 723 1533 non
731 1467 880 1531 excidere.
938 1477 997 1541 est,
1015 1471 1199 1551 inconpositi
1220 1471 1250 1530 in
1281 1470 1391 1535 hostiis
1420 1492 1526 1554 ngrnen
1555 1474 1737 1551 procurrunt.

81 1566 219 1627 Donotivi
240 1587 276 1627 ne
296 1568 445 1627 nominum
466 1565 648 1627 citandornrr
666 1566 743 1625 cotio
764 1568 827 1634 est,
846 1570 880 1622 ut
938 1563 1047 1645 Neque
1064 1564 1159 1624 eciem
1177 1563 1308 1642 dirigunt
1328 1568 1372 1639 (nt
1390 1586 1455 1627 mos
1476 1573 1525 1627 est
1537 1567 1662 1642 amois)
1681 1563 1739 1625 sed

76 1658 264 1720 Muscarium
283 1660 421 1729 referunt,
441 1678 507 1718 curn
526 1663 558 1717 ut
576 1657 712 1719 familiam
723 1657 816 1737 probo
830 1676 878 1715 no·
937 1659 968 1717 in
986 1657 1103 1718 insidiis
1123 1657 1273 1729 collocati,
1289 1656 1478 1719 udverssrios
1496 1659 1675 1721 adoriuntur.
1693 1656 1738 1737 lp·

76 1757 154 1821 scnt,
176 1758 234 1811 tum
256 1759 289 1813 ut
308 1754 357 1832 qui
377 1752 521 1829 Principis
541 1751 670 1812 amicitie
696 1748 878 1820 exciderunt,
936 1768 1037 1812 somn
1057 1752 1127 1830 equi
1146 1750 1227 1812 bidui
1239 1751 1368 1813 inediam
1379 1751 1469 1813 lneile
1477 1751 1585 1814 terunt.
1604 1753 1638 1810 ln
1649 1750 1738 1822 bede,

77 1845 135 1904 hoc
155 1845 242 1905 modo
264 1850 410 1905 notentur.
937 1844 1151 1926 utplurimum,
1171 1845 1308 1906 arnomm
1328 1847 1465 1916 cortices,
1490 1865 1526 1906 oc
1551 1844 1739 1923 virgultum·

936 1938 1045 2009 mollin,
1064 1936 1113 1999 lris
1132 1946 1203 2000 sunt
1221 1959 1276 2021 pro
1308 1940 1427 2021 pabulo.
1465 1937 1605 2000 Bimestri
1636 1938 1738 2018 specio

937 2031 1013 2094 tinne
1033 2036 1143 2093 tnntnrn
1162 2034 1312 2112 penuriosi
1331 2035 1421 2094 etiem
1440 2035 1540 2111 vegeti
1550 2051 1587 2094 nc
1599 2031 1694 2092 tortos
1706 2036 1738 2091 et

936 2146 1032 2208 equus
1052 2132 1083 2187 et
1107 2146 1203 2206 eques
1227 2145 1286 2186 non
1306 2145 1373 2187 rero
1397 2127 1557 2208 perierunt.
1595 2124 1631 2186 Si
1650 2125 1738 2205 eujus

80 2168 140 2265 llll
172 2168 238 2266 lili
265 2167 475 2268 lllll'l'lltl
505 2158 882 2269 inmittimus

154 2409 285 2481 Quoties
296 2411 482 2470 tinitimnrum
499 2410 621 2491 injuriae
638 2409 666 2467 iu
682 2406 791 2467 beilum
812 2428 880 2468 ero·

78 2510 156 2575 cnrrt,
176 2501 255 2562 haud
275 2524 400 2582 unquam
416 2503 641 2583 inlranorgenta
652 2503 777 2561 virorum
789 2501 880 2562 mittin

78 2599 107 2655 iu
129 2596 244 2657 hostem
263 2602 362 2658 nrmot
399 2594 449 2659 Ex
466 2616 591 2677 quorum
607 2615 728 2657 numero
746 2600 879 2657 trecenta

77 2689 167 2751 millis
186 2691 215 2749 in
234 2691 328 2750 aciem
349 2685 450 2752 seeum
470 2690 612 2763 educens,
631 2689 783 2770 reliqnnin
804 2694 879 2749 tute·

77 2783 134 2843 lam
156 2784 269 2861 imperii
288 2785 317 2842 in
328 2784 495 2861 praesidiis,
512 2785 592 2865 eptis
612 2785 643 2843 in
655 2784 731 2843 locis
741 2781 880 2861 disponit.

79 2876 223 2935 Colonum
243 2875 363 2946 nullum,
384 2877 496 2939 nullum
507 2880 695 2937 mercatorem
708 2876 739 2935 in
749 2875 878 2935 militiam

79 2970 158 3045 legit
178 2968 275 3029 'lunia
295 2970 372 3028 enim
392 2974 441 3030 cst
459 2968 571 3051 populo
590 2967 757 3037 multitudo,
777 2978 810 3027 ut
830 2966 879 3029 iris

78 3062 200 3133 relictis,
226 3061 313 3122 bellis
337 3063 402 3122 suis
423 3064 610 3144 juventutem
633 3069 711 3122 terrn
734 3063 879 3142 populoso

77 3155 195 3215 abundo
215 3154 398 3237 suppeditet.
439 3154 643 3239 Quosounque
668 3158 697 3216 in
718 3155 877 3237 expeditio·

78 3270 143 3308 nem
166 3246 256 3319 ducit,
275 3248 393 3329 proprio
408 3254 526 3329 sumptu
537 3270 573 3310 se
589 3248 673 3332 ipsos
693 3251 784 3312 alunt.
823 3250 876 3310 Po·

79 3343 205 3403 destrom
218 3362 341 3421 pegnnrn
362 3364 418 3403 non
433 3351 585 3415 noverunt,
607 3346 723 3423 equites
742 3345 772 3403 in
791 3364 876 3423 prou·

80 3437 147 3495 lium
163 3437 337 3517 procedunt.
362 3438 453 3499 Arne
472 3449 544 3499 suot
562 3436 612 3498 lris
631 3438 722 3498 lorice
741 3444 773 3498 et
791 3439 877 3517 galee

937 2240 1027 2300 opero
1045 2221 1074 2280 in
1094 2219 1173 2281 bello
1186 2225 1309 2283 strenua
1320 2218 1466 2302 Princeps
1484 2240 1561 2282 urus
1580 2226 1639 2292 est,
1656 2217 1738 2283 huno

936 2311 1057 2393 praedio
1077 2319 1129 2373 eut
1148 2312 1239 2373 fundo
1263 2315 1361 2395 aliquo
1381 2313 1480 2386 donet,
1512 2316 1542 2375 in
1568 2313 1737 2376 alimentum

936 2408 983 2465 sui
1004 2427 1195 2485 suorumque,
1214 2411 1264 2489 qui
1283 2419 1382 2469 tnmeu
1403 2408 1558 2487 adipsum
1579 2407 1736 2486 imperetu-

936 2521 996 2559 rem
1017 2505 1085 2581 post
1104 2504 1172 2582 ejus
1191 2508 1312 2561 mortem
1333 2500 1419 2575 redit,
1438 2505 1465 2562 si
1484 2502 1565 2563 nuiln
1583 2501 1683 2582 proles
1696 2501 1736 2560 vi·

935 2594 998 2653 rilis
1018 2614 1112 2655 sexus
1126 2595 1185 2675 ipsi
1204 2599 1364 2674 continget.
1400 2594 1479 2658 Nem
1504 2598 1532 2655 si
1552 2615 1737 2657 numerosam

937 2688 1027 2746 etiam
1046 2686 1220 2747 seminarum
1235 2688 1369 2749 sobolem
1380 2691 1524 2766 genuerit,
1539 2695 1639 2751 temen
1658 2688 1737 2749 hunc

936 2778 1162 2841 haereditarium
1191 2799 1292 2859 ugrum
1325 2781 1462 2841 vendicat
1491 2780 1647 2863 Princeps,
1678 2781 1738 2841 uisi

937 2871 1018 2953 quod
1038 2875 1177 2952 exigrrnm
1196 2872 1273 2949 sorte
1292 2885 1417 2956 portem,
1435 2873 1474 2935 od
1492 2872 1639 2938 dotandus
1654 2872 1736 2957 puel·

937 2966 983 3027 lus
1005 2966 1151 3047 Princeps
1170 2966 1323 3029 concedat
1362 2966 1455 3057 Porro
1479 2969 1528 3049 qui
1546 2969 1737 3051 lmperntoris

937 3060 1134 3123 munificentie
1152 3060 1203 3121 illu
1222 3060 1308 3121 modo
1328 3070 1527 3135 munerentur,
1545 3064 1626 3143 gravi
1645 3084 1736 3146 penu·
1866 3090 1870 3101 ·

936 3154 986 3215 n'u
1004 3154 1214 3234 astringuntur,
1234 3160 1278 3215 tot
1295 3156 1403 3217 milites
1421 3156 1451 3217 in
1470 3156 1649 3229 belloelere,
1669 3176 1738 3217 cum

937 3250 1106 3311 necessitas
1125 3247 1267 3329 postulet,
1286 3248 1364 3330 quod
1374 3249 1455 3311 illius
1465 3248 1548 3312 fundi
1559 3248 1672 3312 reditus
1682 3252 1736 3311 ln·

934 3343 1078 3422 potatoris
1097 3363 1224 3405 censure
1243 3340 1361 3405 ubunde
1380 3345 1489 3406 nutrire
1508 3346 1615 3425 possit.
1646 3342 1739 3407 Hnud

936 3437 1049 3499 meliori
1069 3442 1138 3499 snut
1149 3442 1240 3509 sorte,
1259 3437 1368 3517 quibus
1380 3436 1577 3501 hereditario
1592 3439 1662 3523 jure
1674 3439 1737 3519 agri

80 3531 169 3592 lorice
193 3531 265 3593 loris
288 3552 361 3593 euro
378 3534 496 3610 tegitur,
526 3531 576 3592 rel
597 3531 767 3594 holoserico
787 3535 877 3595 etiem
935 3532 1116 3610 contingunt.
1132 3529 1209 3593 Nem
1219 3531 1248 3592 si
1268 3528 1436 3602 moriuntur,
1455 3551 1512 3593 nec
1529 3531 1666 3595 sobolem
1676 3552 1738 3593 mr»

78 3625 210 3703 gregerio
229 3624 313 3685 militi
343 3622 481 3706 impense
492 3625 878 3707 jurntopulentienroston·
934 3625 1049 3687 mulam
1068 3626 1248 3706 reliquerint,
1266 3623 1441 3686 decedentis
1460 3626 1584 3708 praedio
1596 3620 1737 3687 fiscolm·

78 3728 151 3782 tere.
170 3719 252 3779 Arcu
271 3738 308 3779 ee
326 3719 445 3797 sagittis
463 3724 592 3789 utuntur,
610 3738 691 3779 nore
707 3718 878 3792 anmnnn,
935 3716 1082 3799 peratorin
1101 3719 1203 3781 stetim
1221 3718 1342 3779 cedunt.
1380 3718 1479 3800 Super
1504 3718 1594 3790 hnee,
1619 3721 1648 3779 si
1676 3720 1737 3800 opi·

78 3811 199 3872 lanceas
218 3813 305 3872 etium
327 3811 356 3870 in
377 3811 484 3871 bellun
504 3817 624 3890 gerunt:
644 3812 771 3893 stepedn
788 3812 878 3877 uddu·
936 3832 1002 3873 nus
1020 3811 1129 3894 aliquis
1146 3810 1225 3874 bello
1247 3813 1358 3873 inutilis
1376 3812 1532 3873 obsuiicis
1541 3811 1673 3892 Principi
1687 3810 1737 3873 de-

79 3905 170 3963 ctiore
190 3905 333 3983 equitent,
352 3904 443 3985 idque
458 3915 493 3966 ut
505 3896 631 3967 l'urcee.
651 3904 756 3967 Genus
768 3913 817 3967 est
826 3905 878 3968 lio·
937 3905 1055 3977 seretur,
1076 3904 1157 3985 quod
1176 3906 1218 3965 rei
1237 3904 1356 3965 militari
1376 3904 1543 3976 inidoneus,
1569 3904 1683 3985 amplus
1695 3904 1737 3967 sn·

78 3998 197 4066 ninum,
216 3997 326 4073 algoris
346 3998 422 4060 ultre
441 4019 556 4060 omnen
581 3998 670 4059 iidem
688 4000 817 4081 petiens,
841 4020 879 4063 ee
936 4000 1063 4061 eultstes
1081 3997 1200 4070 behem,
1219 3998 1329 4077 quibus
1348 3996 1511 4059 multiolnri
1520 3998 1738 4075 sanguinisviri

78 4090 174 4147 rictus
193 4090 405 4166 parcissimum.
441 4090 516 4153 Nn·
536 4111 602 4153 orm
621 4092 713 4154 teilui
732 4094 794 4155 eltn
811 4095 880 4155 nire
936 4091 1016 4153 bello
1034 4093 1096 4170 opti
1109 4091 1282 4162 nutriantur,
1291 4110 1361 4153 mox
1370 4091 1532 4153 arcessitur
1543 4086 1656 4163 infelix,
1675 4094 1738 4175 opi·

79 4178 199 4251 condet,
218 4200 284 4242 eun
297 4189 375 4245 terre
391 4184 539 4246 demendo
559 4186 628 4265 gelu
647 4188 770 4249 astricto
795 4189 881 4267 riget,
936 4187 1054 4266 busque
1073 4204 1149 4265 qnos
1168 4189 1251 4247 tento
1271 4204 1339 4245 eum
1358 4184 1484 4258 stidore,
1509 4190 1555 4247 tot
1585 4186 1739 4249 inhoribru

78 4287 181 4336 temen
200 4272 259 4333 nte.
270 4274 416 4348 Sarmata,
434 4298 519 4359 sugo,
538 4281 703 4362 stipitibus,
720 4280 881 4344 nnderen·
937 4299 991 4360 per
1010 4297 1125 4340 omnem
1145 4280 1235 4340 ritem
1252 4279 1441 4360 compererit,
1457 4276 1578 4347 &nodilo
1596 4282 1738 4363 temporis

77 4376 128 4429 tus
147 4387 185 4427 ec
203 4368 288 4429 nives
307 4371 443 4431 saeviunt
461 4392 600 4454 expenso,
620 4377 759 4455 exiguum
782 4377 880 4454 ignem
937 4379 1085 4435 mouente
1103 4374 1229 4435 exuitur.
1257 4371 1326 4435 Nisi
1338 4373 1599 4457 quodperticuinn
1609 4375 1738 4454 aliqum

80 4462 137 4522 sibi
156 4462 256 4522 struit:
276 4466 365 4542 etque
385 4484 509 4526 evemus
528 4474 648 4530 evento
661 4471 754 4551 jacet,
773 4490 880 4551 sngmn
936 4489 956 4527 n
973 4467 1112 4549 Principe
1130 4469 1243 4546 recipit,
1263 4468 1303 4531 sd
1314 4488 1361 4540 se,
1379 4470 1543 4552 conjugem,
1562 4468 1682 4539 liberos,
1700 4486 1739 4529 nc

82 4553 125 4615 illi
143 4561 277 4633 protento
298 4562 357 4626 est,
381 4576 487 4634 sogum
511 4578 565 4639 pro
591 4583 683 4634 noro,
708 4565 738 4625 in
763 4584 881 4629 sunus
937 4560 1123 4625 domesticos
1141 4561 1277 4627 ciendos.
1314 4558 1401 4625 lioee
1419 4560 1669 4642 sutemnpopuio
1684 4559 1737 4621 lrr·

82 4665 182 4725 segem
203 4651 296 4710 instar
315 4651 444 4711 omniun
464 4656 522 4713 est.
558 4652 617 4715 llic
640 4657 739 4721 incole
762 4661 878 4732 uicina,
936 4658 1065 4737 perotorl
1083 4678 1140 4719 sun
1160 4663 1220 4719 tnm
1240 4658 1378 4720 alacriter
1389 4658 1472 4728 fiunt,
1490 4653 1648 4723 uteredrs,
1669 4652 1739 4715 illos
1799 4722 1803 4727 ,

82 4760 159 4820 atl¹¹⁸
179 4764 197 4802 θ
216 4744 314 4821 ΒθΜθ
335 4763 422 4805 ΝΜ
443 4746 546 4827 petite,
565 4767 603 4808 ac
621 4750 788 4831 similagine
810 4772 878 4817 ere·
935 4750 1033 4812 slienn
1051 4752 1233 4821 restituisse,
1253 4772 1311 4812 non
1333 4771 1388 4810 sua
1410 4750 1505 4810 alieno
1526 4746 1660 4809 dedisse.
1679 4746 1737 4808 llis

80 4855 137 4894 nee
155 4836 294 4907 ednirtn,
311 4839 475 4900 convivium
494 4860 582 4902 suuni
600 4843 727 4905 instruit.
763 4847 813 4907 Ae
829 4846 880 4908 lris
936 4845 1024 4905 lionis
1042 4866 1096 4927 pro
1114 4845 1228 4905 meritis
1246 4838 1429 4920 singulorum
1448 4841 1562 4901 aulicos
1588 4861 1660 4901 suns
1687 4836 1737 4902 do·

79 4928 207 5009 dapibus
225 4937 318 5002 somr,
339 4952 375 4993 nc
394 4930 474 4994 lnute
498 4941 620 5015 pestus,
643 4936 683 4997 nd
707 4938 803 5015 ignem
829 4938 879 5001 de·
938 4946 988 5000 nat
1008 4938 1164 5018 Princeps.
1183 4934 1218 4998 ln
1238 4936 1317 4999 bello
1337 4934 1436 5007 edm,
1453 4952 1515 5014 qno
1534 4936 1601 5014 quis
1613 4938 1737 5018 saepius

78 5023 198 5094 enubit,
216 5023 368 5104 leternqne
386 5024 556 5109 hrrjnsnodi
575 5030 751 5091 leutitiorum
762 5033 882 5112 ernpnls
937 5033 967 5091 in
987 5029 1206 5110 expeditionem
1220 5031 1351 5098 mittitur,
1372 5048 1408 5088 eo
1421 5029 1643 5109 propensiorem
1654 5030 1737 5092 Prin·

78 5117 173 5185 tesso,
192 5117 298 5195 rigenti
316 5119 382 5179 solo
406 5124 526 5202 perurit.
566 5122 645 5185 lluic
663 5125 763 5203 rigens
781 5127 880 5187 selum
938 5125 1015 5203 cipis
1034 5122 1163 5185 levore·
1183 5123 1213 5182 in
1233 5142 1270 5183 se
1287 5128 1455 5203 suguntur,
1475 5126 1566 5187 etism
1584 5144 1652 5186 erim
1671 5126 1737 5184 suis

79 5230 131 5287 pro
143 5211 255 5288 plume,
267 5216 533 5279 tnnmsseusilex
544 5238 595 5297 pro
608 5216 755 5283 cervicali.
774 5218 881 5299 Enni·
938 5217 1083 5298 impensis
1101 5238 1137 5279 se
1156 5216 1254 5295 ipsust
1272 5217 1341 5289 nist,
1361 5218 1451 5283 sicuti
1469 5225 1539 5282 ente
1558 5242 1577 5282 e
1596 5218 1682 5280 nobis
1694 5217 1736 5277 di
