3742 5626
135 214 168 289 ιι
757 216 807 271 uu
825 214 1078 271 uescevrrsm
1097 216 1180 271 suu.

134 371 231 451 capite
251 390 366 443 marca,
387 372 628 455 uobisquetertiu
642 370 773 431 foederis
785 371 847 433 initi
859 376 938 431 anuo
998 368 1082 429 sitis:
1102 388 1159 429 nec
1173 378 1357 447 rerngratam
1370 372 1617 441 uobisuccidere,
1638 394 1806 451 qnnrusuu·

134 482 172 525 cs
191 464 333 533 mitteret,
352 484 388 523 ac
407 463 552 545 deinceps
568 465 728 545 quotannis
739 464 877 523 tributum
889 479 938 519 uo·
998 462 1067 539 gnis
1086 461 1227 523 innoxius
1246 462 1397 525 bomluuru
1418 465 1465 525 uel
1486 464 1732 537 Cbrlstianorum,
1759 469 1805 526 rol

135 558 183 617 bis
202 556 332 617 debitum
352 558 548 634 persolveret:
568 564 600 619 ut
617 558 754 619 omuibus
773 555 815 618 ad
837 558 940 613 nostru
998 555 1089 615 etiam
1108 553 1293 617 etbuiccruru
1312 557 1482 617 effunditur.
1524 556 1565 619 Ut
1583 566 1681 619 autem
1699 560 1800 619 intolli-

135 670 171 711 se
195 646 344 730 stipendis
363 649 497 711 conferre
518 650 701 720 volentibus,
726 650 940 731 cujuscumque
998 648 1086 725 gatis,
1098 649 1296 729 queminiquo
1308 650 1463 713 uobiscum
1475 653 1615 731 egeritis:
1636 651 1802 713 decrevisse

135 742 264 805 tamdem
286 744 414 803 ustionis
432 742 569 804 bomiues
588 752 709 813 essent,
730 740 806 801 liber
824 738 865 801 ed
884 757 940 798 nus
1000 760 1057 801 nos
1077 740 1221 817 insignem
1243 744 1405 820 potentiam
1426 752 1556 805 nostram
1575 744 1732 807 adversum
1751 766 1803 805 ros

135 834 235 897 aditrrs
253 841 384 915 pateret:
403 842 436 897 ut
450 856 506 897 nec
518 836 580 915 regi
591 834 753 907 Polouiae,
772 850 940 913 magnoque
997 852 1108 913 reepse
1119 831 1288 905 declarare,
1307 836 1367 899 bac
1377 837 1506 917 epistula
1515 839 1729 917 signilioanrus,
1749 858 1806 917 qna

135 928 292 991 bituauiae
312 927 406 1001 linei,
427 948 484 989 uec
504 930 572 1011 ejus
591 928 763 989 successori
782 926 940 1007 suppetias
999 925 1119 1006 quidem
1139 927 1208 1005 ipsa
1227 927 1338 989 bellum
1350 928 1573 1001 denuntiem,
1592 950 1630 993 sc
1641 952 1749 991 severe
1761 950 1806 988 uo-

136 1020 267 1087 ierretis:
292 1026 325 1079 ut
350 1024 450 1085 omnis
469 1020 599 1103 denique
617 1026 759 1081 contenta
776 1020 883 1081 litteris
901 1016 940 1077 de
999 1020 1048 1081 bis
1066 1019 1227 1091 edicimus,
1256 1041 1296 1080 ne
1315 1021 1463 1083 bominem
1481 1020 1561 1083 bunc
1581 1030 1731 1096 nostrum,
1757 1024 1807 1104 qui

134 1133 210 1195 prce
228 1112 345 1175 moer·
364 1114 526 1187 coniectis,
546 1113 758 1195 nuruumque
769 1112 941 1193 descriptis,
999 1112 1114 1173 litteus
1132 1112 1227 1173 basce
1246 1114 1331 1175 robis
1341 1112 1475 1185 exbibet,
1495 1116 1616 1175 invitum
1628 1114 1808 1177 detineatis:

134 1206 193 1269 tide
212 1206 291 1268 bena
310 1211 513 1289 praestaretis
542 1208 714 1271 Secundum
735 1208 812 1269 beec
831 1204 939 1267 unnlc
999 1206 1057 1267 sed
1076 1205 1199 1267 liberum
1219 1206 1247 1267 ei
1267 1206 1394 1269 reditum
1409 1206 1449 1267 ad
1462 1206 1712 1269 noscoucedetis.
1745 1208 1806 1269 Da-

132 1299 304 1379 getisolum
316 1302 532 1373 contribuunt
545 1302 705 1365 litterarum
717 1301 940 1379 neruiuespcc-
999 1306 1048 1361 tae
1068 1300 1099 1361 in
1119 1298 1263 1369 dominio,
1292 1301 1362 1363 aula
1380 1306 1411 1361 et
1429 1300 1503 1361 urbe
1522 1304 1622 1361 nostra
1640 1300 1805 1371 dioscoria,

133 1394 268 1455 tentibus
299 1394 385 1455 uobis
414 1415 531 1457 crucem
550 1399 773 1459 sacrosanctum
801 1402 873 1453 sunt
891 1412 939 1453 ex·
998 1412 1078 1455 auno
1096 1391 1189 1462 teet,
1208 1410 1314 1453 meuse
1332 1391 1508 1455 Novembri.

135 1488 281 1549 esculeti:
298 1490 490 1555 remunetione
509 1508 600 1571 quum
618 1486 762 1570 preelecti
773 1487 868 1547 nostri
879 1483 940 1546 Ne·
1074 1485 1123 1547 Ile
1143 1485 1229 1547 bisce
1248 1484 1357 1544 litteris
1375 1484 1570 1547 animadverti
1592 1484 1680 1545 iacile
1696 1492 1806 1564 potest,

135 1580 308 1660 regardieui
332 1586 363 1641 ct
381 1580 570 1644 Plescevisui
589 1579 712 1643 easdem
726 1580 820 1663 juesu
837 1584 940 1639 oceno
999 1566 1077 1658 boae
1087 1578 1194 1639 blosce
1204 1574 1275 1637 belii
1283 1578 1405 1655 gerendi
1426 1598 1539 1639 ceusee
1559 1576 1676 1639 luerint.
1699 1577 1807 1639 Edixe·

135 1694 188 1752 per
214 1675 420 1735 internuntium
440 1694 544 1746 suum,
571 1673 740 1737 blolsrduru
766 1671 938 1751 Torpicum,
999 1682 1066 1733 rant
1086 1671 1144 1733 sub
1163 1672 1449 1751 poeuagreuissina
1461 1670 1670 1741 biveuienses,
1690 1674 1808 1751 nequis

134 1766 173 1829 sd
192 1788 247 1829 ves
265 1768 436 1838 misissent,
455 1768 514 1847 ipsi
533 1788 652 1847 quoque
672 1786 791 1827 crecere
810 1770 872 1825 tum
890 1782 940 1823 ve·
998 1765 1126 1834 loricus,
1157 1760 1299 1825 tburecee
1324 1763 1457 1836 terreos,
1481 1784 1563 1826 arma
1581 1763 1678 1825 terrea
1697 1768 1807 1825 ceteris

133 1866 197 1921 stro
217 1862 353 1931 numine,
384 1872 448 1921 turn
467 1858 652 1921 subditorum
671 1864 836 1919 vestrmum
854 1876 940 1917 oscu-
999 1858 1140 1919 mernbris
1165 1856 1332 1921 muniendis
1360 1856 1454 1929 lecta,
1486 1857 1637 1939 pidverem
1655 1860 1806 1919 termentu-

135 1954 186 2015 lsti
206 1954 295 2025 estis,
315 1952 436 2015 dextras
454 1952 605 2015 amicitiae
617 1952 785 2032 symbolum
796 1950 940 2031 porrexis·
999 1952 1089 2020 rium,
1109 1948 1288 2011 bomberdas
1306 1950 1360 2027 (ut
1378 1952 1505 2029 vocaut)
1523 1952 1704 2022 manuaries,
1724 1951 1807 2031 quid-

135 2046 191 2117 b’s,
222 2048 352 2129 scriptas
371 2045 411 2107 de
428 2066 505 2127 pecs
524 2046 639 2107 litteren
657 2052 726 2107 octo
745 2042 854 2123 sigillis
872 2060 941 2123 spe
999 2064 1087 2125 quem
1112 2064 1209 2105 rerum
1233 2042 1358 2105 ullarum
1377 2046 1407 2105 iu
1427 2065 1513 2105 usum
1533 2044 1606 2105 belli
1626 2046 1807 2123 excogitata-

136 2144 234 2202 ctaute
253 2138 389 2203 bielsrdo
413 2140 599 2210 munivistis,
626 2139 755 2201 munitae
779 2134 941 2218 praelectis
998 2156 1060 2199 rure
1080 2136 1129 2197 vel
1146 2137 1242 2217 pretio
1262 2133 1379 2199 Moscis
1398 2137 1561 2209 venderet,
1591 2139 1639 2199 vel
1657 2156 1712 2217 pro
1733 2156 1805 2199 erer-

136 2234 248 2295 uoetris
266 2234 445 2295 remisistis:
465 2238 499 2293 ut
517 2232 656 2293 eruribus
674 2231 774 2293 modis
793 2228 880 2291 iidem
891 2248 940 2291 uu
999 2230 1087 2291 ebus
1096 2230 1163 2309 (qul
1175 2228 1325 2310 bedieque
1337 2231 1511 2311 populorum
1519 2230 1730 2310 aquilonalium
1742 2252 1807 2291 mos

136 2325 184 2385 bis
204 2324 353 2391 laceretis.
374 2326 494 2404 egregie
513 2346 568 2385 vos
588 2331 675 2403 pactu
684 2328 831 2385 convente
841 2342 946 2383 serva·
1000 2324 1072 2399 cet)
1098 2328 1304 2385 commutaret.
1351 2322 1502 2385 Nolebeut
1526 2326 1606 2385 enim
1632 2322 1682 2385 bis
1708 2324 1806 2391 rebus,

136 2424 229 2479 tures.
282 2417 388 2477 l'erum
408 2438 446 2477 ne
465 2416 610 2478 tentillurn
629 2416 749 2497 quidem
770 2436 869 2477 eurum:
892 2414 941 2475 ba·
1000 2436 1122 2495 quarum
1140 2416 1268 2497 opifices
1285 2414 1367 2496 apud
1385 2417 1469 2495 ipsos
1487 2416 1736 2486 desiderarentur,
1756 2436 1804 2477 ne-

137 2516 243 2571 ctenus
256 2506 942 2591 praestitistisquseuobisusqueedeosancte
1000 2510 1112 2571 tloneur
1142 2530 1195 2588 per
1213 2530 1250 2569 se
1269 2506 1438 2571 dominandi
1457 2510 1594 2591 cupidam
1614 2530 1718 2587 magno
1738 2530 1804 2569 ouer

136 2602 259 2683 polliciti
278 2604 367 2673 estis.
406 2600 497 2675 Quod
515 2604 633 2673 hmetsi
653 2622 712 2665 uos
728 2600 942 2663 animaduerte-
1000 2603 1196 2673 finitimum,
1217 2622 1333 2682 sueque
1359 2604 1389 2663 iu
1408 2604 1513 2682 primis
1532 2610 1593 2665 tum
1613 2608 1724 2663 terrore
1743 2610 1801 2661 turn

136 2716 248 2765 remus,
267 2716 305 2757 ue
324 2702 422 2757 umen
442 2694 481 2757 ad
502 2714 583 2757 arne
602 2692 799 2765 resuscitet,
818 2700 942 2754 temere·
999 2696 1175 2757 detrimento
1194 2696 1312 2757 armari.
1344 2694 1410 2755 lloc
1430 2695 1558 2757 edictum
1577 2696 1636 2755 sibi
1656 2694 1800 2755 molestis·

136 2808 195 2869 que
210 2788 445 2851 Cbristiauorum
464 2790 589 2869 sanguis
608 2786 819 2849 effunderetur:
840 2804 943 2865 saepe·
999 2790 1109 2849 sineru
1128 2807 1216 2859 esse,
1237 2787 1413 2869 jamdudum
1433 2788 1556 2849 bloscus
1574 2787 1803 2865 siguibcsuerut.

138 2900 259 2943 munero
276 2884 370 2943 vesbl
388 2902 445 2947 res
463 2882 554 2943 officii
574 2900 626 2961 per
645 2882 761 2943 litteras
779 2898 943 2941 commenc-
1000 2879 1175 2943 Acccdebut
1194 2882 1294 2943 tributi
1306 2880 1641 2959 Dorpnteusisadsidua
1654 2880 1805 2957 flagitatio.

135 2974 270 3035 lecimus.
301 2972 463 3037 Proeteree
481 2996 537 3056 per
548 2976 678 3053 legatum
690 2972 942 3035 eduesucstrurn
1000 2976 1089 3058 cnjus
1109 2974 1231 3037 ditionis
1249 2976 1368 3036 nomine
1381 2974 1497 3035 hiconii
1517 2974 1590 3035 nibil
1602 2976 1632 3035 ei
1641 2972 1742 3033 deberi
1757 2994 1805 3031 ue·

137 3064 303 3129 Gomon
321 3064 524 3147 Flemingum,
545 3089 599 3149 per
617 3068 826 3129 internuntium
839 3065 942 3127 i'nleu·
1000 3067 1110 3129 lebeut.
1148 3066 1271 3129 Dubaut
1289 3087 1409 3148 operam
1429 3067 1518 3129 iidenr
1537 3066 1746 3137 bivonieuses,
1768 3088 1805 3125 ue

135 3160 243 3233 tinum,
271 3180 327 3241 per
350 3160 540 3223 melchiorem
565 3164 691 3244 ejusque
710 3160 857 3239 collegas,
889 3177 943 3239 per
998 3162 1124 3225 alienun
1144 3162 1292 3223 unionu-
1312 3160 1466 3231 bemiees,
1486 3160 1712 3241 uereopiices,
1731 3178 1805 3217 uere

134 3252 297 3315 Mricum
317 3252 446 3335 denique
457 3252 643 3317 Guinterium
661 3254 748 3315 vobis
766 3252 942 3331 significavi·
999 3256 1110 3317 milites
1130 3274 1184 3335 per
1202 3254 1332 3333 ipsorum
1352 3254 1428 3313 bees
1448 3253 1487 3315 ad
1499 3253 1626 3315 blesens
1645 3274 1718 3313 sese
1737 3272 1805 3311 corr·

135 3364 220 3417 nus,
238 3352 344 3427 petere
365 3366 422 3409 nes
440 3352 474 3409 ut
491 3347 670 3409 abstineatis
683 3346 792 3427 iniquis
804 3362 942 3405 sserme
999 3348 1124 3418 tenent,
1142 3348 1248 3425 eisqrw
1268 3345 1418 3425 stipendia
1436 3346 1579 3408 tacerent.
1625 3349 1657 3407 lu
1679 3346 1738 3405 boc
1756 3365 1804 3423 ge·

136 3438 240 3511 nibus,
259 3444 291 3499 et
309 3460 329 3501 a
349 3440 473 3501 reniale
491 3440 615 3511 alienis,
633 3437 942 3519 qrribrrseristimatic·
999 3461 1070 3501 nere
1082 3438 1288 3521 superioribus
1301 3438 1538 3518 annisquiddam
1549 3438 1709 3507 accideret,
1721 3437 1801 3517 quud

136 3550 204 3593 ιιαιι
233 3532 400 3613 munus
426 3538 558 3595 nesbam
582 3531 704 3593 laedere
722 3532 941 3593 consuevistis:
998 3534 1160 3613 aegerrime
1171 3531 1297 3593 blesens
1318 3532 1442 3594 terebat.
1482 3532 1608 3593 illiserat
1627 3532 1742 3611 maguis
1761 3533 1802 3589 in-

135 3626 236 3705 itaque
255 3646 311 3687 uos
329 3627 456 3703 geratis,
473 3628 574 3705 agnita
583 3626 769 3707 superiorum
779 3632 941 3705 temporum
999 3632 1141 3687 structum
1151 3626 1285 3705 pecuui
1295 3626 1473 3687 Gerrusuum
1485 3625 1650 3704 quemdam,
1671 3627 1723 3703 qui
1737 3628 1805 3706 ejus

135 3716 238 3797 culpa,
270 3718 515 3799 quemedmodum
541 3726 573 3779 et
591 3718 766 3790 litterarum,
796 3726 827 3779 et
845 3716 941 3779 osculi
999 3721 1029 3781 iu
1052 3722 1122 3781 aula
1140 3718 1268 3789 uixerat,
1287 3718 1326 3779 ed
1348 3718 1487 3779 llaroluur
1506 3719 1673 3795 Augustum
1692 3716 1804 3778 etFer·

134 3812 232 3873 crucis
249 3810 353 3891 religio
363 3812 537 3895 puslmleret.
567 3812 655 3875 lleuc
670 3810 880 3889 benignitatem
891 3829 941 3869 un·
999 3811 1158 3873 dinwdnm
1175 3809 1354 3881 Caesarem,
1373 3812 1432 3872 sub
1451 3812 1557 3892 specie
1577 3810 1695 3889 quidem
1715 3812 1804 3889 prisci

133 3912 226 3969 utrem
236 3906 389 3986 aspernari
401 3904 940 3985 nondubitutimtqueetismestuto
1000 3904 1147 3975 foederis,
1165 3902 1224 3965 sed
1242 3925 1346 3965 revers
1364 3926 1424 3983 quo
1443 3906 1620 3983 impetraret,
1639 3904 1718 3984 qued
1736 3924 1805 3965 curu

134 3998 259 4059 mosibo
277 3998 392 4059 litterae
410 4020 431 4059 a
449 3998 538 4061 nobie
556 4004 673 4077 petere,
700 3998 809 4078 quibus
827 3997 941 4057 mitten·
999 3998 1095 4059 anime
1114 4018 1172 4059 suu
1191 3996 1301 4059 dudum
1320 3997 1511 4077 expetiverat
1541 3996 1615 4059 Eret
1627 3996 1676 4058 bic
1688 3999 1805 4077 legurm

133 4090 184 4151 dis
202 4089 242 4151 ed
260 4110 317 4153 nes
336 4093 444 4169 legetis
462 4090 501 4151 de
520 4092 656 4152 itinerum
677 4091 836 4151 meretoc
855 4109 940 4151 cere·
998 4091 1029 4149 in
1054 4090 1225 4151 celebribus
1244 4090 1304 4151 illis
1323 4090 1436 4171 imperii
1456 4090 1584 4149 comitiis
1602 4092 1802 4168 Augustouis,

134 4188 227 4243 rebrr:
247 4182 305 4243 bec
323 4202 384 4245 usa
402 4184 535 4245 nimirum
553 4182 593 4243 de
612 4201 721 4253 caess,
740 4189 816 4243 utre
828 4181 940 4245 diutius
999 4204 1077 4263 quae
1097 4184 1196 4263 captis
1204 4182 1327 4244 Saxone
1336 4182 1537 4260 Septemviro,
1558 4180 1707 4262 Cettoque
1727 4186 1801 4264 priu-

134 4280 297 4351 protrscte,
315 4276 403 4337 nobis
421 4275 566 4357 deinceps
585 4272 758 4337 illuderetis.
792 4274 939 4348 Quamob
998 4278 1080 4356 cipe,
1099 4295 1177 4337 anno
1198 4276 1282 4337 1548.
1302 4282 1373 4337 sunt
1391 4274 1502 4337 babitu.
1532 4276 1685 4337 blendutis
1705 4274 1801 4337 blosci

134 4386 197 4429 rem
215 4386 307 4447 quum
326 4366 406 4429 uuila
424 4368 502 4447 legis
511 4368 645 4440 diuinae,
665 4369 826 4431 unllelidei
839 4376 939 4449 pecte·
998 4370 1095 4447 legato
1114 4366 1194 4429 detis
1212 4368 1271 4430 boc
1289 4388 1408 4447 quoque
1426 4369 1642 4431 continebatur.
1687 4368 1723 4429 st
1745 4368 1802 4429 Ce-

134 4481 198 4525 rnm
224 4460 338 4521 ratione
355 4459 472 4533 babitu,
504 4468 536 4523 et
553 4462 653 4521 crucis
671 4464 775 4523 oscrdo
795 4462 940 4540 neglecto,
998 4464 1081 4523 relus
1099 4482 1136 4523 ac
1148 4460 1357 4521 Ferdinendus
1369 4462 1468 4541 legato
1479 4468 1655 4541 potestetem
1670 4462 1803 4522 lacerent

135 4562 265 4617 nostram
290 4576 410 4637 quoque
430 4554 617 4617 clementium
637 4554 853 4633 floccipendere
871 4555 941 4616 sitis
998 4554 1147 4636 stipendio
1174 4574 1232 4615 suu
1260 4553 1419 4633 colligendi
1438 4554 1577 4617 bomiues
1596 4554 1740 4615 undarum
1760 4575 1803 4615 ar·

132 4650 216 4711 arui:
247 4646 317 4709 Deo
342 4648 461 4711 terente
486 4646 637 4711 vindicere
662 4647 791 4709 tamdem
817 4646 939 4727 injurias
997 4649 1068 4709 tium
1087 4654 1120 4707 et
1136 4648 1318 4727 opiticiomm
1339 4650 1467 4728 peritos,
1496 4649 1546 4727 qui
1567 4647 1672 4707 litteris
1691 4644 1803 4709 Caesa·

132 4742 307 4823 sceleraque
326 4748 428 4803 vestre
447 4740 638 4825 ueljustitiee
650 4748 770 4803 nostroe
781 4740 939 4818 crucique
996 4742 1057 4803 reis
1076 4742 1211 4801 instructi
1231 4760 1283 4821 per
1294 4740 1459 4813 bit-oniam,
1480 4748 1512 4802 ut
1529 4739 1802 4821 imperiellumanu

133 4834 332 4917 supremillel
353 4834 480 4897 uioletae
499 4837 617 4897 nemine
629 4836 804 4912 cogitamus.
832 4835 938 4911 leque
996 4834 1162 4917 subjectam
1187 4836 1382 4915 provincias,
1410 4836 1489 4895 intre
1515 4836 1592 4893 lines
1616 4854 1691 4893 euos
1710 4834 1804 4913 impe·

132 4940 241 4989 uentu
260 4930 288 4989 si
308 4925 858 5007 saepirisalterutrorumprolundetru,
879 4944 937 4985 uon
996 4926 1098 4987 diente
1123 4928 1241 4989 nemine
1260 4930 1362 4989 venire
1381 4928 1634 5007 permitterentur:
1664 4926 1804 4987 lloscunr

133 5018 220 5081 nobis
238 5018 298 5081 buc
316 5022 467 5103 imputari,
486 5021 544 5083 sed
563 5022 731 5105 injusticiae
752 5028 869 5081 vestrae
887 5018 937 5079 de·
996 5021 1128 5082 vicissim
1147 5022 1237 5083 animi
1257 5022 1332 5097 grati
1348 5019 1518 5081 declernndi
1528 5040 1620 5081 musa
1634 5028 1734 5081 sumtu
1743 5042 1803 5081 suu

132 5112 196 5175 bet.
231 5110 308 5175 Ns·
327 5116 407 5177 scire
427 5134 482 5175 ves
501 5116 619 5175 cerrino
639 5114 789 5183 volumus,
809 5134 866 5173 uon
885 5114 936 5173 rui·
996 5120 1088 5177 totum
1118 5114 1274 5175 trienninm
1299 5111 1413 5173 selecta
1437 5132 1556 5173 suerum
1584 5112 1733 5174 bominum
1755 5116 1792 5173 tri

98 5256 102 5274 .
120 5224 192 5275 ,ΙΙΙ
206 5226 284 5271 taes
302 5206 572 5273 mecumtecum
592 5208 810 5287 nurerum.
829 5226 867 5269 ac
883 5226 938 5267 ses
995 5206 1078 5284 ginte
1093 5205 1201 5277 millis,
1220 5206 1270 5283 qui
1290 5224 1370 5265 more
1388 5206 1487 5282 gentis
1508 5207 1802 5281 equitesomnesee·
