3742 5626
626 248 681 309 ult
702 244 843 309 REBUS
862 242 1179 307 MOSCOVl'l'lClS,
1681 250 1740 310 tao

67 416 200 483 exerciti,
222 416 320 474 minus
342 413 451 473 urorlris
470 416 583 481 lentati,
604 432 700 489 neque
719 416 762 469 tot
776 409 872 469 caedi·
933 430 995 469 rum
1015 410 1122 469 circam
1144 428 1262 489 quaque
1281 408 1399 478 tratrem,
1427 418 1457 470 ut
1483 432 1560 491 rqrrae
1586 413 1654 473 lrelli
1682 413 1731 473 da·

68 510 127 570 irus
147 508 300 577 imminuti,
320 512 351 564 et
368 506 525 583 pauciores
544 508 614 564 item
634 504 663 562 iu
683 523 771 563 arces
783 506 873 583 ioqm·
933 523 1008 571 mna,
1034 506 1265 561 excarrsieoesre
1291 498 1420 560 lmstium
1446 504 1565 564 minime
1591 507 1732 568 senserit.

67 604 130 673 siti,
151 622 211 662 nen
232 603 273 661 itu
293 599 384 659 orlras
406 598 511 657 ‹lomos
536 597 666 677 pesteris
691 597 872 676 reliquerint.
933 594 1021 665 (lurae
1040 616 1090 655 res
1111 594 1190 663 lecit,
1209 604 1243 653 ut
1263 599 1293 653 et
1316 592 1453 671 Vologda
1473 601 1503 654 et
1525 598 1734 667 Cosannmuc

67 694 106 757 ld
125 714 196 755 rere
216 693 255 753 de
265 692 364 754 Mosei
376 690 480 767 Regia,
500 710 578 767 quae
597 688 729 765 (utiliori)
750 687 875 747 ttosem
932 688 1090 767 praecipue
1111 692 1224 747 tractus
1244 686 1302 756 ille,
1323 688 1371 767 qui
1392 688 1487 763 iringis
1502 688 1539 748 ad
1551 687 1734 770 Septentrio·

68 794 128 859 err,
147 794 260 849 certum
270 790 333 857 θείς
352 786 470 859 triginta
483 782 631 843 laeminum
645 780 745 849 millia,
763 779 875 859 pueris,
935 800 999 837 nem
1020 781 1123 855 uergit,
1143 779 1313 838 hirminilurs
1332 780 1472 840 aluredet.
1514 780 1577 841 Sat
1599 788 1629 841 et
1654 786 1733 861 quie-

69 900 207 961 sexuque
227 886 351 958 utreque
379 881 546 945 numerato,
575 875 632 935 lroc
657 879 790 953 tempere
816 890 873 930 non
934 872 1004 951 quid
1027 872 1116 953 liujus
1135 878 1181 930 est
1202 873 1252 939 rei,
1272 894 1308 931 ac
1328 878 1736 953 rporarrtumcuoqucterrorum

71 974 199 1035 censeri.
240 971 314 1034 Nam
342 975 571 1051 qrmotacunque
593 969 732 1028 Civitatis
756 967 876 1044 species
934 964 1059 1025 lllescus
1079 986 1098 1025 a
1117 964 1303 1033 ltillmaniae,
1323 984 1359 1026 ue
1385 966 1527 1027 laireniae
1554 967 1661 1029 tinilms
1687 988 1735 1029 us·

72 1066 194 1127 adeunti
215 1066 334 1126 incurrit
347 1063 503 1131 inocnles,
523 1061 679 1122 accedenti
701 1066 798 1119 tamen
812 1078 876 1139 pre·
934 1078 993 1138 que
1012 1057 1050 1117 ad
1071 1077 1151 1119 urruc
1172 1056 1323 1138 Caspium,
1344 1057 1391 1119 cel
1411 1057 1448 1119 ad
1471 1059 1600 1139 Lappes‚
1625 1062 1673 1123 rel
1697 1060 1736 1121 ud

72 1160 142 1240 pius
165 1159 221 1235 (nc
247 1158 342 1219 dicam
364 1168 472 1237 pumen
493 1156 646 1235 ingresso)
666 1154 750 1232 ipsae
770 1150 877 1211 denras
936 1151 1136 1220 (immissas,
1155 1153 1636 1233 caeterasqnepetiusvastitates,
1649 1172 1738 1232 quun

74 1250 198 1313 nultum
231 1259 329 1311 terrae
348 1252 484 1331 spacium
515 1253 678 1329 eeenpaul;
702 1246 877 1327 quatearunr·
935 1244 1070 1326 populos,
1091 1244 1204 1303 obtinet
1223 1246 1315 1321 gratis
1325 1264 1399 1305 sanc
1411 1243 1518 1305 dictum
1532 1250 1588 1315 est,
1607 1244 1676 1305 inde
1686 1244 1737 1305 de·

10 1378 13 1415 ι
72 1364 143 1425 que,
162 1363 198 1405 ne
219 1364 277 1405 non
303 1345 392 1403 nnius
412 1342 466 1402 leri
486 1340 665 1423 amplitude,
692 1340 879 1417 anillitusquo
937 1342 1033 1403 centa,
1052 1342 1223 1396 trecentare
1243 1339 1372 1418 equiturn
1385 1338 1473 1397 millia
1489 1339 1518 1397 in
1529 1339 1623 1398 aciem
1637 1336 1740 1409 eduei3

75 1440 144 1520 ipse
162 1456 310 1498 sacrarum
332 1433 449 1497 aedium
470 1434 608 1514 (quaead
626 1433 878 1494 ciuitatesernan·
937 1437 987 1490 aut
1008 1430 1193 1491 Tartarorum
1214 1450 1332 1511 quoque
1351 1432 1489 1491 inlinitum
1517 1452 1589 1491 esse
1616 1430 1740 1491 multitu·

74 1530 134 1591 dos
153 1531 264 1611 petius,
282 1550 369 1611 quam
389 1526 427 1587 ad
447 1527 557 1588 cultum
577 1530 730 1587 extructae
749 1544 821 1585 esse
840 1525 880 1583 ri·
938 1524 1046 1592 dinem,
1068 1543 1164 1601 qrram,
1177 1542 1240 1582 com
1255 1523 1380 1585 Messes
1400 1524 1471 1584 uelit
1492 1525 1521 1583 io
1533 1524 1741 1605 expeditiones

74 1623 193 1693 derrtnr,
212 1644 279 1683 cun
299 1626 361 1681 tete
382 1640 458 1698 pene
471 1640 550 1681 anne
559 1618 721 1699 plerunque
730 1619 791 1679 sint
803 1617 880 1679 clau·
939 1618 1072 1677 emittere
1093 1616 1197 1695 pessit.

10 1768 12 1785 ,
74 1718 144 1791 sec)
163 1717 317 1777 certiorem
337 1714 469 1775 veritatis
491 1711 577 1773 sideru
600 1710 740 1772 efficiunt.
762 1709 802 1772 Et
819 1718 882 1771 crat

76 1830 155 1870 sane
173 1807 280 1869 eorlem
299 1806 357 1867 lrec
377 1805 517 1887 Principe
536 1806 700 1883 augustior,
721 1822 757 1864 ec
783 1824 881 1864 narme-

131 1904 139 1920 '
346 1899 403 1959 sed
445 1920 502 1959 neo
534 1898 692 1958 paesentis
711 1896 882 1958 sacculisc·

75 1901 442 2078 'machiritircdn'i'rrlerid
451 1920 646 2062 concisurum,
664 1988 882 2070 incelispleris·
1017 1948 1215 2027 Mose!
1245 1950 1668 2051 MUNH'IONES,

76 2110 139 2169 que
158 2086 296 2150 incendio
314 2086 491 2167 absumptis,
513 2104 563 2145 res
582 2083 882 2161 emnisioangustie·
943 2096 986 2142 ur
1013 2092 1127 2140 rtarte
1153 2092 1280 2140 nauum
1307 2095 1645 2157 utinamutinam,
1673 2097 1743 2143 cunt

77 2202 131 2243 res
149 2182 291 2243 termines
311 2178 441 2241 adducta
459 2183 515 2239 est.
555 2177 666 2238 Extant
686 2176 811 2254 vestigia
827 2196 882 2235 me·
1203 2186 1486 2236 ottueuaurutt.

72 2274 154 2356 jori·
173 2274 328 2344 circuites3
345 2276 378 2331 ut
396 2272 446 2351 qui
467 2276 545 2341 ecte,
567 2270 614 2330 rel
635 2290 739 2330 nerem
753 2269 883 2329 tortasse

79 2366 200 2435 l'uirsel,
213 2368 278 2447 jorn
292 2366 340 2425 vix
351 2366 480 2446 quinque
493 2364 579 2424 millia
592 2383 734 2445 passuum
748 2362 886 2443 impleat:
1019 2362 1085 2423 lam
1107 2382 1185 2440 quae
1204 2367 1274 2421 surrt
1293 2363 1372 2443 apud
1393 2362 1518 2425 Messes
1537 2363 1595 2423 laec
1614 2372 1747 2445 ternpore

79 2478 150 2521 αιιιι
171 2464 201 2519 et
221 2458 324 2529 ireres,
343 2464 374 2517 et
393 2476 511 2525 carme,
537 2461 716 2535 caeteraque
741 2454 770 2514 id
790 2474 886 2531 genus
943 2476 1038 2525 arces,
1057 2454 1316 2535 atquepraesidia.
1336 2456 1437 2525 abiis,
1457 2478 1534 2537 quae
1544 2458 1748 2539 superioribus

79 2551 229 2621 eni-elin,
249 2570 326 2631 quae
346 2548 477 2630 quotidie
496 2548 644 2609 ducuntur
663 2548 701 2607 ad
713 2566 835 2629 pascua,
855 2548 885 2607 in
945 2546 1261 2629 toruperibusl'ueraut,
1281 2548 1512 2620 maisniliorum,
1534 2548 1747 2631 oequeeudem

80 2645 221 2705 «uratum
246 2645 353 2706 civium
379 2640 553 2713 lrabeoutur,
579 2662 701 2721 quarum
727 2640 886 2721 pleraeque
945 2661 1049 2701 omnes
1071 2642 1184 2700 ratione
1203 2646 1273 2699 soant
1293 2644 1500 2703 communitae.
1537 2642 1624 2703 Aliae
1644 2663 1681 2703 ex
1700 2662 1748 2701 sr-

81 2738 217 2818 soptim,
237 2746 268 2799 et
289 2736 446 2797 viminibus
465 2736 691 2815 circumseptae,
713 2732 819 2793 faeiem
837 2754 886 2792 no·
946 2736 1003 2805 xis,
1024 2742 1054 2793 et
1074 2734 1227 2802 laterilurs,
1249 2734 1353 2812 quales
1374 2734 1452 2795 duae
1477 2740 1556 2805 sutri,
1577 2756 1654 2815 quae
1679 2734 1746 2793 ciri·

81 2837 210 2892 strumo
235 2830 451 2891 rusliernerum
479 2827 617 2889 referunt.
660 2824 723 2887 Sed
756 2828 785 2885 in
812 2827 887 2904 ipsis
946 2829 997 2888 tati
1011 2826 1155 2888 lilescvae
1176 2826 1309 2897 lmereot,
1330 2847 1388 2887 una
1407 2826 1604 2905 Nerogardia,
1626 2826 1746 2887 Plesee·

82 2922 203 2985 durltus
222 2922 365 2983 Moscius
383 2920 519 2989 arcibus,
538 2938 659 2999 querum
686 2919 780 2981 altero
804 2919 887 2980 alteri
946 2922 1052 2999 viaque
1071 2919 1147 2999 ipsa,
1168 2940 1204 2980 ac
1224 2920 1374 2989 Ferraria,
1387 2920 1571 3001 Staricioque
1585 2918 1748 2981 Alexandri

84 3018 200 3086 haeret,
219 3012 396 3096 spendidius
416 3011 554 3093 quiddam
576 3018 633 3073 est.
656 3013 789 3073 Alteram
811 3013 888 3071 etrier
947 3011 1089 3081 Slebedm
1109 3010 1385 3092 parsJareslnriae,
1404 3032 1539 3092 quaeque
1552 3013 1669 3075 inAllro
1682 3012 1749 3073 lacu

84 3110 248 3189 insigniora
277 3106 376 3189 alique
407 3104 532 3187 templa,
562 3126 600 3165 ex
630 3105 721 3167 latere
751 3105 889 3165 conlecta
948 3111 995 3165 est
1013 3106 1083 3175 sita,
1103 3110 1133 3163 et
1153 3123 1230 3183 quoe
1250 3114 1321 3163 suot
1333 3105 1480 3188 ejusmodi
1501 3104 1641 3186 reliquae.
1662 3106 1750 3167 Aliae

84 3206 166 3277 (cen
186 3200 298 3281 reliquo
316 3199 426 3279 templu
444 3197 575 3259 civitatis
598 3198 696 3277 lignee
712 3200 785 3271 siut)
808 3198 888 3258 l‘ula·
948 3198 1106 3277 aggeribus
1127 3197 1235 3257 vimine
1255 3198 1411 3269 contextio,
1431 3197 1508 3259 etad
1522 3198 1656 3259 «inritien
1670 3218 1749 3277 pres·

85 3296 218 3375 tiumque
231 3293 394 3375 Principisr
414 3292 537 3353 alteram
552 3312 622 3350 rere
640 3313 733 3353 ιιιιιίιο
745 3291 891 3360 oliicinee,
949 3294 1009 3351 sis:
1030 3290 1117 3373 quale
1128 3290 1345 3351 Sureleuscium
1357 3300 1415 3362 est,
1435 3293 1592 3374 ipsiusque
1604 3292 1751 3353 Moscius

84 3408 164 3467 quae
182 3406 257 3447 suas
276 3387 401 3465 plateas,
420 3386 486 3445 suis
507 3383 674 3464 quibusque
699 3385 825 3465 opiliciis
851 3382 891 3443 di·
950 3386 1096 3446 moenium
1117 3384 1261 3454 ambitus,
1282 3390 1351 3465 pest
1372 3385 1554 3447 Tartaricom
1585 3384 1750 3445 incendium

86 3482 217 3542 stinctae
236 3477 355 3547 bellent,
380 3489 533 3556 uteunque
559 3486 712 3535 exornant.
756 3478 797 3537 tlt
826 3498 892 3536 cnm
951 3480 1106 3538 excitatus.
1128 3476 1276 3557 Reliquae
1302 3480 1436 3539 trallibus
1461 3478 1490 3537 in
1517 3476 1658 3559 quadrum
1684 3498 1752 3539 een·

88 3570 216 3633 eaedem
237 3570 373 3631 ellicirme
391 3573 520 3649 exiguae
539 3570 609 3635 sint,
629 3570 775 3649 rudesque
795 3569 892 3631 Vene-
952 3572 1046 3641 irenis,
1067 3570 1165 3631 media
1185 3570 1288 3641 Ιιιιιιιιι,
1315 3572 1361 3631 rel
1387 3592 1493 3642 aretia,
1518 3572 1753 3652 impressionem,

88 3674 141 3726 tae
160 3662 297 3723 elliciuae
316 3662 386 3743 plus
405 3662 544 3723 merciam
563 3667 721 3743 appmeat,
747 3682 834 3743 quam
862 3663 892 3721 in
951 3664 1447 3743 diverberatiouemquesustinent,
1468 3666 1563 3743 ignem
1576 3662 1753 3733 uenierunt,

88 3756 236 3820 Moscrao
256 3757 369 3833 integre
390 3752 484 3831 pialeu
510 3760 661 3815 servetur:
702 3776 800 3835 neque
824 3774 894 3815 vere
951 3757 1097 3819 adversus
1115 3778 1201 3836 quem
1220 3762 1317 3817 tamen
1337 3757 1480 3817 interdum
1501 3758 1592 3819 iulum
1612 3756 1754 3817 oblinunt.

88 3848 214 3911 easdem
235 3848 297 3909 lere
316 3846 457 3915 incolent,
482 3846 592 3925 quippe
616 3848 666 3926 qui
692 3848 840 3908 ‹lormieilia
863 3848 893 3907 in
954 3852 994 3910 At
1016 3851 1045 3909 iu
1064 3850 1244 3917 uuiversum,
1262 3870 1358 3927 neque
1379 3852 1569 3929 prominentia
1591 3870 1756 3931 propugno·

89 3942 342 4013 ciritalelmlrenl,
355 3960 413 3999 reru
426 3939 527 4018 quanli
546 3940 597 4007 sit,
616 3940 894 4001 rrouelrseureindi·
953 3944 1029 4013 erola,
1050 3962 1164 4023 quaere
1183 3942 1241 3999 silri
1262 3942 1459 4021 respondeant
1480 3942 1594 4021 (qualia
1615 3940 1758 4013 hrrc‚sire

89 4042 171 4097 caut.
184 4030 758 4111 Sarelenseiunraulenr‚Nerrrgarrliaur,
771 4034 895 4094 etl'lcs·
954 4041 1024 4097 itero
1051 4036 1190 4115 superius
1216 4035 1370 4095 sacculum
1391 4034 1507 4111 decuit)
1528 4056 1582 4095 uec
1608 4037 1681 4095 rotie
1707 4034 1758 4095 illu

90 4128 207 4188 ceriam
218 4126 324 4187 eedem
339 4125 440 4206 pepuli
452 4144 573 4185 nuntero
585 4129 704 4187 eeuseri
720 4128 897 4203 putaverimt
956 4136 1001 4189 est
1022 4126 1101 4206 apud
1121 4148 1175 4186 eos
1193 4126 1424 4198 erelriteetirrae,
1445 4149 1520 4209 qnae
1541 4128 1619 4208 apud
1642 4150 1698 4189 uos
1719 4128 1758 4187 ri·

91 4230 127 4281 ut
147 4225 227 4277 certe
247 4239 394 4279 summum
414 4220 516 4295 viginti
536 4216 896 4280 henriuumnrilliaearum
957 4230 1017 4299 get.
1041 4222 1138 4280 Arces
1157 4230 1257 4279 atatem
1278 4220 1421 4281 llloscvac
1441 4221 1516 4281 oleas
1539 4220 1687 4303 Principis
1707 4218 1760 4283 ltu·

92 4312 314 4385 singula(cu1u
335 4310 443 4371 beilum
467 4314 599 4385 nonest)
619 4310 736 4372 irulreat.
760 4313 898 4393 alequid·
953 4320 1006 4397 jus
1027 4333 1133 4392 parens
1156 4312 1289 4374 Basilius
1309 4313 1458 4374 aedilicari
1481 4316 1591 4397 Jussil,
1619 4312 1761 4373 Mediola-

93 4403 167 4485 quid
186 4402 315 4482 errquius
340 4424 411 4483 prae
430 4424 467 4463 se
488 4404 600 4471 leurrrt,
626 4404 839 4483 frequentiores
858 4412 899 4465 le·
960 4426 1054 4467 rrense
1072 4404 1243 4477 architecto,
1263 4406 1346 4467 italis
1366 4410 1517 4486 operariis.
1540 4408 1707 4488 Extatejus
1719 4406 1761 4465 rei

94 4518 165 4558 ruen
186 4518 258 4557 esse
278 4495 358 4557 houd
380 4502 466 4574 putor
487 4494 610 4555 easdem
641 4518 748 4578 nempe
773 4498 812 4555 elr
833 4518 900 4559 cau·
960 4500 1101 4559 memoria
1112 4498 1227 4559 Latinis
1247 4500 1340 4561 literis
1359 4522 1449 4582 supra
1469 4502 1547 4562 areis
1561 4508 1685 4581 portam,
1704 4498 1763 4557 sub

93 4610 161 4657 sas,
180 4610 257 4668 ques
276 4588 347 4657 dixi,
369 4594 400 4647 et
418 4588 459 4645 olr
478 4586 595 4647 oetion»
623 4610 658 4649 ac
684 4590 834 4651 ‹lomrrrum
859 4594 901 4651 in·
962 4594 1088 4669 imagine
1119 4594 1169 4673 pia
1195 4592 1395 4654 Beatissimae
1423 4592 1562 4672 virginis.
1604 4592 1764 4653 Caeterum

95 4683 197 4759 geritis
215 4683 333 4761 specis:
374 4678 431 4739 sed
455 4679 581 4757 Legatis
605 4682 832 4743 aduenientibus
858 4706 902 4744 ra·
962 4685 1078 4744 moenia
1097 4685 1162 4761 ipsa
1182 4684 1258 4753 alta,
1285 4692 1441 4766 turresque
1471 4688 1696 4767 circumquaque
1722 4683 1764 4745 di·

96 4776 177 4845 stiei,
197 4778 248 4854 qui
269 4777 299 4835 in
319 4773 414 4855 pingis,
433 4772 571 4851 agrisque
591 4773 733 4844 habitent,
758 4776 904 4856 Principis
963 4780 1106 4859 spositue,
1129 4776 1255 4855 Regium
1276 4800 1352 4859 opus
1372 4784 1533 4841 ostentant.
1568 4776 1648 4839 idem
1669 4776 1767 4841 Nore-

91 4872 187 4952 jussu
206 4874 394 4937 occurentes,
414 4868 470 4941 (uti
488 4866 758 4946 supraenpositnm
771 4872 836 4943 est)
850 4868 904 4927 lre·
964 4871 1084 4947 gantiae
1098 4870 1241 4929 cernitur:
1261 4872 1316 4931 sed
1338 4875 1366 4931 iu
1388 4874 1453 4954 ipsa
1474 4894 1557 4941 arce,
1585 4878 1701 4952 plraeter
1720 4892 1768 4933 sa·

97 4962 250 5039 quentiam
273 4959 444 5022 ostendunt.
465 4960 531 5020 dam
542 4980 611 5019 vero
625 4959 714 5017 maille
725 4960 818 5020 miuer
830 4960 904 5021 Tre·
965 4984 1044 5023 eram
1065 4964 1160 5043 ipsam
1181 4962 1295 5027 aerium.
1312 4986 1500 5045 propequam
1516 4964 1770 5047 Arclriepiscopus

99 5056 163 5113 riae
172 5053 301 5133 populus
310 5060 368 5125 esi,
381 5074 459 5133 quae
469 5052 570 5133 procul
584 5054 730 5113 unanimae
740 5060 770 5113 el
781 5055 907 5133 insignis
966 5078 1031 5115 curn
1039 5056 1104 5115 suis
1116 5065 1318 5121 contueretur,
1331 5058 1380 5116 vix
1393 5060 1469 5118 ullae
1481 5066 1550 5118 strat
1561 5058 1667 5119 dmms
1678 5058 1769 5119 aliae:

101 5146 238 5205 civitatis
257 5149 388 5225 speeiem
409 5146 538 5226 praebet.
563 5146 667 5206 l'ernnr
679 5148 834 5207 moenibus
847 5150 905 5207 ein·
966 5168 1090 5229 eramque
1111 5168 1186 5227 pene
1207 5148 1235 5207 io
1256 5148 1354 5207 orbern
1377 5158 1459 5209 esset
1486 5153 1648 5233 antiquitus
1674 5156 1770 5209 extru-

102 5250 156 5298 cto
175 5256 234 5297 nou
255 5244 312 5307 est,
331 5239 401 5299 llcet
420 5260 478 5299 uon
498 5238 789 5315 exigiurndemorum
810 5262 905 5301 rurree·
967 5247 1025 5305 cla.
1045 5262 1110 5300 eam
1131 5243 1283 5319 superiore
1303 5262 1379 5303 arrno
1401 5242 1554 5303 liemarum
1575 5244 1648 5303 alter
1669 5240 1772 5303 Archi·
