3742 5626
139 189 178 251 ιι
301 260 309 275 ,
692 188 929 273 amaneum
949 187 1275 253 rrmosasasmn

145 351 245 414 barum
269 373 362 412 rernm
381 351 505 412 bloscos
523 355 643 413 miserat
660 354 690 412 in
710 352 866 414 Liooniam
886 350 948 414 blo·
1009 350 1187 414 Pensaviam
1214 351 1362 433 siquidem
1393 359 1463 433 pest
1493 351 1664 413 discessum
1695 354 1818 416 ilenrici

144 466 234 523 gnum
249 445 408 506 llolsstiae
420 444 547 519 Ducem,
566 466 653 523 quern
665 466 731 506 conr
747 448 809 527 jam
830 444 951 509 antend
1006 444 1166 524 interregni
1193 466 1229 505 eo
1261 456 1394 525 tempore
1426 447 1638 525 interceperat:
1673 446 1819 530 Vejssen·

146 558 182 598 se
192 540 371 608 transiisset,
392 539 551 619 promissis
570 558 606 597 ne
622 538 765 599 affinitate
782 538 949 600 devinctum
1008 536 1148 619 stejuinm
1170 539 1268 599 nobile
1287 538 1442 598 castellum
1462 559 1553 619 opere
1574 559 1610 600 ac
1630 549 1736 601 natura
1756 562 1819 602 mu·

146 632 276 692 tenebat.
316 631 477 691 Rumonem
504 629 543 689 de
569 651 605 691 eo
631 631 736 703 tradit,
761 631 841 703 lore,
865 639 897 692 ut
923 633 950 693 si
1009 630 1190 692 uilissimum
1220 631 1259 693 de
1284 632 1411 693 Suesia:
1436 630 1566 692 Nervam
1591 653 1678 702 uero,
1703 632 1818 716 Derpa·

146 723 223 785 ultro
242 722 376 785 nivosos
395 741 432 783 se
451 720 577 799 dedant,
602 722 642 785 ad
667 724 833 807 exemplum
853 723 952 787 Dacis
1008 727 1091 798 tuna,
1107 722 1264 798 Felinum,
1284 745 1323 787 ac
1343 722 1588 807 blarienbnrgnm
1608 725 1727 805 aliaque
1748 747 1818 787 nen-

146 818 176 876 in
203 814 349 877 Borassia
367 814 556 875 beneficiario
580 816 650 898 jore
674 816 827 877 Lirenissr
848 836 951 896 regen·
1009 812 1100 892 nulla,
1115 819 1178 899 jam
1200 817 1292 877 mnlto
1311 823 1383 878 anta
1401 817 1504 897 pardis
1521 816 1561 878 de
1572 812 1729 900 Episcopo
1742 814 1817 881 Der·

146 908 212 968 darn
233 909 261 967 ei
287 906 432 981 traderet3
452 913 486 967 ut
504 910 664 985 auctoritas
683 929 720 971 ιο
738 909 951 971 administratio
1010 910 1140 989 potensi,
1159 910 1265 990 partim
1284 907 1322 970 de
1341 909 1486 971 Marianis
1508 909 1662 973 bironicis
1681 922 1817 994 ceperam

144 1001 241 1061 omnis
260 1021 354 1080 penes
374 1000 535 1078 Magnum,
555 1022 703 1083 petresse
724 1022 832 1062 nomen
852 1002 952 1065 collati
1010 1001 1048 1061 ab
1067 1002 1166 1081 iisque
1186 1003 1310 1080 primum
1330 1002 1423 1063 initiis
1442 1002 1612 1084 proiectus,
1637 1025 1703 1065 cum
1726 1008 1815 1067 conti-

146 1094 282 1155 benebcii
308 1115 345 1155 ιο
369 1093 520 1175 lilajestas
545 1095 662 1176 imperii
696 1106 816 1166 essem,
842 1097 952 1175 quibus
1010 1113 1086 1155 uuas
1103 1091 1213 1155 deinde
1227 1096 1443 1176 impressiones
1458 1097 1487 1155 in
1501 1098 1818 1177 provinciamlaceret,

144 1188 235 1247 reboo
255 1187 374 1249 adducti
397 1185 614 1259 provinciales,
635 1186 705 1248 bino
725 1186 794 1249 odio
815 1209 870 1248 seu
890 1198 952 1251 tae·
1008 1193 1043 1249 at
1061 1188 1091 1247 in
1113 1186 1298 1265 Sigismundi
1318 1188 1450 1267 Augusti
1476 1210 1513 1249 ac
1534 1190 1651 1266 Regum
1672 1188 1818 1254 Poleniae

144 1279 194 1339 alio
215 1284 327 1341 externi
349 1280 482 1359 tmperii3
502 1279 582 1340 illinc
604 1301 659 1358 spe
679 1291 710 1342 et
730 1283 820 1342 rainia
840 1282 951 1363 copidi-
1010 1279 1099 1341 iidem
1118 1301 1155 1341 ιο
1176 1280 1317 1341 ditionem
1338 1281 1539 1342 Provinciales
1564 1288 1625 1343 tum
1647 1305 1683 1344 se
1702 1286 1817 1347 conier-

143 1380 206 1434 tate
226 1373 361 1456 ejusdem
386 1373 505 1451 lingone
531 1392 567 1433 ae
597 1372 727 1435 nationis
746 1372 951 1452 blaglstratos,
1009 1378 1084 1449 rent,
1104 1372 1241 1455 plaiimis
1256 1372 1441 1434 detrimentis
1463 1393 1517 1435 eos
1537 1374 1687 1454 adegerat.
1709 1376 1817 1459 anue

144 1467 232 1527 simul
253 1489 270 1527 a
292 1466 429 1527 factiosis
439 1465 617 1545 quoibosdam
637 1486 674 1527 ac
694 1487 833 1529 novarum
854 1490 950 1529 rerum
1009 1486 1068 1541 res,
1090 1487 1156 1525 cum
1175 1465 1214 1526 ad
1232 1467 1404 1546 superiores
1424 1469 1660 1544 controversias,
1681 1491 1760 1550 quas
1779 1472 1818 1532 do

144 1558 262 1636 cupidis
283 1559 417 1639 impulsi,
447 1559 597 1640 praesidia
622 1580 658 1620 ex
678 1560 797 1620 arcibus
820 1566 849 1620 et
869 1562 950 1643 oppi·
1008 1556 1143 1619 Rassiae
1162 1557 1238 1619 locis
1257 1558 1432 1639 quibasdam
1455 1580 1522 1620 curu
1542 1560 1660 1639 Magnis
1678 1563 1818 1625 Ducibus

144 1652 192 1711 dis
220 1651 282 1711 iero
308 1653 444 1712 «omnibns
472 1652 609 1733 ejiciantz
635 1652 694 1731 ipsi
723 1650 875 1725 Vendarn,
900 1654 950 1715 ubi
1008 1648 1336 1729 laimasntsotnnenu,
1345 1653 1544 1724 accessisset,
1554 1660 1696 1735 perpetua
1706 1654 1817 1717 deiude

144 1756 204 1804 turn
233 1744 361 1823 blagoos
388 1750 465 1815 crat,
491 1744 658 1807 eonlluunt:
685 1766 790 1806 nomen
811 1746 950 1827 insignia·
1009 1744 1085 1804 inter
1103 1744 1199 1823 ipsum
1219 1764 1256 1805 ac
1266 1740 1372 1823 Reges
1382 1744 1526 1807 Poloniae
1547 1745 1617 1806 belli
1637 1767 1734 1810 cansa
1747 1749 1817 1810 l'uit:

142 1858 202 1917 qaae
228 1836 324 1917 Regia
350 1838 392 1897 illi
419 1837 615 1899 circumdant:
649 1839 737 1918 inque
764 1841 854 1902 verbs
881 1844 949 1922 ejus
1009 1834 1089 1917 quod
1108 1835 1268 1917 aliqnando
1295 1837 1413 1917 quidem
1440 1859 1492 1917 per
1517 1836 1653 1899 inducias
1674 1843 1816 1921 positam,

142 1937 329 1992 sacrorneuto
357 1952 393 1991 se
417 1930 549 2007 adigunt.
590 1930 716 1993 bloscus
743 1933 859 1993 interim
883 1932 949 1995 Ma·
1008 1930 1218 2009 utplurimum
1239 1936 1337 1991 ιιιιοιι
1358 1932 1439 1991 saria
1458 1931 1584 2007 senona,
1604 1938 1664 1992 taur
1684 1933 1714 1992 in
1728 1933 1815 1995 Lire-

142 2027 223 2085 ximo
249 2026 381 2086 exercito
401 2032 523 2096 coacto,
553 2025 582 2084 in
608 2023 764 2087 biuoniana
790 2026 871 2086 nullo
898 2028 949 2087 in·
1008 2022 1057 2083 aia
1083 2042 1171 2103 quasa
1197 2021 1360 2084 thbuania
1384 2030 1518 2101 gestan,
1552 2025 1581 2084 iu
1609 2023 1689 2085 bunc
1719 2048 1816 2109 usque

142 2117 292 2200 pediente,
303 2116 462 2198 praesidiis
473 2118 610 2178 omnibus
621 2116 729 2199 pulsis,
746 2138 783 2179 ιο
796 2117 949 2200 plerisque
1006 2112 1123 2191 Regem
1149 2116 1356 2177 transmissum
1379 2116 1485 2179 suerat.
1527 2116 1666 2178 Ceteram
1684 2118 1815 2181 Moscus

141 2212 263 2273 arcibus
280 2231 300 2272 a
319 2211 429 2290 blagno
455 2211 611 2291 occupatis
630 2216 782 2290 penetrat:
802 2214 949 2292 acceptis·
1007 2207 1137 2269 abducto
1159 2228 1262 2269 secun
1283 2208 1457 2271 Alexandro
1488 2208 1690 2273 Polabeoscia
1717 2212 1814 2275 cnon-

181 2324 199 2363 o
224 2304 254 2362 in
284 2302 463 2364 deditionem
493 2301 734 2375 blarieobannio‚
766 2303 947 2381 Rosittenio,
1007 2300 1115 2362 bavicii
1141 2301 1272 2380 Legata,
1296 2302 1466 2383 ceterisque
1487 2302 1669 2380 Praefectis,
1699 2307 1730 2367 in
1750 2306 1814 2369 nio-

126 2322 535 2505 ρῗᾲιιιὶο,1)ιιιιοῑιιιιιςίο,
556 2394 777 2467 Cokenbaosio,
797 2395 948 2458 Ascbero·
1008 2395 1138 2454 scoriam
1170 2415 1206 2454 se
1236 2396 1358 2474 recepit.
1409 2394 1457 2457 Ex
1492 2396 1598 2455 itinere
1631 2396 1747 2460 litteras
1775 2398 1815 2459 ad

142 2495 201 2549 tom
222 2509 319 2566 rrsqao
344 2490 411 2548 sino
430 2489 594 2559 malelieia,
620 2494 653 2549 ut
679 2488 763 2547 initio
783 2506 879 2549 reram
898 2508 948 2568 ge·
1007 2485 1123 2566 Regem
1148 2485 1216 2549 dats
1242 2488 1353 2567 quibas
1377 2496 1411 2547 ιιι
1436 2487 1598 2550 abiveuia
1625 2491 1744 2552 omnino
1763 2493 1814 2552 ab·

141 2580 296 2641 rendaross
318 2580 492 2641 clementias
511 2580 589 2640 lama
611 2580 812 2661 colligeretur,
833 2601 946 2661 progre-
1006 2581 1131 2651 atinent,
1151 2578 1229 2659 Regi
1249 2581 1441 2662 praeseribit,
1468 2580 1573 2643 iisdem
1605 2582 1645 2643 ad
1666 2581 1813 2645 Prussanr

140 2672 226 2735 ditur.
259 2673 451 2735 Coulluxcrot
470 2673 671 2735 Asebcrotam
692 2673 821 2752 Magnus
842 2676 947 2736 utrius·
1005 2671 1154 2753 quendam
1175 2673 1305 2752 Augusti
1326 2673 1468 2735 Caesaris
1488 2673 1622 2746 fratrem,
1651 2677 1723 2737 nulli
1742 2688 1814 2739 anto

140 2787 200 2851 que
230 2788 339 2839 sexus,
374 2787 412 2828 ιο
446 2768 544 2829 oannis
580 2766 760 2828 corrditionis
790 2765 947 2839 boninum,
1005 2766 1064 2827 bac
1100 2766 1265 2845 cognitum,
1307 2768 1356 2848 qui
1395 2766 1511 2827 Coincii
1553 2771 1584 2826 et
1611 2767 1812 2851 blarienborgi

139 2862 268 2923 maxime
292 2864 390 2923 aulem
420 2866 618 2923 nrotrouamar
650 2879 689 2920 ιο
713 2856 869 2939 virginum
896 2882 946 2922 nu·
1005 2857 1170 2939 qnondam,
1196 2868 1228 2919 οι
1254 2858 1284 2919 in
1304 2858 1416 2938 rellqna
1429 2856 1556 2920 Proseis
1572 2859 1633 2921 late
1651 2862 1813 2942 imperitas·

138 2974 256 3016 nrcrus:
282 2964 346 3015 erat
372 2953 481 3013 ibidem
501 2952 808 3023 Landnrarscbalcus,
835 2952 879 3014 vir
898 2974 946 3015 ae·
1005 2957 1063 3029 set,
1082 2970 1179 3030 genas
1198 2971 1285 3012 suom
1305 2950 1463 3022 referebat,
1482 2972 1541 3033 que
1561 2952 1600 3014 ad
1619 2954 1705 3033 ipsos
1721 2953 1813 3016 Prus-

138 3058 217 3123 tate,
243 3054 273 3107 et
300 3046 425 3107 sunrmis
451 3047 518 3106 olim
546 3047 576 3106 in
602 3044 759 3107 Provincia
787 3067 823 3107 ea
850 3046 945 3125 gestis
1006 3046 1071 3107 siae
1092 3046 1168 3105 lines
1184 3046 1238 3127 jus
1260 3046 1378 3123 imperii
1398 3044 1585 3106 extenderet.
1623 3045 1741 3125 Legati,
1762 3048 1814 3127 qai

140 3140 303 3201 bonoribus
332 3138 521 3199 uenerabilis.
571 3137 698 3200 llloscus
728 3138 866 3199 omnibus
894 3140 946 3218 qui
1005 3136 1044 3200 ad
1075 3136 1249 3200 ιιιοιιιιᾶιι
1280 3137 1362 3217 pacis
1394 3136 1581 3199 conditiones
1610 3138 1812 3208 mittebantur,

138 3254 221 3295 armo
247 3232 419 3303 terrent,r
402 3233 570 3311 promiscae
600 3231 770 3303 trucidatis,
799 3231 944 3293 imbellem
1004 3231 1060 3291 iter
1070 3238 1218 3341 coeptum
1245 3228 1436 3290 nibilominus
1461 3229 1731 3313 proseqnebantnr·
1758 3250 1811 3291 ao·

138 3347 244 3389 sexum
271 3324 405 3387 'tartaris
431 3322 684 3407 constuprandam
709 3325 822 3407 olrjicit.
872 3324 945 3386 lude
1003 3324 1051 3385 sis
1070 3344 1100 3384 ru
1120 3324 1225 3384 itinere
1246 3321 1393 3384 mandatis
1411 3324 1564 3405 acceptis;
1581 3332 1615 3383 nt
1633 3321 1673 3383 de
1691 3323 1813 3405 injuriis

140 3418 271 3479 tendam
292 3428 373 3477 recta
395 3416 606 3495 prolieiseitur·
633 3419 682 3497 qai
704 3417 745 3477 ibi
764 3423 847 3478 erasit
867 3416 946 3481 lame
1003 3416 1186 3477 induciarum
1207 3414 1406 3477 ostentatione
1427 3414 1517 3478 iactis
1535 3420 1742 3499 quererentur,
1763 3436 1812 3477 ιι-

137 3520 239 3573 tantae
269 3510 458 3571 inmanitatis
477 3510 623 3590 perterriti
644 3514 743 3587 portas
764 3509 941 3572 clauserant
1003 3507 1265 3588 lislactionenrque
1296 3508 1493 3591 postularent.
1532 3508 1613 3571 Dan
1644 3506 1681 3568 sd
1712 3506 1811 3571 Geda·

138 3602 291 3683 Egressus
311 3624 362 3684 pro
388 3601 448 3662 illis
468 3600 642 3683 deprecator
660 3600 806 3682 Magnus,
828 3622 945 3685 compo·
1004 3622 1072 3662 num
1098 3600 1166 3664 Rex
1193 3608 1291 3664 eastra
1316 3602 1406 3674 lacit,
1435 3603 1600 3664 exercitum
1629 3602 1659 3662 in
1685 3598 1813 3662 nivosis

138 3700 197 3759 sito
226 3696 264 3757 sd
289 3694 482 3757 bumilitatem
510 3694 628 3766 babila,
653 3714 691 3755 ac
716 3696 845 3773 genibus
866 3696 946 3759 illius
1003 3692 1224 3776 thbnaninqua
1249 3716 1302 3775 pcr
1327 3698 1507 3756 ostentatam
1534 3714 1657 3776 pacem,
1686 3695 1812 3754 maxine

136 3792 267 3873 supplex
288 3789 317 3849 in
343 3808 440 3867 genias
461 3786 633 3869 provolutus
654 3785 818 3869 adrepens,
846 3790 945 3851 conri-
1003 3796 1101 3850 autem
1122 3793 1241 3869 propter
1261 3786 1454 3848 difficultates
1473 3788 1596 3856 aerarii,
1625 3806 1703 3867 quae
1729 3788 1813 3849 initia

135 3886 184 3945 cio
214 3904 251 3946 ιο
278 3882 400 3943 ιοιΙιοιο
431 3882 469 3941 ab
496 3882 563 3961 ipso
589 3878 678 3941 Duco
703 3880 733 3939 in
764 3902 800 3942 os
826 3883 944 3962 ingesto
1003 3878 1102 3959 Regni
1123 3883 1190 3962 ejus
1208 3886 1403 3962 exceperant,
1425 3878 1534 3939 nullum
1554 3882 1726 3961 paraverat:
1754 3879 1813 3940 snb

136 3978 294 4058 excipitur.
335 3976 411 4036 Cum
438 3981 550 4035 taratara
577 3974 689 4035 abesse
715 3973 753 4033 ab
780 3995 816 4035 eo
837 3974 944 4036 intelli·
1003 3974 1167 4053 ingruentis
1204 3979 1301 4034 tamen
1337 3972 1436 4032 bostis
1466 3970 1589 4046 lanam,
1626 3972 1811 4033 nobilitate·

135 4076 249 4151 gerent,
268 4074 301 4129 ut
310 4067 413 4147 Magni
433 4066 608 4129 auctoritate
627 4064 705 4127 salui
724 4086 796 4127 esse
806 4074 943 4149 possent,
1002 4064 1209 4127 Litbuauieam
1245 4064 1352 4126 litteris
1389 4072 1582 4143 evocaverat,
1626 4066 1813 4145 militareque

136 4168 169 4223 ut
196 4184 233 4224 ne
263 4162 330 4242 ipse
361 4160 479 4242 quidem
511 4158 643 4241 periculo
675 4165 810 4236 vacaret,
841 4159 944 4223 hostili
1003 4181 1054 4239 per
1075 4160 1224 4221 Ducatnm
1249 4178 1316 4218 eum
1336 4158 1493 4239 imperium
1514 4156 1639 4219 Nicelao
1658 4156 1812 4220 Radirilia

135 4253 239 4317 fraude
261 4254 479 4312 circumventos
501 4274 536 4313 se
556 4251 708 4323 ridentes,
735 4252 792 4328 ira,
812 4262 894 4315 metu
914 4260 944 4314 et
1004 4252 1139 4314 l’alatino
1158 4248 1313 4323 Vibenni,
1341 4250 1485 4331 Gregorio
1513 4248 1736 4329 Chodkericin,
1761 4251 1812 4332 qai

135 4346 349 4429 desperatione
381 4346 513 4420 incensi,
544 4346 694 4427 pulverem
724 4348 942 4409 tormentarium
1001 4352 1071 4408 erite
1092 4344 1133 4406 illi
1154 4344 1336 4426 praefuerat,
1357 4343 1516 4417 defuncto,
1541 4342 1712 4404 tradiderat.
1752 4343 1813 4404 Hie

133 4438 337 4505 fundamentis
370 4436 517 4509 subdunt,
554 4458 613 4516 quo
653 4457 804 4499 succenso
836 4460 943 4518 magna
1004 4461 1061 4499 non
1082 4440 1188 4519 exigua
1213 4458 1278 4499 eum
1298 4436 1453 4497 voluntarii
1473 4437 1573 4496 militis
1594 4456 1701 4508 manu,
1727 4436 1813 4498 Seel-

133 4536 290 4614 utriosque
309 4552 421 4607 sexus,
443 4531 599 4610 omnisque
621 4532 730 4593 aetatis
752 4537 781 4592 et
803 4532 943 4594 conditio·
1003 4533 1125 4609 burgum
1147 4536 1328 4609 perseuerat.
1367 4528 1484 4590 interim
1505 4550 1574 4592 uero
1602 4534 1632 4589 et
1652 4528 1802 4590 Gedanen

132 4632 181 4692 nis
202 4628 352 4690 bominum
367 4623 533 4699 multitudo,
553 4645 590 4685 ae
609 4624 667 4685 llos
687 4624 750 4685 lere
770 4626 847 4707 ejas,
867 4646 943 4707 quse
1002 4644 1056 4687 scs
1086 4621 1124 4682 sd
1159 4618 1331 4684 bumllieres
1365 4624 1583 4705 aequioresque
1613 4621 1814 4697 conditiones,

133 4723 246 4804 reliqua
271 4718 372 4781 adbuc
393 4724 471 4789 erat,
499 4719 662 4779 nobilitatis
688 4717 868 4790 britonicae,
893 4719 942 4781 ab·
1002 4716 1102 4779 multis
1129 4714 1215 4776 malis
1236 4716 1305 4776 victi
1331 4723 1362 4777 et
1379 4718 1492 4799 majora
1512 4717 1662 4787 timentes,
1682 4713 1813 4777 deseen-

132 4823 250 4876 sumtus
272 4814 334 4877 luit.
361 4813 498 4893 Accepta
518 4810 587 4871 lta
579 4832 609 4871 ιιι
630 4816 808 4891 potestatem
832 4808 943 4889 lenda,
1002 4810 1073 4871 dere
1093 4815 1271 4889 careperant.
1291 4828 1414 4890 cumque
1434 4808 1593 4870 Electnres
1613 4808 1681 4882 duo,
1702 4810 1814 4893 aliique

131 4928 168 4969 ιο
196 4908 384 4985 Rumburgo,
413 4903 493 4985 quod
516 4902 641 4965 icadas
664 4904 811 4975 imminet,
838 4892 942 4967 οοᾶοιι
1003 4900 1180 4967 Germaniae
1192 4900 1346 4984 Principes
1366 4901 1485 4981 quidam
1505 4922 1580 4965 suns
1600 4922 1654 4985 pro
1673 4903 1734 4965 illis
1747 4924 1813 4984 pre·

130 5008 265 5081 tempere
284 5020 338 5081 per
358 4996 542 5059 deditionem
564 4997 685 5077 politas,
699 4997 762 5081 jasa
775 4996 942 5061 nniversam
1001 5016 1055 5059 ees
1074 5014 1127 5077 per
1145 4992 1278 5074 Legatos
1299 4996 1537 5075 interponerent,
1559 4997 1672 5077 recepit
1692 4996 1793 5057 Rex
1784 5016 1814 5058 rn

132 5092 303 5166 laisonism,
334 5090 462 5152 Rea-alia
489 5104 519 5153 et
546 5090 642 5171 llige,
672 5088 838 5171 meisque
863 5093 943 5154 cirea
1002 5088 1089 5151 iden
1109 5088 1278 5159 ciuitatem
1304 5098 1366 5149 tum
1394 5108 1465 5150 rere
1490 5088 1530 5148 ad
1557 5088 1668 5151 bellum
1688 5089 1813 5152 Mosco·

129 5210 183 5252 ess
214 5186 329 5248 castris
367 5186 519 5265 exceptis,
551 5186 580 5246 in
616 5190 765 5265 potestate
802 5182 941 5248 babebat.
1003 5183 1139 5253 riticam,
1163 5178 1242 5263 qnod
1266 5182 1329 5261 jam
1350 5179 1440 5243 multe
1467 5192 1538 5243 ante
1557 5182 1654 5245 animo
1673 5184 1816 5263 agltarat.
