3742 5626
619 242 918 303 troanneontcon
938 247 1189 306 attrntta'tcttat.
1712 250 1732 303 9
1760 319 1766 329 ,

62 390 149 457 nohis
177 396 356 466 commissa,
395 398 485 475 idque
522 395 629 454 iareturu
662 417 698 454 ex
727 397 869 476 petitione

62 489 174 559 Ducis,
200 510 259 567 que
280 489 374 548 literis
394 489 507 565 Regem
533 487 571 545 ele
591 487 744 546 mittendis
770 487 807 552 ad
833 506 869 545 se

61 581 168 655 legatis
193 572 288 639 semel
315 584 343 637 et
368 582 471 638 iterum
501 579 697 647 solicitasset,
735 599 791 637 non
818 598 868 639 su·

62 677 122 731 tem
144 671 305 730 advenisse
330 675 361 727 ut
387 674 570 729 mercaturas
589 690 800 729 exerceremus
818 668 868 728 ali-

60 782 155 841 quas,
195 762 339 839 nobisque
368 780 405 820 ea
439 760 477 818 de
508 781 599 822 carisa
628 762 732 820 mirum
763 760 865 827 rideri,

60 852 142 931 quod
161 874 212 923 ca,
243 872 318 932 arrae
338 851 456 913 famulis
477 855 586 911 nostris
607 858 689 912 erant
710 872 867 919 concessa,

61 944 149 1002 notris
172 943 399 1021 denegarentur,
426 963 482 1001 nos
508 945 606 1004 minus
626 949 767 1003 assuetos
786 963 867 1012 esse,

27 1034 32 1051 ¹
60 1037 90 1092 in
112 1034 247 1093 domibus
266 1054 387 1114 semper
406 1032 592 1103 delitescere,
613 1036 668 1095 sed
688 1037 785 1113 nangis
806 1055 867 1093 rer·

60 1127 120 1185 sari
145 1127 223 1185 circa
247 1126 346 1203 aliqua
374 1127 491 1203 negotia
513 1128 631 1187 sanitati
655 1126 867 1186 conducentia:

59 1236 115 1275 nos
141 1216 214 1277 nihil
239 1221 341 1296 optare
372 1218 472 1296 potius
504 1237 592 1295 quarn
621 1218 768 1277 licentiam
796 1219 868 1277 inri-

57 1305 145 1367 sendi
186 1308 398 1378 blascoritam,
438 1310 466 1367 si
501 1314 599 1368 atatem
630 1309 670 1367 'td
710 1310 771 1367 lieri
810 1330 867 1369 noa

10 1428 16 1435 ·
58 1405 178 1478 posset,
215 1405 347 1459 statuere
378 1401 464 1461 nohis
497 1418 554 1457 aon
585 1420 679 1481 posse
710 1400 869 1480 prohiberi,

57 1510 117 1568 quo
135 1490 235 1550 miuus
255 1490 414 1569 aliquando
437 1490 517 1550 toras
537 1491 753 1567 egrederemur,
771 1511 868 1569 neque

57 1581 231 1641 existimare
265 1602 321 1640 nos
352 1585 445 1642 teneri
472 1583 621 1661 captivos:
659 1585 685 1641 si
719 1583 796 1641 enirn
822 1583 868 1640 sie

57 1692 130 1731 sese
151 1678 252 1731 contra
272 1692 388 1732 omnem
410 1674 645 1753 expectationem
668 1680 698 1732 et
718 1662 805 1732 heleni
819 1672 869 1733 da·

56 1770 117 1823 tam
144 1784 193 1825 res
220 1752 343 1823 haberet
362 1765 496 1840 (eramus
516 1784 643 1843 namque
661 1765 763 1823 muniti
784 1764 868 1823 salvo

57 1854 218 1929 eonducta)
244 1874 353 1934 cupere
381 1842 428 1916 ea'
444 1855 482 1915 de
509 1876 541 1914 re
561 1856 703 1915 certiores
724 1856 795 1926 steri,
816 1854 868 1915 ad·

51 1949 226 2026 jungentes,
237 1946 365 2023 legatum
376 1949 564 2026 imperatoris
581 1968 675 2027 nuper
686 1946 762 2023 Regi
778 1967 867 2027 appa·

56 2043 181 2107 rentem,
204 2038 285 2117 apud
300 2059 355 2098 nos
369 2037 504 2098 custodia
522 2038 673 2098 detentam
687 2058 744 2097 non
763 2038 868 2103 luisse,

56 2135 89 2188 nt
115 2149 171 2187 uos
197 2130 251 2199 ibi,
283 2150 339 2188 neo
358 2130 508 2189 minimum
530 2131 637 2191 malum
659 2131 758 2208 ipsum
779 2128 868 2187 olien-

56 2220 141 2279 disse
161 2219 217 2279 sod
236 2220 325 2281 laute
345 2226 515 2290 tractatum,
542 2240 629 2280 curru
653 2240 713 2309 qao
734 2221 867 2288 voluerit,

56 2312 299 2381 circimvecturn,
331 2310 369 2370 ad
391 2312 556 2370 convivium
576 2312 746 2380 insitarum,
767 2314 867 2391 ibique

56 2401 183 2463 molliter
213 2410 332 2482 pactum
362 2423 398 2461 ac
423 2403 592 2479 saginatum
619 2422 691 2462 esse
717 2405 757 2463 ita
786 2402 865 2482 qnod

55 2492 259 2555 admirandum
297 2499 395 2563 esset,
431 2492 510 2571 quod
542 2498 653 2552 tantam
691 2494 866 2554 benevolen-

55 2586 128 2645 tiam
164 2584 264 2664 aliqua
295 2585 401 2645 saltem
432 2604 627 2664 compensare
661 2584 774 2644 rationo
807 2605 864 2644 non

55 2675 223 2737 studerent.

928 402 1038 475 rprrarnta
1062 400 1102 457 sit
1120 400 1199 481 apud
1219 400 1287 461 illos
1306 400 1467 471 barbaries,
1489 418 1618 480 qumqne
1641 400 1732 461 rudes

928 492 957 545 et
982 489 1105 569 impoliti
1130 494 1190 552 sint
1212 494 1300 553 heani
1329 502 1359 553 et
1377 494 1464 554 asini.
1494 542 1499 549 .

1004 578 1122 640 Etenim
1144 584 1189 643 la.
1210 584 1259 642 elie
1283 584 1399 645 lllensls
1424 584 1495 642 Julii
1522 585 1600 644 circa
1626 604 1730 665 respe-

928 688 986 737 ras,
1005 669 1064 728 snb
1084 686 1178 727 coena
1198 671 1284 728 nohis
1309 679 1515 750 appamemnt,
1541 674 1730 734 conserentes

927 780 962 816 sc
988 758 1026 818 ad
1052 779 1186 818 mensam
1217 766 1356 829 rrostrarn,
1386 766 1415 819 et
1445 770 1602 843 postquam
1632 772 1731 826 cutem

928 852 1004 908 boue
1030 857 1198 920 curassent,
1219 851 1395 930 largiterque
1416 873 1472 911 suo
1496 874 1577 913 more
1602 860 1731 917 mulsum

926 947 1093 1021 potassent,
1112 945 1269 1021 appositus
1289 951 1336 1003 est
1356 964 1478 1003 rrrerrsae
1498 964 1616 1015 caseus,
1643 968 1731 1025 quaem

927 1030 992 1090 curn
1014 1034 1215 1112 inspexissent
1239 1042 1483 1113 gustassentque‚
1508 1037 1655 1115 petiemnt
1674 1039 1731 1096 sibi

927 1123 999 1191 dari,
1021 1125 1100 1202 quod
1122 1129 1344 1197 concessimus,
1371 1148 1461 1205 quern
1486 1127 1587 1186 statim
1614 1126 1731 1187 famulis

927 1215 1152 1276 errslodieadum
1172 1218 1282 1278 dedere
1301 1228 1408 1298 preste-a
1432 1219 1523 1278 allata
1547 1224 1618 1277 serrat
1644 1219 1731 1278 hella-

927 1307 970 1365 ria
995 1307 1185 1378 saccharum,
1215 1332 1304 1389 poma
1328 1316 1463 1386 grauata,
1490 1309 1616 1387 dactyli,
1648 1311 1731 1379 treus,

927 1397 1066 1457 Zinciber
1098 1400 1263 1471 conditum,
1299 1408 1329 1460 et
1357 1401 1386 1460 ta
1419 1422 1516 1477 geraris
1548 1401 1620 1471 alia,
1655 1421 1732 1480 (purae

926 1491 1026 1549 arnaria
1045 1511 1063 1549 e
1083 1489 1181 1551 Daaia
1199 1492 1325 1553 advecta
1345 1486 1496 1561 ararites
1512 1494 1566 1574 jis,
1590 1500 1732 1571 quantum

928 1586 976 1641 sat
996 1588 1067 1653 erat,
1087 1589 1344 1662 consumpserunt,
1366 1584 1394 1641 id
1412 1590 1521 1669 arderp,
1541 1584 1664 1661 quadiu
1681 1606 1730 1664 pa·

927 1671 997 1731 linis
1017 1670 1244 1751 relinquebatur,
1258 1675 1452 1741 sarstulerunt,
1473 1681 1660 1733 reservantes
1674 1677 1731 1733 sihi

927 1764 955 1819 in
977 1764 1150 1843 stroplriolis
1164 1767 1376 1845 jusculumqae
1402 1765 1439 1823 ele
1459 1764 1558 1839 digitis
1578 1784 1644 1824 carn
1664 1786 1732 1825 raan-

927 1874 982 1912 sea
1001 1854 1150 1914 linxerunt
1171 1877 1229 1915 nou
1250 1877 1398 1917 secusne
1418 1857 1511 1937 paneri,
1538 1855 1585 1913 vcl
1604 1856 1731 1914 mendici

927 1945 1025 2004 eibum
1044 1946 1215 2007 anteferes
1236 1951 1401 2027 capientes,
1428 1954 1457 2005 et
1485 1968 1572 2025 qrranr
1600 1949 1645 2006 vis
1672 1948 1731 2007 illis

927 2035 1044 2095 abunde
1066 2045 1129 2097 erat
1154 2038 1191 2097 ael
1218 2041 1384 2098 satietatem
1410 2040 1595 2098 satisfactum
1622 2039 1731 2097 cereri·

926 2127 971 2185 sia
993 2133 1023 2185 et
1044 2129 1149 2199 rrrrrlso,
1171 2151 1227 2187 raon
1249 2137 1346 2190 tannen
1368 2132 1427 2189 illis
1448 2138 1537 2211 paratus
1562 2130 1731 2207 generibus

928 2221 1056 2277 coratenti
1069 2227 1162 2289 erant,
1181 2221 1237 2280 sed
1257 2222 1314 2281 sliri
1325 2222 1484 2301 cupiebant
1504 2222 1565 2281 clari
1580 2242 1617 2280 ex
1631 2226 1732 2280 nostro

927 2308 1049 2387 liqrrorc,
1071 2312 1137 2370 vino
1155 2312 1313 2397 libertam,
1343 2314 1389 2371 rel
1416 2312 1473 2371 alio
1499 2333 1625 2390 genere,
1651 2312 1732 2391 quod

925 2402 1013 2461 etiam
1035 2402 1143 2463 lactura
1166 2410 1227 2463 est:
1253 2407 1352 2465 vinum
1379 2424 1506 2482 namque
1531 2406 1648 2465 mbram
1669 2402 1731 2466 All·

924 2492 1018 2551 elnrnt
1042 2495 1161 2556 allatam
1188 2502 1236 2555 est
1261 2497 1334 2567 iliis,
1360 2495 1438 2575 rpurrd
1464 2517 1531 2555 cum
1557 2500 1731 2575 gustassent

924 2584 1100 2645 alteralteri
1122 2590 1227 2647 oseulo
1247 2589 1421 2668 propinarit,
1443 2609 1508 2647 nam
1526 2592 1661 2667 porrecto
1680 2607 1730 2667 po·

924 2676 991 2734 culo
1011 2698 1046 2734 se
1066 2679 1193 2737 laricem
1214 2678 1338 2736 osculati
1359 2670 1437 2735 serari.

134 2767 183 2826 Ad
209 2788 247 2827 ea
270 2767 486 2846 responderunt
512 2762 799 2845 (hoccidentesquae
824 2766 865 2824 ‹li-
893 2772 896 2819 Ι
1000 2765 1065 2826 Nec
1095 2767 1125 2826 bi
1151 2769 1247 2827 solum
1280 2768 1357 2827 harre
1388 2787 1499 2826 rarorum
1532 2768 1730 2827 incivilitatem

55 2858 215 2932 eehaatur)
249 2878 303 2917 nos
332 2861 395 2938 jam
426 2856 506 2936 aprrrd
537 2878 572 2915 se
606 2877 692 2927 esse,
730 2864 866 2937 oportere
924 2858 1169 2937 pracselulerunt,
1189 2859 1244 2918 sed
1267 2858 1398 2937 ‹pontidie
1417 2857 1496 2937 apud
1515 2857 1592 2919 alios
1610 2877 1731 2939 guoque

59 2972 118 3011 nora
139 2970 214 3009 suae
233 2949 373 3007 rolrrntati
393 2950 539 3014 arabessc,
568 2949 667 3025 itaque
689 2968 744 3007 aros
763 2968 867 3027 gerere
926 2950 1037 3029 experti
1057 2970 1172 3009 sumus.
1206 2950 1341 3010 Aderant
1361 2950 1447 3009 nohis
1467 2948 1565 3009 ludies
1583 2946 1731 3011 mitanas

56 3046 91 3101 ut
121 3042 179 3121 ipsi
212 3041 431 3120 praeciperent,
469 3058 536 3097 enm
567 3040 725 3117 unicuique
755 3040 866 3117 regioni
925 3060 982 3101 suo
1002 3060 1084 3101 more
1094 3040 1275 3103 Comoedias
1294 3044 1428 3116 agentes,
1448 3040 1499 3118 aui
1518 3041 1641 3121 saepius
1655 3041 1731 3101 inter

55 3134 106 3193 sui
127 3136 232 3191 essent
251 3152 359 3201 mores,
379 3151 456 3209 quera
470 3130 574 3188 inritati
588 3129 697 3207 singuli
711 3128 866 3201 deberent,
924 3130 1084 3193 ludendum
1109 3134 1284 3213 posterioria
1309 3130 1508 3201 denudarunt,
1533 3132 1730 3206 omnibusque

57 3244 117 3285 noa
136 3222 325 3291 dubitantes,
351 3223 420 3300 quin
448 3221 535 3279 retritis
560 3222 750 3301 perspicuum
771 3225 866 3281 esseto
924 3226 1076 3283 obseoena
1101 3224 1233 3303 eorporis
1253 3227 1528 3292 commonstrarent,
1552 3221 1729 3282 decumben-

56 3320 203 3397 opartere,
237 3312 355 3391 singula
392 3332 489 3392 aquae
524 3332 642 3371 causum
683 3312 770 3391 sequi
807 3330 866 3391 qno
924 3321 972 3375 tes
1002 3316 1030 3372 in
1061 3334 1159 3391 genua
1188 3322 1334 3393 uatesque
1363 3316 1392 3373 in
1418 3314 1510 3375 altum
1540 3312 1728 3383 extollentes,

59 3406 175 3467 flueret.
925 3406 1003 3465 exuti
1024 3407 1103 3464 omni
1122 3405 1235 3485 pudore
1254 3427 1291 3466 ac
1312 3404 1507 3465 verecundia.

135 3496 192 3556 llis
212 3501 242 3556 ct
261 3493 408 3555 similibus
426 3493 546 3562 eraditis,
570 3493 646 3553 aeleo
666 3494 795 3572 pertaesi
817 3513 865 3551 su·
1001 3492 1092 3564 Quod
1110 3497 1188 3556 idern
1209 3498 1297 3556 etiarn
1318 3496 1458 3554 mulieres
1471 3494 1630 3570 aliquando
1650 3496 1727 3555 lece·

56 3608 125 3648 arus
147 3589 259 3647 iliorum
282 3586 530 3654 eomersatiouis,
551 3590 581 3642 ut
600 3604 657 3643 neo
678 3584 736 3643 dici
757 3584 865 3645 nedum
924 3592 1006 3646 mat:
1044 3587 1120 3645 Cum
1146 3586 1224 3647 enim
1255 3586 1382 3661 quodam
1408 3585 1457 3644 die
1476 3592 1545 3669 sato
1567 3586 1661 3645 aedes
1679 3605 1728 3645 no·

57 3681 148 3739 scritti
170 3680 277 3761 possit.
322 3673 483 3737 Praeterea
503 3696 570 3734 curu
596 3674 780 3743 rideremus,
810 3694 866 3733 nos
924 3682 1004 3736 stras
1024 3677 1052 3735 in
1072 3676 1200 3756 planicie
1219 3682 1369 3737 staremus
1389 3696 1455 3737 cnm
1476 3675 1595 3735 famulis
1617 3677 1727 3734 nostris

58 3773 99 3830 ibi
120 3776 200 3847 tauto
220 3776 353 3849 tempore
379 3768 496 3827 retineri
517 3770 587 3841 (aron
608 3766 686 3825 euim
706 3784 798 3823 secus
818 3783 865 3823 ac·
923 3784 1012 3841 rpram
1032 3767 1166 3846 plurimis
1186 3769 1397 3846 conspeximus
1417 3766 1557 3825 mulieres
1576 3766 1605 3822 ia
1622 3765 1728 3829 ricino.

58 3869 121 3921 turn
145 3868 193 3921 est
212 3862 365 3919 nobiseum
387 3878 474 3935 quarn
496 3877 561 3915 curu
582 3857 720 3935 captivis)
734 3861 865 3935 praesto·
925 3876 1001 3931 unae
1020 3863 1124 3916 restes
1143 3858 1172 3915 in
1193 3858 1282 3916 altura
1309 3858 1451 3925 leramnt,
1477 3854 1616 3933 pudenda
1642 3856 1729 3915 nobis

57 3953 110 4011 lati
142 3970 247 4009 sumns
279 3950 393 4007 veniam
424 3948 557 4006 mittendi
588 3946 626 4007 ael
660 3950 865 4026 lrnporatorenr
925 3968 978 4026 per
1005 3948 1153 4006 fenestras
1180 3951 1459 4007 rrrrrrrnroustrarunt.
1491 3950 1550 4002 tarn
1583 3946 1734 4004 anteriora‘

58 4042 175 4108 nnneii,
207 4037 388 4117 petendique
412 4037 450 4096 ael
476 4059 561 4098 suam
589 4037 715 4118 hlajest:
745 4037 865 4105 aditura,
924 4056 1012 4113 quarn
1037 4039 1218 4117 posteriora,
1244 4037 1439 4095 extendentes
1465 4033 1562 4093 arudes
1591 4034 1687 4114 pedes
1711 4054 1729 4093 e

58 4131 89 4191 id
112 4150 208 4207 neque
228 4129 396 4206 permittere
418 4125 586 4198 voluerunt,
611 4128 667 4187 sed
694 4126 866 4206 praetendo-
926 4128 1065 4197 terrestre,
1092 4146 1170 4185 nrrnc
1195 4126 1329 4187 ‹lerimm
1356 4146 1433 4184 rrune
1458 4126 1625 4192 sinistrum,
1652 4144 1729 4185 nnnc

58 4226 127 4282 ruat
152 4218 310 4277 adrentum
336 4224 470 4279 nostram
487 4221 545 4299 ipsi
572 4238 643 4278 osse
671 4218 865 4285 notissimum,
926 4226 1021 4287 nates,
1046 4238 1124 4277 nuno
1144 4218 1203 4277 alia
1229 4238 1286 4277 aron
1313 4216 1507 4276 abhorrentes
1532 4215 1729 4278 Praestabilo·

58 4316 110 4391 qui
137 4330 190 4390 pro
217 4328 273 4367 suo
306 4308 383 4366 velle
415 4330 471 4368 nos
504 4312 629 4370 retinere
661 4314 690 4366 ct
721 4306 867 4365 ‹linrittere
925 4330 988 4369 rum
1008 4311 1216 4389 praesentiam.

59 4405 167 4469 sciret,
188 4420 283 4480 penes
309 4399 406 4457 licum
433 4406 462 4458 ct
482 4402 579 4479 ipsum
600 4418 716 4459 (inanem
737 4403 866 4477 potesta·
1001 4399 1080 4458 ilinc
1099 4398 1200 4459 uidere
1219 4400 1289 4459 licet
1314 4406 1344 4457 et
1370 4398 1481 4473 liquido
1513 4404 1643 4468 constat,
1673 4397 1731 4456 hos

59 4502 120 4553 tem
147 4512 218 4550 esse
243 4488 428 4549 altinnaado.
476 4490 697 4570 llocaccepto
721 4507 866 4568 responso
925 4490 1054 4571 populos
1073 4492 1205 4550 moribus
1232 4511 1303 4551 esse
1323 4491 1546 4567 agrestissimos
1572 4507 1608 4547 ac
1634 4506 1731 4547 corru-

59 4583 257 4659 aequierimus
279 4583 365 4639 vitan
386 4598 462 4657 qrrae
482 4580 641 4639 solitariam
657 4599 865 4659 moerorepcr·
925 4582 1090 4663 plissimos,
1122 4586 1159 4639 ut
1184 4583 1210 4640 si
1237 4602 1303 4641 eum
1329 4582 1397 4641 aliis
1416 4579 1586 4637 horninibus
1605 4575 1731 4635 excultis

61 4674 176 4732 mixtam
199 4670 351 4729 duximus:
373 4688 459 4727 rremo
480 4670 556 4726 enim
577 4690 632 4727 nos
653 4690 741 4747 apuam
763 4668 865 4729 ‹liuibi
926 4672 1113 4731 conterantur
1137 4672 1196 4732 illis
1223 4672 1347 4731 ludibrio
1372 4689 1444 4728 esse
1471 4666 1588 4746 possint
1607 4669 1638 4722 et
1656 4663 1731 4721 deri·

62 4764 186 4831 luimus,
216 4762 316 4820 inrisit
335 4765 451 4839 practer
471 4756 596 4838 Bajores
623 4757 700 4817 duos
721 4760 802 4817 cirus
820 4778 868 4819 se·
926 4760 1043 4820 dendos
1064 4761 1221 4839 propinari,
1242 4762 1328 4833 quasi
1349 4758 1420 4817 nihil
1441 4756 1487 4814 rel
1508 4772 1609 4833 pamm
1629 4772 1648 4812 a
1665 4753 1731 4811 bra·

62 4855 112 4913 nio
133 4850 295 4920 conlectos,
317 4850 366 4927 qui
389 4866 522 4925 magnam
542 4846 868 4926 gravitate-principio
926 4852 966 4908 tis
986 4850 1165 4908 dillerentes.

60 4944 317 5023 praesetulemnt,·
355 4939 411 4998 sed
453 4957 520 4998 cum
556 4940 655 4998 miuus
674 4936 783 4997 exculti
808 4936 869 4994 lue·
1004 4936 1140 5016 Proximo
1161 4937 1210 4995 die
1229 4937 1310 4995 vonit
1329 4936 1367 4995 ad
1388 4952 1444 4991 nos
1460 4930 1661 4992 Praestrhilus
1682 4950 1731 4991 aa·

60 5036 134 5101 rint,
165 5029 421 5110 supersedendum
453 5049 511 5088 non
536 5030 592 5089 erit
610 5047 669 5107 quo
688 5024 777 5085 modo
797 5044 869 5083 scse
927 5030 990 5083 ster
1011 5024 1134 5084 Fedeler
1154 5028 1271 5085 nornine
1292 5028 1337 5085 uis
1358 5044 1450 5083 serres
1474 5029 1504 5082 ct
1523 5022 1637 5101 gravis,
1663 5040 1731 5083 cunr

60 5120 143 5201 apud
187 5140 243 5179 uos
286 5120 433 5195 gesserint
478 5126 511 5179 ut
552 5112 714 5191 intelligant
753 5114 869 5181 literati,
928 5130 987 5190 qno
1007 5112 1045 5172 de
1064 5114 1179 5177 illorum
1198 5115 1257 5175 tide
1282 5136 1438 5263 sermonep
1461 5112 1584 5189 mind.
1607 5118 1639 5173 et
1663 5132 1731 5173 cam
