3734 5610
108 264 166 324 822

110 443 170 483 uon
190 437 367 502 praestruens,
401 415 480 497 quod
513 436 579 477 cnm
599 434 671 477 sese
699 415 737 477 ad
763 419 915 479 sinistram

110 518 198 593 signo
218 514 315 573 eureis
335 512 476 583 muniunt,
495 508 527 571 id
548 517 704 591 propterea
723 529 795 572 sese
816 510 915 573 iacere

111 614 216 688 putent
236 605 330 681 (sient
349 624 367 665 a
386 606 446 665 tuis
460 603 529 663 mihi
549 602 674 664 relatum
694 602 758 678 est)
776 599 856 682 qnod
875 599 916 663 ad

110 702 263 761 sirristram
282 694 383 757 Patris
402 694 672 777 SpiritusSanetus
692 692 836 757 assideat
857 693 916 757 Est

111 794 200 863 einim,
228 788 429 851 serenissime
457 787 613 870 Princeps,
633 784 672 849 de
698 788 915 849 Sanctissimae

112 883 267 945 Trinitatis
286 885 429 961 mysterio
450 880 541 941 multo
563 881 662 955 altius,
682 900 769 960 quam
790 900 843 962 pro
863 878 913 941 hu·

110 996 197 1038 roauo
218 982 323 1055 captu,
348 994 384 1033 ac
410 972 518 1047 rebus,
543 994 619 1053 qnae
649 973 706 1033 suh
725 994 848 1035 sensum
868 992 915 1033 ea·

110 1068 194 1143 duru,
213 1064 408 1141 credendum,
433 1075 464 1128 et
479 1063 682 1146 judicandum.
706 1068 844 1129 Ceterum
864 1086 914 1127 no·

110 1170 192 1222 strae
212 1162 447 1238 consignationis
459 1158 533 1219 haec
544 1166 591 1219 est
603 1161 690 1231 ratio,
710 1166 743 1218 ιιι
761 1178 828 1219 cum
849 1177 913 1219 eam

111 1274 130 1315 a
148 1257 246 1333 capite
265 1251 451 1325 inchoamus,
463 1249 534 1311 inde
546 1249 666 1313 Patrem
681 1260 780 1330 caput,
801 1259 832 1313 et
852 1248 913 1313 inu·

110 1356 170 1407 tem
190 1346 320 1407 omnimn
339 1343 498 1417 honorum,
524 1350 614 1423 atque
639 1340 717 1403 adeo
746 1345 913 1425 primarium

110 1438 222 1499 iontem
232 1436 407 1515 reliqnamm
419 1456 611 1517 personarum
631 1434 913 1497 sanctissimae'l'ri·

111 1532 214 1591 nitatis
231 1546 441 1607 agnoscamus.
472 1528 546 1589 Cum
567 1549 636 1591 vero
655 1536 719 1589 tres
738 1531 850 1609 primos
871 1524 913 1589 di·

111 1626 191 1703 gitos
211 1620 352 1683 dexterae
371 1618 576 1696 demittentes,
607 1640 715 1683 nomen
735 1619 802 1685 Filii
822 1622 912 1681 nomi·

110 1735 226 1787 namus,
246 1723 307 1776 tum
327 1711 463 1794 ejusdem
482 1715 512 1773 iu
530 1720 633 1774 ιϊιιιιο
642 1713 841 1775 Beatissimae
854 1712 913 1773 l'ir·

109 1811 189 1888 ginis
213 1809 446 1869 incarnationem
465 1804 669 1881 recordamur,
699 1825 757 1887 qnia
777 1803 913 1867 recorda·

109 1904 191 1963 tioue
210 1906 354 1961 testamur
373 1900 544 1978 orpsterinur
565 1897 638 1959 illud
652 1900 783 1961 aeternis
801 1904 912 1978 tempo·

109 1992 193 2055 ribus
211 1995 344 2065 tacitum,
364 1990 502 2070 Angelis,
522 1999 553 2052 et
572 1990 692 2067 mundo,
710 1992 805 2067 (siant
823 1998 913 2055 testa·

109 2098 157 2151 tur
167 2084 350 2167 Apostolus)
371 2084 552 2157 iurrotnisse;
578 2104 649 2163 erga
667 2105 724 2151 nas
744 2103 815 2145 vero
836 2102 913 2145 serm·

111 2199 188 2238 murm
209 2180 336 2239 omnium
357 2174 530 2236 beneficium
559 2176 654 2239 lrrisse
673 2176 822 2239 collatum.
862 2174 914 2241 Ad

110 2270 223 2331 laeuam
250 2290 354 2349 porro,
386 2289 423 2331 ae
455 2266 607 2331 dexteram
638 2274 769 2351 pectoris
799 2279 914 2352 partem

111 2362 243 2441 Spiritus
263 2362 368 2425 Sancti
388 2381 496 2421 nomen
517 2359 731 2436 adsciscimus,
750 2371 784 2423 ut
809 2382 913 2425 suma

110 2452 201 2515 Patre
220 2462 251 2513 et
270 2452 347 2515 Filio
367 2450 593 2534 procedentem,
612 2454 708 2531 (sicut
725 2473 830 2515 revera
847 2474 915 2534 pro,

110 2544 213 2622 cedit)
242 2565 279 2607 ac
307 2553 411 2611 contra
442 2548 561 2626 impiam
591 2546 728 2609 Eunomii
755 2545 913 2621 haeresim,

108 2638 244 2719 aliosque
263 2638 445 2713 haereticos,
475 2641 591 2719 utrique
618 2638 913 2716 consubstantialem,

108 2740 140 2795 et
158 2730 197 2793 ab
215 2740 340 2812 utraque
350 2728 520 2793 distinctam
533 2751 691 2813 personam
711 2730 912 2794 confiteamur.

108 2822 162 2885 Sic
182 2832 281 2886 autem
302 2843 358 2884 nos
378 2821 497 2885 liriimus
515 2844 581 2887 eam
594 2828 852 2905 consignationem
872 2822 912 2887 ad

107 2916 274 2993 dexteram,
300 2914 380 2997 qrrod
411 2919 441 2977 in
467 2916 585 2979 Divinis
606 2916 770 2999 Scripturis
790 2916 912 2981 dextera

106 3009 318 3091 perfectionem
339 3006 499 3087 significat,
518 3009 714 3073 nobisantem
733 3030 853 3091 semper
872 3007 912 3073 nd

107 3100 318 3181 perlectionem
338 3098 519 3161 tendendum
539 3104 589 3162 sit.
610 3101 688 3165 Nam
708 3111 739 3165 et
758 3101 790 3163 id
809 3103 910 3163 Domi·

108 3192 262 3253 nnsDens
280 3194 467 3273 potissimum
487 3193 558 3269 rull,
579 3199 628 3275 qui
643 3199 750 3272 omnia,
771 3204 910 3276 quantum

107 3288 136 3347 in
158 3307 193 3347 se
212 3295 275 3361 est,
296 3285 419 3369 perficit.

183 3375 272 3453 Quod
293 3386 391 3439 antem
399 3378 528 3439 llnlheni
546 3381 588 3439 tui
608 3382 758 3455 mirentur,
778 3399 833 3443 nos
854 3383 911 3461 piis

106 3467 283 3547 iuragiuibus
304 3473 423 3531 nomina
443 3490 542 3531 eorrrm
563 3471 751 3547 Sanctorum,
771 3493 847 3553 qrros
867 3493 910 3533 re·

105 3568 315 3643 praesentant,
342 3582 401 3622 uon
423 3581 542 3644 semper
567 3565 616 3639 (ut
634 3565 693 3644 ipsi
714 3563 839 3640 iaciunt)
860 3563 909 3627 ad·

107 3654 255 3725 scriberer
286 3658 364 3720 scito
390 3657 417 3716 si
444 3657 591 3717 uomimrm
612 3656 727 3719 illorum
746 3656 910 3740 adscriptio

106 3744 176 3809 ideo
194 3751 366 3809 necessaria
386 3756 448 3823 est,
478 3756 511 3808 ut.
537 3769 616 3830 qrros
643 3748 774 3812 Serretes
793 3770 909 3831 reprac·

105 3849 235 3916 sentent,
256 3861 292 3901 ex
313 3860 349 3901 ea
368 3844 465 3903 sancti
486 3841 528 3903 illi
551 3845 605 3903 viri
617 3852 828 3922 agrioscantnr,
844 3846 908 3924 jam

106 3954 171 3997 eam
194 3931 273 3997 lrarul
292 3937 492 3995 neeessariam
512 3955 582 3996 esse
602 3937 649 4009 iis,
669 3938 718 4016 qni
732 3935 798 3997 illas
818 3956 908 4014 agno·

105 4034 210 4089 seruit:
244 4026 408 4087 Catholicis
438 4034 537 4088 antem
564 4031 659 4109 primo
682 4037 808 4109 aspectu
826 4032 907 4091 inno·

105 4126 221 4180 tescerc
243 4117 394 4179 Christum
415 4118 604 4196 curcilixnm,
622 4120 834 4185 Beatissimam
852 4124 908 4183 vir·

106 4214 202 4288 ginem
224 4218 255 4271 et
273 4211 431 4291 plerasque
457 4212 533 4277 alias
553 4210 732 4277 Sarrctorum
753 4217 907 4294 imagines,

106 4305 173 4383 quis
193 4299 326 4363 dubitati
346 4302 517 4380 Praeterea,
549 4307 576 4367 si
595 4309 722 4369 nominis
743 4305 907 4389 adscriptio

105 4396 276 4457 necessaria
295 4397 352 4470 sit,
383 4394 454 4475 quid
480 4396 530 4459 illa
560 4395 652 4461 faciet
676 4397 777 4461 idiotis
808 4400 906 4479 legere

105 4486 322 4562 nescientibus,
350 4488 454 4568 quales
479 4489 612 4571 plerique
633 4511 738 4553 omnes
756 4500 828 4555 sunt
846 4493 905 4555 llu-

101 4694 208 4748 rarmu,
229 4682 261 4733 ct
276 4677 391 4754 scripti,
408 4672 509 4737 idiotis
530 4672 744 4737 adhibeanturt
768 4676 904 4754 Quodsi

101 4764 212 4827 dixeris
243 4767 292 4838 (ut
311 4765 381 4825 mihi
404 4769 446 4827 tui
466 4764 588 4843 dixere)
618 4771 647 4828 in
678 4772 745 4849 ipsa
776 4775 903 4833 nominis

100 4856 301 4939 adscriptione
331 4861 469 4920 virtutem
500 4860 627 4940 aliquam
658 4866 839 4939 corrsistere,
871 4874 902 4926 tn

99 4953 221 5030 sapiens
234 4970 278 5027 es,
291 4954 340 5032 qui
353 4952 502 5031 intelligas
522 4954 552 5011 iu
573 4956 653 5015 notis
672 4955 819 5034 ejusnrodi
841 4959 900 5019 nul·

98 5040 166 5115 lara,
186 5040 243 5102 sed
262 5046 291 5102 in
311 5063 404 5104 sensu
421 5065 457 5105 ac
469 5047 535 5104 uiua
555 5042 613 5105 fide
633 5040 721 5108 silam
743 5069 812 5111 esse
832 5053 899 5126 rim,

97 5142 187 5214 atque
206 5137 351 5194 virtutem.
375 5138 422 5196 Ae
440 5146 536 5197 tamen
550 5158 609 5198 non
630 5139 829 5220 improbamus
850 5162 897 5202 eo·

95 5245 157 5284 rnm
177 5225 438 5299 cousuetudinem,
470 5230 518 5306 qui
539 5230 658 5308 pietate.
678 5252 736 5293 nou
756 5239 897 5317 supersti-

712 253 933 317 ,auronius
965 252 1232 317 possevinus

972 420 1052 479 tione
1072 414 1214 491 adducti,
1247 435 1354 477 nomen
1383 411 1567 493 imaginibus
1598 410 1773 489 amulium

972 518 1006 570 ιιι
1038 510 1090 571 alii
1118 509 1201 585 (eun
1230 506 1310 590 quod
1343 510 1499 587 ignorant,
1530 504 1722 585 intelligant)
1748 525 1773 569 ιι

972 605 1062 665 etiam
1094 605 1231 679 ratione,
1262 604 1330 683 pias
1360 618 1380 661 a
1408 598 1577 681 prophanis
1608 596 1772 678 ingimhs

972 692 1167 774 dignoscant:
1199 692 1279 777 qnod
1304 712 1379 755 sane
1405 690 1513 753 crebro
1539 688 1654 757 han-t
1674 710 1770 773 Μ

973 786 1120 849 Catholici
1141 786 1262 850 faciunt.

1136 1090 1441 1172 ERRORES
1468 1090 1626 1170 AM]

972 1288 1243 1348 auraruounu,
1273 1287 1335 1343 our
1368 1283 1598 1333 onrnurrns
1628 1286 1768 1335 senrun

1002 1398 1136 1443 secum
1166 1398 1274 1455 sona,
1305 1394 1511 1450 rosrounn
1540 1394 1691 1445 enarer
1720 1398 1753 1443 nr

1068 1505 1250 1552 ecclesia
1271 1502 1363 1551 sesa
1382 1500 1695 1553 rannernnanur.
1805 1486 1807 1505 '

1047 1782 1155 1844 Errant
1175 1782 1295 1860 Graeci,
1314 1805 1382 1849 cum
1402 1786 1518 1865 meunt,
1535 1785 1711 1869 simplicem
1728 1780 1768 1843 lu·

971 1877 1153 1937 nicatiouem
1181 1896 1240 1935 nou
1271 1896 1342 1941 esse
1360 1888 1530 1961 peecatum.
1575 1880 1696 1941 Dicant
1711 1877 1768 1937 eri·

972 1975 1075 2029 contra
1102 1965 1174 2027 illud
1200 1967 1311 2031 Christi
1335 1970 1457 2035 Domini
1486 1972 1648 2037 Matthaei
1674 1968 1768 2031 decise

972 2063 1082 2141 quinto.
1115 2058 1162 2121 De
1192 2059 1283 2123 corde
1314 2074 1422 2127 exeunt
1450 2068 1665 2145 cogitationes
1686 2062 1769 2135 Ιὺι

971 2150 1142 2230 homicidia,
1161 2152 1317 2231 adulteria,
1338 2156 1568 2235 lomicationes,
1590 2158 1684 2235 herta,
1700 2156 1768 2219 aa

971 2246 1067 2321 milia,
1097 2266 1175 2328 quae
1201 2250 1394 2329 coinquinant
1419 2249 1592 2313 homiuem:
1626 2272 1667 2313 ac
1686 2256 1769 2313 coam

971 2336 1044 2401 illud
1062 2338 1149 2403 Pauli
1162 2341 1189 2399 1.
1203 2340 1336 2402 Corinth.
1357 2344 1455 2425 eapite
1475 2352 1579 2405 sexto.
1603 2344 1712 2427 Neqna
1728 2340 1769 2403 tn·

971 2434 1086 2507 tricarii,
1106 2452 1202 2513 neqrre
1222 2430 1358 2511 adulteri,
1378 2444 1410 2497 et
1428 2444 1555 2501 caetera
1574 2433 1769 2519 RegnnrnDri

970 2521 1177 2607 possidebunt.
1196 2525 1314 2601 Errant,
1335 2548 1401 2589 curn
1422 2526 1538 2605 dieunt,
1560 2528 1769 2613 praestantiss-

971 2622 1048 2679 mum
1067 2616 1274 2679 Errclraristiae.
1295 2620 1521 2683 Sacramentum
1545 2624 1581 2683 in
1602 2622 1656 2685 die
1675 2640 1770 2685 unae

970 2708 1108 2785 Domini,
1130 2729 1236 2793 nempe
1257 2710 1330 2775 laria
1350 2716 1452 2795 quinta
1472 2716 1606 2795 majoris
1626 2712 1769 2779 heimm-

970 2800 1027 2865 dae
1046 2801 1228 2875 conlectum,
1259 2805 1475 2869 excellentioris
1495 2827 1574 2869 esse
1595 2812 1727 2883 cirtatb,
1746 2816 1768 2865 ιι

970 2894 1126 2970 efficatiae,
1146 2917 1233 2977 qnam
1254 2898 1313 2959 alio
1334 2898 1467 2981 quolibet
1487 2896 1539 2961 die.
1561 2910 1767 2965 commus

969 2988 1081 3051 Eadem
1113 2991 1192 3051 araim
1223 3011 1343 3073 semper
1371 2998 1419 3053 est
1445 2994 1545 3055 uirtus
1566 2992 1672 3055 Dieini
1690 2990 1768 3067 verbi

970 3102 1036 3141 cnm
1056 3078 1253 3143 aSacerdote
1267 3084 1354 3163 juxta
1365 3083 1486 3145 Domini
1507 3096 1768 3169 praeceptampre

969 3172 1060 3235 t'ertur
1077 3174 1117 3249 ¹):
1145 3173 1211 3235 lloc
1232 3184 1280 3235 cst
1300 3196 1408 3257 corpus
1428 3197 1538 3239 meum.
1575 3178 1682 3259 Neque
1700 3180 1769 3239 enin

968 3287 1026 3327 una
1053 3266 1120 3347 plus
1146 3287 1233 3347 quam
1265 3266 1358 3329 altera
1378 3268 1460 3346 dies,
1490 3270 1552 3335 sed
1567 3273 1707 3345 instituti,
1737 3290 1770 3330 ae

970 3358 1128 3420 voluntatis
1149 3358 1207 3419 Dei
1237 3362 1313 3421 ratio
1346 3360 1414 3423 huic
1444 3373 1557 3429 sancto
1579 3364 1769 3427 Sacramenta

969 3450 1136 3526 efficatiam,
1157 3460 1188 3513 et
1208 3455 1361 3515 vimsuaru
1371 3453 1485 3531 tribuit,
1506 3477 1689 3539 quocunque
1708 3466 1768 3519 ren

967 3565 1040 3626 pore
1059 3542 1090 3605 id
1110 3548 1166 3606 rita
1186 3544 1361 3609 celebretur.

1043 3637 1167 3711 Errant,
1189 3658 1255 3697 cnm
1277 3636 1395 3715 dieunt,
1416 3660 1491 3718 eos,
1511 3646 1567 3723 qm
1587 3652 1663 3707 sunt
1681 3642 1767 3725 diqu-

968 3728 1024 3791 bus
1044 3734 1177 3812 peccatis
1198 3733 1357 3812 inquinati,
1384 3752 1494 3815 corpus
1521 3736 1642 3799 Christi
1661 3736 1765 3799 Domini

967 3844 1025 3883 non
1047 3826 1196 3906 recipere,
1221 3844 1286 3885 cum
1314 3822 1352 3887 nd
1380 3824 1474 3889 altare
1493 3827 1624 3891 Domini
1645 3848 1763 3893 neceam

966 3917 1032 3977 rint.
1055 3914 1135 3977 Vere
1154 3919 1232 3977 enim
1251 3914 1324 3977 illud
1345 3927 1481 3993 sumunt,
1502 3920 1581 3985 licet
1598 3922 1764 4004 indiguus

966 4005 1006 4073 ad
1020 4006 1165 4089 judicium
1187 4012 1345 4091 accipiant,
1366 4032 1425 4073 non
1445 4010 1659 4095 dijudicantes
1673 4030 1762 4097 corp!

966 4100 1102 4176 Domini,
1122 4110 1154 4164 ιιι
1173 4103 1341 4184 Apostolus
1360 4108 1412 4167 ait.

1042 4194 1159 4271 Errant,
1179 4213 1245 4254 enm
1265 4198 1377 4276 primas
1395 4202 1517 4281 nuptias
1532 4199 1714 4273 admittantr
1729 4219 1760 4260 ee

966 4284 1080 4349 cuudas
1095 4284 1235 4347 damnant
1247 4288 1281 4363 ²).
1295 4287 1331 4349 Si
1345 4292 1422 4351 enim
1435 4289 1512 4353 alter
1527 4298 1696 4377 conjugum
1706 4310 1760 4355 mer·

966 4387 1035 4441 tuus
1057 4383 1118 4457 sit,
1149 4380 1224 4443 altor
1248 4380 1366 4445 solutus
1392 4391 1459 4458 est,
1492 4388 1664 4450 utiterum
1682 4384 1760 4470 posili

964 4471 1075 4533 nubere
1087 4472 1127 4549 ἰι
1141 4470 1221 4554 qnod
1241 4495 1277 4535 ex
1298 4473 1409 4537 Christi
1419 4474 1546 4538 Domini
1574 4479 1758 4543 verbosari·

102 4580 202 4655 theui,
221 4600 288 4641 cum
308 4584 409 4661 potius
428 4584 576 4662 ipsaemet
593 4585 738 4661 imagines
751 4585 816 4646 loeo
829 4586 905 4647 litte·
962 4561 1039 4625 f²⁸l⁰
1060 4564 1216 4643 ⁰⁰¹¹lssil¹¹¹2

1040 4657 1156 4731 Errant,
1178 4679 1244 4718 cnm
1266 4669 1413 4722 extremae
1432 4664 1590 4726 unctionis
1602 4664 1755 4731 Sacrffl·

963 4759 1024 4811 tum
1045 4751 1270 4829 aegrotantibus
1296 4761 1421 4832 negant,
1450 4753 1622 4836 aliquando
1644 4758 1683 4825 ad
1701 4755 1756 4819 sale·

1037 5019 1063 5094 1)
1083 5032 1166 5078 ιιιιιι.
1186 5037 1222 5079 ee.

1033 5128 1061 5205 2)
1082 5142 1185 5188 corinth.
1207 5148 1240 5189 tt.

1029 5240 1057 5311 a)
1078 5253 1162 5299 notin.
1184 5258 1211 5297 to
1229 5256 1255 5299 er
1275 5256 1300 5298 re
1319 5254 1373 5311 cap.
