3742 5626
454 224 1335 305 uacueouomnrmruoseovmaoncrs.
1687 240 1723 333 su

54 414 122 457 curn
130 393 207 477 Regi
218 394 363 459 Poloniae
383 394 485 477 plures
502 396 646 458 Livonioe
666 413 763 469 arces,
784 411 859 475 quos
996 390 1233 457 Discedentibus
1258 395 1379 475 Regiis,
1408 416 1475 457 cum
1502 395 1605 479 blagui
1628 400 1726 477 Ducis

54 489 106 551 alii
126 492 294 572 cepissent,
327 488 385 550 ista
411 488 511 567 blagui
537 486 635 551 Ducis
661 487 860 559 cunctatione,
920 486 1026 563 Legati
1047 485 1086 546 ad
1106 487 1227 549 multam
1247 496 1365 550 noctem
1391 486 1488 571 (quod
1513 485 1608 573 saepe
1636 482 1724 555 lacie-

54 579 270 645 decessissent
313 580 451 643 Ceterum
472 579 581 643 babere
601 600 636 642 se
658 583 688 641 in
712 574 860 639 mandatis
921 576 1008 655 bant)
1029 576 1109 660 apud
1135 579 1298 641 Antonium
1324 582 1521 655 mansissent,
1556 582 1653 666 deque
1675 584 1724 651 Li.

54 666 188 753 aRege',
208 682 240 735 ut
260 695 347 755 quam
373 676 519 735 citissimo
546 676 753 735 tractationem
773 672 859 731 istam
920 672 1009 733 conia
1036 668 1108 753 quid
1133 675 1163 732 in
1190 670 1338 735 mandatis
1359 670 1520 749 baberent,
1545 675 1725 759 liquidinuus,

54 764 230 829 absolvant:
263 789 299 829 se
325 770 457 831 Antonio
489 764 659 829 Posserino
690 764 861 847 protestari,
921 782 957 823 ac
977 760 1103 827 ideuter
1125 766 1152 825 ei
1173 766 1289 847 roganti
1315 765 1473 847 (quantum
1498 764 1538 827 ad
1561 788 1666 851 pacem
1684 774 1724 833 ci·

55 856 255 922 diuturniores
293 880 391 923 moras
428 863 491 943 pati
523 880 583 920 uon
614 879 722 941 posse,
752 855 860 939 quibus
919 858 979 917 tius
1017 853 1184 919 laciendum
1214 852 1383 939 expediret)
1415 860 1619 939 aperuissent,
1656 862 1727 927 data

55 954 144 1012 etiam
165 956 282 1014 omuino
302 952 380 1015 ultra
399 950 536 1025 triduum,
555 952 603 1013 vel
624 948 809 1035 quatriduum
823 969 859 1010 eo

55 1048 86 1106 in
105 1045 173 1109 loco
192 1067 251 1107 uon
272 1049 314 1107 sit
333 1043 583 1107 commorandum.

131 1136 183 1201 Ad
203 1160 239 1201 ea
258 1138 365 1219 Legati
388 1138 488 1217 Magni
510 1138 604 1199 lincis
630 1158 696 1199 eum
720 1135 861 1218 pleraque

56 1229 294 1313 respondissent,
314 1252 390 1313 quae
402 1230 606 1313 superioribus
627 1227 734 1291 diebus
756 1226 793 1289 de
815 1247 862 1288 ae·

57 1326 170 1405 quitate
196 1322 360 1397 servanda,
392 1320 431 1383 de
462 1323 590 1385 elatione
615 1324 705 1383 animi
732 1316 863 1393 uitanda,

57 1414 154 1497 deque
189 1420 344 1495 sauguinis
378 1416 522 1477 allusione
560 1412 740 1475 declinanda
774 1410 862 1473 dixis·

57 1518 135 1578 seut,
156 1506 294 1589 quodque
316 1508 405 1589 Regii
426 1511 518 1569 visuri
539 1506 667 1589 denique
680 1513 795 1581 esseut,
815 1524 862 1565 su·

56 1622 110 1683 per
135 1622 211 1681 quos
238 1608 340 1665 tarutus
368 1603 491 1681 sanguis
519 1608 602 1663 esset
631 1620 768 1660 casurus.
816 1596 863 1657 De

57 1692 187 1755 Sueciae
208 1700 305 1755 autem
331 1694 417 1773 Rege
442 1714 477 1755 se
503 1693 575 1754 nibil
599 1690 711 1753 habere
733 1696 763 1753 iu
784 1710 862 1751 man·

57 1784 147 1863 datis,
167 1784 247 1867 quod
266 1796 404 1866 agereut3
425 1806 500 1857 eum,
521 1789 549 1847 si
568 1786 641 1847 velit
661 1780 700 1845 ad
721 1783 862 1863 lilaguum

57 1879 172 1943 Ducem
193 1883 309 1941 mittere
336 1876 373 1939 de
394 1900 470 1961 pace
490 1878 640 1957 Legatos,
667 1898 726 1937 non
754 1874 862 1937 frustra

58 1973 225 2033 missurum.
271 1971 446 2035 llaraburula
473 1980 587 2043 autern,
626 1973 674 2050 qui
706 1990 764 2029 uurua
797 1988 864 2029 cum

57 2064 239 2145 Horuostajo
260 2062 406 2145 quondam
428 2066 457 2124 iu
479 2063 643 2141 Legatioue
662 2059 700 2121 aul
721 2060 864 2139 Magnum

57 2156 172 2219 Ducem
193 2160 303 2232 iverat,
330 2178 396 2217 cum
424 2156 464 2215 nil
484 2165 602 2237 praeter
627 2154 691 2226 ilia,
719 2174 795 2234 (purae
815 2152 864 2212 ha·

58 2249 178 2310 buissel
198 2252 227 2309 in
254 2247 401 2309 mandatis
423 2253 552 2329 egisset3
584 2244 773 2326 cogitandum
795 2264 865 2305 esse

58 2341 117 2401 sibi
139 2361 254 2421 quoque
275 2340 378 2419 lilagui
405 2341 502 2402 llucis
524 2340 663 2420 Legatis‚
689 2342 764 2399 inira
789 2336 865 2397 brues

59 2435 189 2495 ruuuuueris
210 2432 268 2493 sibi
297 2437 472 2515 praescripti
500 2432 690 2505 ruuauueudum,
721 2432 864 2493 Livouiae

58 2529 148 2607 igitur
176 2546 263 2587 arces
294 2526 399 2605 Regiis
432 2528 646 2607 promiserunt,
678 2523 863 2595 Parnasium,

921 952 948 1009 ei
969 947 1116 1019 facultate,
1139 958 1173 1011 ut
1193 949 1232 1014 ad
1252 948 1399 1011 Joaunem
1419 948 1609 1013 Zamosciuuu
1627 954 1725 1035 Regni

921 1041 1065 1105 l'oloniae
1085 1044 1261 1125 Supreuuum
1280 1042 1514 1119 Cancellarium,
1544 1054 1575 1109 et
1595 1046 1726 1111 Genera·

921 1134 978 1195 lem
1007 1130 1201 1218 capitaneum
1233 1132 1271 1197 de
1297 1142 1361 1199 tots
1386 1138 1520 1199 recitatis
1552 1142 1636 1221 equis
1661 1130 1726 1223 pei·-

920 1225 1075 1300 scriberet,
1095 1228 1142 1287 cui
1162 1228 1380 1313 integerrimam
1399 1232 1442 1292 rei
1457 1228 1660 1295 conficiendae
1675 1256 1727 1317 po·

921 1326 1061 1379 testatem
1079 1318 1146 1379 Rex
1165 1319 1356 1395 tradidisset,
1382 1326 1493 1387 missae
1513 1321 1618 1387 eadem
1638 1336 1729 1390 nocte

921 1411 1038 1473 litterae
1064 1420 1135 1473 suunt
1161 1415 1191 1473 iu
1220 1422 1335 1476 castra:
1368 1412 1408 1476 ad
1431 1436 1593 1499 quoscum
1613 1418 1727 1483 tardius

921 1523 1098 1583 responsum
1117 1510 1306 1587 pervenisset
1324 1506 1526 1589 (quatriduum
1547 1515 1625 1573 euim
1646 1512 1727 1575 efflu-

921 1594 980 1671 xit)
1000 1594 1120 1657 muitum
1141 1596 1196 1659 luit
1215 1598 1364 1669 Antonio,
1388 1600 1468 1681 quod
1493 1612 1596 1683 ageret
1620 1608 1649 1665 iu
1670 1608 1727 1667 exi·

922 1684 1029 1750 menda
1054 1688 1171 1753 bloscis
1192 1688 1371 1773 'suspicione
1402 1690 1441 1753 de
1472 1694 1592 1775 Regiis,
1622 1696 1729 1779 hisque

922 1784 971 1843 vix
990 1778 1186 1853 circumeundis,
1216 1778 1296 1865 quod
1317 1786 1365 1865 qui
1392 1788 1506 1867 scripto
1527 1787 1728 1867 plenissimam

922 1896 957 1936 se
977 1883 1156 1957 potestatem
1176 1872 1215 1937 ad
1235 1880 1333 1938 omnia
1352 1876 1463 1939 habere
1483 1876 1638 1953 dixissent,
1658 1879 1728 1943 inde

923 1968 1037 2049 plenior
1046 1966 1219 2029 llloscoruun
1240 1989 1311 2029 esse
1331 1970 1381 2031 illa
1393 1968 1550 2043 uideretur,
1572 1993 1728 2057 quaepau·

924 2060 1055 2121 cioribns
1084 2058 1184 2119 serbis
1215 2070 1299 2122 esset
1336 2062 1580 2145 compraehensa.
1629 2064 1728 2127 Biduo

925 2156 1025 2232 itaque
1045 2150 1146 2223 dilato,
1168 2173 1233 2212 curu
1254 2152 1368 2233 Regios
1389 2158 1554 2216 mounisset
1568 2158 1729 2231 Arutoruius,

925 2254 958 2305 ut
977 2244 1125 2325 colloquio
1147 2247 1337 2317 interessent,
1358 2251 1387 2308 iu
1407 2269 1465 2329 quo
1484 2248 1590 2309 saltem
1612 2248 1650 2313 de
1670 2250 1728 2313 lle·

924 2358 962 2416 ge
989 2336 1118 2400 Sueciae
1144 2340 1192 2417 ogi
1226 2348 1347 2420 posset,
1377 2336 1427 2400 die
1453 2340 1489 2399 ll
1519 2362 1623 2405 omuues
1649 2342 1730 2427 apud

923 2426 1048 2491 eundem
1069 2426 1208 2491 demere
1229 2442 1438 2493 convenerunt.

59 2617 236 2699 Pajdauum,
250 2617 585 2693 Corstiuum,lluntccz‚
598 2616 864 2690 Curslorum,Por·
919 2604 933 2625 '

58 2732 185 2773 coruom.

135 2802 199 2865 Sed
219 2824 286 2865 cum
305 2802 395 2880 Regii
413 2806 505 2863 totiurs
533 2801 676 2863 Lironiac
703 2805 862 2863 restitutio·

59 2918 136 2968 ruem,
154 2896 292 2975 titulique
312 2905 342 2955 et
358 2897 437 2973 juris
457 2898 553 2975 ipsius
573 2896 740 2955 cessionem
758 2896 862 2953 iterum

60 2995 213 3067 urgerent,
240 2989 391 3049 Aurtouius
411 2988 609 3061 Posseviuus,
635 2989 684 3067 qui
704 2996 792 3049 autea
814 3008 862 3047 uo·

58 3088 152 3155 uerat,
174 3082 299 3159 Legatis
318 3078 423 3157 Regiis
444 3100 508 3141 eam
528 3100 587 3139 uon
613 3078 707 3139 iuuisse
727 3078 863 3161 plenissi-

59 3194 135 3235 mam
156 3170 327 3235 facultatem
346 3168 499 3243 traditam,
530 3166 568 3231 dc
594 3170 714 3245 arcibus
740 3194 758 3233 a
778 3172 863 3253 Rege

62 3267 156 3349 captis
181 3262 392 3339 restituendis,
412 3285 488 3345 quae
507 3262 664 3325 videbatur
689 3262 784 3325 iuuisse
811 3284 865 3345 per

60 3366 234 3441 opportuna,
255 3378 401 3438 quamque
419 3358 579 3425 Antonius,
600 3364 757 3437 auutequam
778 3378 795 3416 e
817 3377 863 3416 ca·

59 3454 132 3513 stris
153 3448 331 3523 discederet,
352 3472 369 3511 a
390 3450 474 3529 Rege
494 3453 636 3531 petierat;
662 3453 795 3529 utrisque
815 3471 864 3510 au·

60 3554 119 3605 tem
139 3544 261 3623 Legatis
283 3542 320 3603 de
340 3542 470 3603 Sueciae
491 3540 591 3621 Rege,
618 3563 654 3603 ac
676 3538 714 3600 ule
729 3543 808 3622 juris
835 3550 865 3603 et

60 3636 136 3697 tituli
157 3634 301 3699 Liuoniae
322 3638 476 3707 cessione,
503 3655 578 3694 suae
599 3640 703 3693 esseut
723 3638 865 3709 rationes,

62 3736 199 3811 precatus
220 3728 352 3805 Legatos
374 3748 427 3806 per
447 3726 558 3787 (finisti
586 3729 774 3805 sanguinem,
801 3748 864 3807 per·

61 3842 118 3901 que
138 3818 179 3893 iul,
200 3842 275 3899 (purae
297 3840 367 3895 erga
379 3820 520 3879 Sanctam
534 3818 739 3901 Apostolicauu
754 3816 865 3879 Seuleuu

61 3912 238 3993 obsequium
265 3906 478 3983 ostentabant,
511 3920 542 3970 ut
571 3915 599 3972 iu
626 3919 708 3971 tauta
737 3932 768 3971 re
794 3910 865 3970 uiluil

60 4006 234 4087 praecipitis
273 4000 495 4063 deliberationis
527 4001 733 4064 nulluiberetur:
772 4006 867 4085 petiit,

62 4116 131 4157 num
152 4097 299 4175 tantisper
320 4098 357 4153 iis
378 4092 416 4155 ule
440 4094 530 4157 rebus
555 4094 613 4155 sibi
640 4097 772 4173 cogitare
798 4096 866 4156 licc-

61 4196 123 4261 ret,
155 4184 223 4245 duur
251 4184 290 4245 ad
315 4208 375 4247 reuu
396 4192 514 4269 aptius,
540 4196 628 4269 atque
655 4186 694 4246 ad
716 4191 799 4268 pacis
818 4210 865 4249 so·

62 4278 179 4343 liulioris
208 4283 452 4359 compositionem
487 4279 655 4361 expeditius
687 4290 794 4361 posset
824 4302 867 4341 re-

61 4368 223 4455 spondere.
266 4368 320 4431 Cui
342 4394 406 4433 cum
426 4377 602 4433 anumisseut
637 4382 698 4432 tuum
720 4373 784 4445 illc,
806 4395 866 4433 cra·

62 4468 142 4527 stium
162 4460 228 4522 dies
250 4478 257 4515 ι
276 4467 397 4525 essione
417 4464 545 4526 vocabit.
581 4464 629 4525 lle
650 4466 775 4527 Livonia
796 4486 867 4527 uero

61 4566 126 4619 totu
146 4552 315 4627 reddenda,
343 4578 409 4617 curu
433 4556 535 4637 lllagni
565 4557 659 4619 Ducis
681 4558 785 4637 Legati
803 4561 867 4639 jam

63 4669 117 4710 ser
138 4650 212 4709 alias
233 4670 319 4709 arces
340 4649 509 4721 obtulerint,
530 4648 629 4711 dicant
650 4659 747 4711 auuteuu
768 4650 868 4731 Regii,

63 4740 104 4801 nil
125 4760 160 4801 se
180 4738 263 4803 aliuud
284 4737 431 4813 dicturos,
460 4744 518 4801 uisi
546 4762 633 4801 arces
661 4742 791 4823 reliquas
811 4753 868 4803 tra·

63 4830 152 4905 daut3
185 4854 309 4914 cumque
335 4837 450 4915 uutriquo
477 4856 535 4895 uon
563 4837 639 4895 satis
664 4856 698 4895 se
719 4837 870 4915 aperient:

63 4946 137 4987 suas
157 4930 308 4986 excutiant
328 4925 562 5009 instructiones,
583 4924 768 4999 strideant,
789 4926 870 5009 quid,

63 5026 96 5080 et
115 5026 254 5099 quantum
276 5022 396 5101 possint
416 5030 578 5102 praestare,
600 5017 680 5079 ulad
698 5030 870 5101 sequentem

973 2722 1087 2797 DIE
1117 2719 1268 2795 XVm
1297 2722 1685 2805 DEOEMBRIS

1172 2862 1303 2908 SLSSIO
1324 2863 1483 2916 QUARTA.

999 3076 1150 3137 Antonius
1163 3075 1357 3151 possevinus,
1377 3082 1425 3140 cui
1445 3082 1600 3163 aLegatis
1619 3080 1658 3145 ad
1678 3106 1726 3146 eo·

923 3166 1077 3245 gitaudum
1098 3166 1197 3231 delata
1219 3190 1269 3229 res
1290 3179 1362 3243 erat,
1383 3169 1468 3233 lateri
1489 3194 1533 3247 se,
1554 3178 1726 3257 inquitma·

922 3262 997 3337 ioris
1019 3259 1050 3321 iul
1071 3281 1141 3323 esse
1162 3266 1316 3333 momenti,
1342 3284 1429 3343 quam
1454 3266 1584 3329 fortasse
1613 3279 1728 3349 putare·

923 3366 985 3427 tur,
1018 3352 1097 3435 quod
1124 3353 1161 3415 de.
1182 3354 1312 3416 Succiae
1337 3354 1437 3435 Rege,
1466 3357 1563 3440 deque
1590 3365 1728 3423 cessione

922 3446 1015 3517 tituli,
1041 3449 1179 3527 jurisque
1206 3447 1349 3509 Liuoniae
1382 3450 1539 3531 petebatur
1570 3473 1586 3512 a
1613 3454 1728 3534 Regiis.

923 3538 962 3600 Et
982 3562 1000 3601 a
1021 3538 1167 3601 Pontilice
1188 3540 1305 3621 quidem
1324 3541 1454 3605 Maximo
1474 3566 1509 3605 se
1530 3544 1672 3609 babuisse
1698 3552 1727 3609 in

924 3628 1082 3703 mandatis,
1103 3640 1134 3692 ut
1154 3654 1190 3695 ea
1209 3630 1247 3693 de
1267 3655 1299 3693 re
1320 3634 1449 3696 Sueciae
1464 3636 1569 3715 Regis,
1589 3654 1728 3719 unusquam

925 3724 1056 3785 Sanctae
1084 3722 1176 3784 Sedis
1208 3728 1309 3795 auraici,
1345 3738 1466 3805 ageret:
1499 3728 1578 3809 quod
1611 3730 1728 3810 quidem

925 3818 1073 3879 Stariciae
1092 3836 1158 3875 curn
1178 3814 1291 3894 lllaguo
1306 3818 1389 3879 lluee
1402 3830 1460 3880 tanu
1474 3824 1540 3901 ejus
1553 3824 1731 3883 sanctitatis

925 3930 1011 3991 quam
1038 3908 1184 3986 Stepluani
1213 3910 1308 3988 llegis
1342 3916 1458 3972 uouuiue
1484 3916 1640 3993 quinquies
1668 3912 1731 3973 ‹lili-

925 4010 1030 4081 genler
1049 4005 1180 4080 egisset,
1211 4022 1266 4061 uec
1285 4000 1398 4079 lllagno
1427 4002 1501 4064 lluci
1529 4001 1730 4085 displicuisse,

925 4104 958 4154 ut
983 4094 1013 4153 in
1041 4094 1181 4153 sueciam
1209 4092 1475 4174 (quemadmodum
1502 4094 1636 4173 lecerat)
1656 4098 1730 4158 litte·

926 4208 976 4249 ras
998 4184 1036 4247 de
1055 4193 1117 4247 tota
1138 4206 1170 4244 re
1193 4188 1331 4248 mitteret.
1360 4186 1447 4247 Nunc
1468 4186 1563 4248 uideri
1583 4188 1642 4249 sibi
1665 4190 1730 4251 Ste-

926 4278 1054 4362 phanum
1074 4276 1187 4355 Regem
1208 4278 1290 4341 nulla
1310 4283 1424 4342 ratione
1450 4300 1543 4361 posse
1569 4282 1650 4343 istud
1670 4284 1733 4347 olil-¹

927 4376 1004 4433 cium
1023 4391 1078 4453 pro
1099 4370 1202 4443 aliiue,
1229 4368 1265 4433 'ac
1291 4372 1381 4435 lratm
1401 4394 1457 4434 suo
1478 4372 1635 4451 descrere;
1666 4396 1731 4436 cum

927 4469 1016 4527 etiarn
1051 4466 1261 4527 occasionibus
1291 4465 1380 4527 futuri
1412 4464 1482 4527 belli
1513 4466 1733 4549 praecidendis,

926 4556 1014 4618 ualde
1050 4556 1080 4618 id
1120 4568 1203 4619 esset
1237 4557 1497 4619 commodaturum.
1550 4558 1682 4619 Proinde
1705 4562 1733 4619 si

927 4648 996 4733 quid
1017 4650 1119 4731 Magni
1140 4650 1236 4713 Ducis
1260 4652 1367 4731 Legati
1399 4651 1556 4725 baberent,
1586 4649 1665 4731 quod
1691 4672 1735 4711 re·

928 4742 1122 4827 sponderent,
1143 4764 1196 4815 ee,
1216 4745 1385 4825 primquam
1412 4741 1494 4803 aliud
1518 4741 1629 4823 aliquid
1656 4742 1734 4805 dice·

929 4846 983 4907 ret,
1004 4834 1132 4896 libenter
1151 4833 1327 4896 auditurum.

1005 4926 1106 4988 lllosci
1126 4924 1354 5007 responderunt,
1375 4948 1411 4987 se
1432 4926 1504 4986 niluil
1517 4928 1565 5003 (ut
1586 4926 1735 5007 dixerant)

931 5044 947 5079 a
967 5020 1077 5097 lllagno
1091 5020 1176 5079 Duce
1198 5040 1233 5079 ea
1253 5015 1291 5077 de
1313 5040 1344 5079 re
1364 5022 1394 5080 iu
1414 5018 1563 5082 mandatis
1583 5021 1735 5089 babuisse.

63 5112 234 5171 sessionem
256 5114 367 5191 parati,
394 5134 430 5175 uc
450 5117 515 5175 sine
541 5112 600 5173 ulla
626 5114 873 5191 tergiversatione
931 5110 962 5175 id
984 5120 1082 5173 autem
1103 5132 1157 5194 per
1169 5108 1301 5189 Legatos
1314 5112 1433 5175 Sueeos
1454 5116 1501 5193 agi
1521 5132 1629 5196 posse:
1650 5136 1737 5197 quae·

64 5201 104 5283 ab
125 5222 171 5273 eo,
192 5201 272 5283 quod
292 5208 503 5291 aequissimum
525 5214 581 5277 est,
601 5202 757 5269 accedant.

935 5226 1001 5267 rere
1020 5226 1090 5269 reru
1111 5226 1146 5267 se
1167 5202 1206 5267 do
1226 5202 1340 5283 Regiis,
1367 5228 1435 5268 nuru
1455 5206 1598 5270 baberent
1624 5207 1737 5271 aSuue·

1500 5310 1539 5362 q.
