3742 5626
539 218 593 281 iil}
614 216 752 281 tisino
771 216 1075 295 nttscovtstw,
1101 218 1227 281 ntttstt
1247 220 1300 279 tv.
1712 220 1766 281 lbi

98 378 279 439 munitiones
306 378 436 439 bostiurn
463 384 625 461 promseri
653 388 794 462 pessent3
824 380 904 460 qnorl
964 382 1105 459 equitum,
1125 402 1203 461 qnos
1220 382 1327 441 obvios
1349 382 1494 451 babebat,
1516 386 1660 452 ornatum,
1680 404 1761 463 equo

98 472 137 532 nb
156 492 194 532 eu
218 478 304 553 quarte
329 472 502 552 trequentes
527 475 623 535 eolles
648 480 847 553 exsurgentes
866 475 904 532 ab
964 493 1086 551 rumque
1119 476 1346 555 praestantium,
1383 495 1420 533 uo
1453 477 1582 537 uniuersi
1615 476 1767 537 exereitus

99 564 248 625 bostilinrn
272 572 480 627 tormentoruni
501 570 611 629 ictibus
636 569 762 628 frontern
785 568 904 627 tutaturi
963 568 1095 643 speeiem
1120 566 1297 637 orlrniratos,
1329 568 1439 627 luceret
1467 568 1568 643 licus,
1597 569 1707 647 iuquit,
1736 576 1768 627 ot

98 664 220 718 esseut:
241 658 535 739 uirgolisprneterea,
555 664 584 721 in
605 682 691 741 qncnr
712 663 751 721 nb
771 682 808 721 en
821 666 905 741 perte
963 659 1012 719 isti
1035 660 1208 740 Principes,
1227 660 1342 737 liugero
1362 680 1399 721 uc
1418 682 1505 721 suurn
1526 661 1696 741 Principem
1717 660 1766 721 do·

99 753 171 811 urbs
192 754 281 811 urnria
303 752 411 829 coibat,
431 756 498 835 ipse
511 756 601 815 ctione
614 758 753 838 nnjorern
765 755 806 815 rei
827 753 904 813 bene
963 752 1102 827 signans,
1127 755 1279 835 conjuncti
1305 754 1381 813 inter
1399 772 1435 811 se
1454 754 1563 813 arrirnis
1582 764 1703 817 essent:
1730 776 1768 816 ne

98 843 247 919 gerernlne
279 845 452 908 iacrrltntern
482 848 553 907 dure
586 848 744 909 virleretor.
801 846 904 926 linque
963 846 1046 905 orbis
1070 846 1188 925 quidem
1214 856 1353 907 terrarum
1380 847 1542 905 consensui
1568 868 1668 909 eorura
1697 851 1767 909 resi·

99 952 309 1013 trnrrsgressus
336 940 442 1001 ssrrrren
471 940 629 1011 t'ereenur,
656 942 823 1019 castrisque
842 950 903 999 tun
964 942 1066 1001 steret,
1108 938 1228 1000 interior
1250 940 1420 1017 ilungarunr
1440 939 1560 999 militen
1581 942 1704 1019 propius
1723 964 1767 1001 ur·

100 1030 140 1089 ibi
161 1032 289 1107 uretatis,
310 1032 416 1093 iisdcnr
432 1034 627 1095 la'tbuonicas
644 1036 756 1115 eripies,
776 1040 806 1095 et
826 1040 905 1095 vete·
965 1030 1041 1101 bero,
1061 1037 1094 1091 ut
1112 1032 1208 1091 locoru
1229 1032 1441 1093 munitionibus
1456 1032 1618 1109 dirigendis
1638 1044 1768 1113 cuperet,

100 1143 202 1184 rnnruu
232 1124 375 1186 Pelnnum
406 1128 551 1207 equitem,
580 1148 656 1207 quos
688 1150 706 1187 n
731 1126 837 1187 dextre
863 1128 906 1186 irc
965 1144 1158 1205 progressuro
1178 1124 1283 1185 bostes
1304 1126 1478 1204 corrspiceti,
1499 1126 1682 1204 eruptione·
1702 1148 1767 1187 noa

95 1218 204 1297 jussos
223 1216 363 1289 «linimus,
386 1222 507 1301 recepit.
548 1220 660 1281 Eodem
681 1218 905 1281 Farensbelrius
965 1220 995 1277 iu
1022 1238 1088 1276 eun
1115 1218 1263 1289 lecerunte
1286 1216 1342 1277 sed
1367 1220 1529 1278 fortissime
1553 1219 1593 1279 ab
1620 1218 1769 1297 llnngnris
1845 1302 1853 1309 ,-

102 1308 308 1371 Germnnienru
330 1312 473 1390 peditem,
493 1334 558 1373 curn
580 1334 639 1393 quo
659 1314 717 1373 sub
737 1314 766 1373 iel
786 1324 906 1390 ternpus
965 1311 1003 1371 ad
1023 1316 1124 1389 portus
1151 1331 1247 1389 nsrpro
1272 1332 1327 1371 eos
1353 1313 1595 1391 insequentibus,
1622 1313 1770 1373 nonnullis

102 1409 238 1471 uenerat,
260 1404 402 1479 adduxit3
424 1408 452 1465 in
474 1407 583 1486 quibus
603 1408 660 1465 etsi
682 1414 767 1465 crant
786 1407 906 1485 aliquot,
966 1406 1103 1481 utrinque
1122 1404 1316 1474 rlesidcretis,
1342 1407 1370 1464 iu
1388 1406 1498 1465 urbem
1519 1406 1621 1487 rejecti
1641 1408 1768 1465 luerunt.

100 1496 149 1577 qni
171 1496 200 1554 in
214 1496 321 1575 Belgio
341 1499 491 1578 atipenrlin
514 1500 656 1571 lecerunt,
676 1506 795 1580 propter
808 1506 906 1559 terren
966 1498 1148 1558 lllnnitiones
1177 1517 1248 1557 nron
1278 1496 1409 1575 llnugari
1441 1498 1480 1557 ub
1509 1520 1547 1559 en
1578 1504 1677 1579 parte,
1710 1520 1770 1578 qna

102 1594 132 1647 et
158 1593 300 1669 temporis
326 1592 515 1667 breuitatem,
546 1599 576 1651 et
607 1592 685 1671 quoel
711 1594 907 1655 lanbeeenses
966 1595 1065 1650 castre
1090 1588 1257 1659 habebant,
1287 1602 1390 1649 contra
1411 1590 1652 1661 Pocrinicnsear,
1682 1614 1769 1671 queur

101 1683 200 1741 rniuns
225 1704 328 1743 corneo
354 1686 383 1743 in
409 1685 600 1745 coneedendo
628 1685 747 1747 delectu
768 1706 804 1745 se
825 1706 907 1765 pree·
966 1684 1170 1765 appellabunt,
1205 1682 1318 1753 turrirn,
1354 1703 1448 1760 penes
1485 1683 1612 1744 l'elicnnr
1646 1685 1769 1747 uenero

102 1778 254 1847 stiterunt,
284 1778 417 1857 plerique
443 1798 482 1837 ex
510 1780 699 1839 vicinioribus
725 1780 814 1839 etiarn
835 1780 907 1839 bier·
967 1778 1070 1837 l'oleni
1091 1798 1149 1837 non
1171 1776 1258 1853 longo
1278 1776 1317 1835 nb
1337 1775 1385 1835 bis
1405 1776 1558 1836 intervallo
1578 1784 1681 1839 eontra
1701 1778 1768 1838 sot·

102 1872 217 1929 ueniae.
233 1871 315 1941 iocis,
336 1870 417 1949 iique
436 1874 558 1943 tirones,
579 1874 685 1953 ruptim
696 1872 800 1951 scripti
813 1878 905 1931 erant.
967 1874 1101 1931 nieuseru
1119 1871 1219 1929 torrirn
1241 1889 1329 1945 agere
1350 1870 1521 1929 instituunt:
1541 1870 1624 1950 prius
1643 1872 1768 1931 militari·

103 1961 209 2020 tisrlern
237 1964 418 2043 temporibus
446 1962 691 2025 llartbolonrnens
721 1964 908 2026 liudierusn
968 1966 1025 2024 bris
1065 1964 1205 2023 corbibus
1245 1962 1320 2021 loeis
1354 1960 1466 2041 uliqnot
1499 1962 1584 2041 justo
1618 1963 1770 2025 intervallo

102 2054 189 2113 llncc
210 2054 388 2116 t'nrlnndiee.
415 2078 479 2117 curn
505 2058 604 2137 ulique
630 2059 754 2118 militurn
776 2078 908 2127 rruurero,
967 2058 1170 2125 eornrnunitis,
1200 2056 1389 2135 equitnnqoo
1419 2074 1456 2113 ac
1484 2054 1614 2134 pediturn
1637 2058 1770 2117 stationi-

103 2148 153 2226 qui
178 2150 384 2227 serperioribus
411 2150 651 2231 expeditionibus
682 2170 748 2210 cum
778 2152 846 2211 eliis
877 2153 907 2210 in
968 2152 1024 2209 bus
1046 2152 1074 2208 in
1095 2151 1134 2207 iis
1155 2148 1326 2208 collocetis:
1356 2168 1434 2227 quoe
1454 2149 1586 2207 attinio
1606 2152 1771 2211 uturriliooi·

103 2242 180 2299 locis
208 2241 314 2301 bellurn
342 2240 408 2301 ilex
433 2243 666 2313 urlrninistrnret‚
697 2244 735 2303 erl
765 2244 908 2305 bisurtino
967 2245 1023 2303 bus
1049 2248 1195 2319 necupnto
1230 2256 1334 2301 enuere
1367 2241 1537 2318 eruptiones
1568 2240 1714 2318 hostiurn,
1743 2246 1770 2303 si

104 2334 180 2391 tinec
207 2334 236 2391 in
262 2336 441 2395 stationibus
468 2346 571 2397 corrtrn
592 2338 696 2397 bostes
716 2337 846 2407 fueraut,
878 2342 907 2397 in
966 2356 1042 2416 quas
1070 2336 1144 2394 t'orte
1171 2336 1319 2399 tacerent,
1350 2334 1511 2411 propinque
1539 2356 1557 2393 o
1583 2334 1650 2395 loco
1674 2338 1770 2397 subsi-

104 2427 312 2485 contravenit.
341 2428 505 2489 l'oiuntarii
526 2442 680 2509 praeterea
699 2430 822 2509 aliquot,
842 2451 907 2491 cnut
967 2430 1046 2489 diurn
1074 2428 1193 2487 terrent.
1233 2426 1345 2505 illogno
1371 2428 1472 2487 lubere
1496 2450 1533 2487 eo
1561 2430 1629 2489 loco
1654 2435 1772 2509 prrqrter

103 2540 139 2577 ex
161 2518 296 2595 l'rnssin,
318 2522 393 2579 inter
412 2543 488 2601 epiros
510 2524 539 2581 in
560 2526 662 2605 prieris
676 2522 828 2585 Fabianus
849 2524 908 2584 llo·
967 2523 1025 2582 serii
1046 2520 1197 2595 duritiem,
1229 2520 1308 2599 qnorl
1330 2522 1405 2581 intro
1425 2521 1518 2581 cubiti
1538 2521 1723 2583 altitudinem
1742 2526 1771 2583 in

104 2632 217 2672 rrenus:
244 2620 305 2673 tunr
331 2622 448 2691 praeter
472 2616 638 2688 liedernnr,
668 2617 708 2679 de
733 2638 792 2697 quo
817 2640 909 2699 supra
967 2636 1067 2693 ropern
1107 2614 1279 2681 elesinebat,
1318 2613 1421 2674 fossae
1452 2614 1644 2677 docebantur.
1690 2616 1771 2677 Nibil

103 2705 211 2765 rlictuur
239 2714 304 2779 est,
332 2706 382 2766 elii
413 2708 502 2771 etiarn
534 2732 571 2771 cx
596 2718 719 2771 externo
742 2714 909 2793 juveutute,
967 2714 1064 2769 tenen
1091 2728 1128 2769 en
1154 2728 1204 2767 res
1230 2706 1363 2783 llungnri
1390 2707 1491 2767 militis
1519 2710 1660 2789 impeturn
1680 2730 1771 2772 noru-

105 2799 235 2858 tumnulli
260 2800 339 2859 lemn
358 2800 559 2879 expeditionis
583 2802 674 2885 hujus
699 2806 801 2864 exciti.
841 2804 908 2863 lien
968 2804 1064 2861 betur:
1091 2803 1142 2880 qni
1167 2801 1337 2877 ingentibus
1362 2800 1446 2859 ensis
1470 2801 1627 2861 securibus
1651 2804 1772 2877 excisis,

104 2910 169 2949 con
203 2892 343 2950 uniuerso
378 2896 511 2953 exercitu
548 2896 655 2955 tlouen
692 2901 909 2973 transgressus,
969 2892 1124 2953 indefesse
1148 2892 1248 2953 studio
1273 2910 1351 2971 opus
1377 2890 1517 2968 perfecit:
1543 2912 1601 2951 non
1621 2900 1681 2953 taur
1701 2894 1772 2955 nul·

104 2983 162 3041 sub
182 3002 253 3053 cos,
279 2982 318 3043 de
338 2984 447 3061 quibus
467 2986 575 3046 dictum
596 2994 660 3058 est,
683 2988 792 3059 colles,
812 2994 910 3050 costra
968 2996 1062 3046 ternu
1078 2989 1207 3067 jactura,
1228 3005 1314 3063 quera
1335 2983 1445 3061 insigni
1464 2986 1553 3045 nnius
1566 2984 1648 3046 Petri
1661 2986 1772 3049 Kendii

104 3078 213 3153 posuit.
247 3076 380 3153 ilungeri
399 3100 417 3137 e
436 3080 560 3139 sinistre
578 3080 616 3140 arl
638 3080 771 3141 Veliean
792 3080 910 3157 bueron,
964 3080 1087 3163 juvenis
1111 3080 1191 3139 eluro
1217 3080 1246 3137 iu
1266 3076 1417 3153 ilungaria
1442 3076 1508 3137 loco
1528 3080 1606 3139 nati:
1631 3080 1681 3157 qui
1705 3100 1772 3143 eun

104 3168 245 3231 Litlrnuui
271 3188 291 3230 a
322 3173 477 3251 superiore
499 3178 582 3252 perte
613 3172 651 3233 ed
679 3174 909 3235 l’oreouienscur
970 3178 1058 3233 noctu
1078 3194 1158 3233 nore
1181 3192 1239 3229 sne
1266 3170 1382 3249 vigilius
1406 3168 1524 3231 blescis
1548 3172 1709 3235 uitantibus
1734 3174 1773 3235 ad

104 3263 180 3323 rien
201 3262 417 3323 consederunt:
448 3266 545 3324 nertio
564 3268 640 3327 inter
659 3267 718 3327 lres
736 3270 834 3349 spatio
856 3270 909 3327 Po·
969 3266 1116 3327 irenriturn
1137 3282 1240 3325 eorum
1252 3264 1458 3343 praecurrisset,
1478 3266 1609 3347 ernajori
1629 3272 1773 3327 termento

103 3356 164 3415 leni
197 3356 304 3435 triplici
330 3376 478 3417 carrorum
506 3359 610 3419 online
638 3362 842 3443 circumjecto,
872 3382 909 3421 ea

104 3448 143 3507 rle
163 3470 221 3529 qun
241 3455 311 3509 ante
331 3456 484 3511 ostensum
506 3458 563 3523 est,
584 3456 707 3529 ratione,
726 3457 765 3515 ab
785 3462 909 3535 utreque

104 3542 158 3601 nvi
178 3542 246 3603 illac
266 3542 393 3603 labentia
416 3554 500 3625 piane
521 3553 620 3607 cestra
644 3550 910 3621 eomnrnrircruut3

104 3635 155 3713 qui
187 3636 262 3696 inter
288 3634 346 3696 bos
371 3650 402 3696 et
429 3638 596 3699 laitbuauos
620 3646 758 3717 tunquam
784 3642 910 3718 singulus

104 3728 342 3807 relinquebatur,
364 3732 522 3792 tiemonis
540 3734 698 3792 attributus
719 3732 782 3793 luit.
826 3734 911 3793 l'enit

104 3820 163 3879 sub
183 3818 260 3879 idem
287 3832 405 3901 tempus
426 3824 454 3882 in
477 3830 576 3885 costra
596 3846 614 3885 a
634 3826 795 3886 Turearuru
817 3828 907 3907 lnrpe·

105 3920 203 3973 retorc
224 3914 366 3991 laegatus,
387 3918 486 3993 grnris
506 3924 606 3977 aetntc
624 3918 721 3979 borno.
761 3920 818 3979 ilie
839 3918 910 3979 'l'er-

104 4012 202 4077 turos,
233 4028 309 4085 «poros
336 4030 426 4089 snpra
452 4010 622 4091 profugisse
641 4012 842 4079 ostendinus,
871 4034 910 4073 es

105 4100 242 4169 tiredere,
263 4120 326 4179 quo
346 4102 491 4183 utrinqne
509 4104 651 4183 persegne
671 4105 756 4165 reddi
771 4105 910 4187 juberen-

104 4202 169 4259 tur,
197 4193 359 4271 repetebat.
401 4196 565 4257 Osteusurn
594 4198 662 4269 init,
692 4200 761 4279 quia
782 4198 909 4259 nondun

105 4283 176 4343 ilex
197 4302 251 4341 eos
271 4285 411 4363 uidisset,
438 4310 494 4351 nee
514 4290 588 4365 qnid
607 4292 754 4353 dicerent.
781 4292 911 4351 audiris·

106 4382 171 4447 set,
198 4376 248 4435 nbi
268 4379 297 4437 iu
319 4377 474 4443 Poleninrn
500 4384 655 4463 rediisset,
682 4404 776 4447 causo
793 4388 912 4465 cognita

107 4470 237 4551 Principi
265 4474 333 4555 ejus
359 4494 581 4557 responsurum.
622 4478 689 4539 Etsi
715 4481 808 4539 rniner
831 4478 911 4559 pedi·

106 4568 189 4625 talus
213 4570 292 4636 erat,
325 4588 412 4647 quare
443 4590 496 4651 pro
527 4572 720 4653 urrtplitudiee
749 4579 912 4655 susceptae

107 4660 340 4737 oppugnationis
367 4664 585 4741 requirebatur:
610 4674 674 4727 erut
693 4672 791 4727 temen
812 4674 843 4727 et
862 4688 911 4727 nu-

107 4770 199 4821 rnero,
220 4758 250 4812 et
270 4772 379 4831 genere
399 4756 464 4837 ipse
486 4759 607 4819 utilitum
627 4780 664 4819 nc
683 4780 830 4821 amorum
853 4782 911 4821 nou

110 4848 360 4909 contemnendus:
381 4852 530 4931 equitatus
543 4858 653 4923 erutenr,
667 4852 911 4931 quenadmonun

110 4950 435 5021 supraoatensuurest,
456 4947 586 5005 ornatior
596 4944 668 5019 lere,
688 4966 724 5006 ec
735 4948 913 5018 instructior,

111 5052 197 5111 quarn
219 5038 249 5095 in
269 5037 330 5097 ulla
350 5036 478 5099 antebuc
497 5038 688 5121 quterlttione
708 5038 826 5099 luisset.
859 5044 913 5101 ite·

969 3362 1111 3441 trajectus
1136 3358 1254 3417 interiit.
1300 3358 1439 3417 Ceterum
1464 3356 1613 3437 ilungari,
1641 3360 1712 3437 quia
1733 3362 1774 3421 nb

968 3455 1036 3531 ipso
1056 3452 1175 3511 liureine
1195 3450 1275 3511 nrrllo
1293 3450 1403 3511 ambitu
1422 3456 1510 3531 capto
1532 3452 1657 3512 breviori
1676 3456 1774 3535 spatio

968 3552 1049 3607 reeta
1062 3566 1168 3605 sersus
1187 3546 1288 3605 urbem
1308 3544 1488 3604 rnnnitioaes
1507 3564 1583 3605 suas
1601 3545 1774 3625 dirigebant,

969 3640 1110 3721 perlectis
1132 3641 1195 3719 jaer
1224 3638 1317 3698 lossia
1342 3636 1498 3697 aduersam
1523 3640 1624 3697 turrinr
1650 3648 1773 3718 quatere

969 3738 1144 3813 coeperant:
1184 3731 1353 3809 exiguoque
1386 3736 1517 3807 tenpore
1553 3731 1773 3809 propugnaculo

969 3826 1112 3887 convulso
1138 3824 1261 3903 prrrxiuri
1293 3822 1364 3881 nrnri
1384 3830 1496 3901 planem
1516 3822 1644 3901 uliqueru
1664 3829 1774 3885 strave-

969 3925 1044 3977 rant.
1085 3916 1208 3977 l'olonis
1233 3934 1339 3991 magne
1365 3912 1575 3993 irnpedirnento
1596 3920 1674 3985 erut,
1693 3916 1774 3995 qnod

969 4013 1008 4071 ab
1029 4030 1075 4085 eo,
1095 4008 1134 4068 de
1154 4028 1212 4087 qne
1225 4007 1337 4067 elietnnr
1359 4012 1417 4077 est,
1437 4008 1513 4079 loeo,
1534 4006 1665 4085 longiore
1685 4010 1774 4071 inter·

970 4104 1047 4163 rollo
1068 4102 1246 4161 mrrrritioncs
1271 4120 1379 4159 uersus
1404 4098 1506 4157 urbere
1535 4101 1689 4163 institutae
1715 4103 1775 4163 tttta

970 4202 1067 4257 eraut:
1098 4198 1191 4255 latera
1209 4214 1286 4272 quae
1305 4192 1456 4271 ilungaris
1475 4194 1514 4253 ab
1534 4214 1593 4253 una
1613 4206 1696 4274 perte
1717 4194 1774 4257 l'o.

970 4290 1028 4351 lica
1049 4290 1174 4349 llnnren.
1204 4290 1244 4347 ab
1269 4288 1363 4347 altera
1388 4286 1567 4347 Polenorurr
1592 4290 1776 4353 munitiones

970 4390 1035 4445 tute
1055 4382 1262 4462 praestabant,
1292 4402 1330 4441 nc
1355 4380 1650 4453 circumvenirentur,
1679 4384 1776 4445 vincia

971 4490 1003 4539 ct
1028 4476 1173 4539 subsidiis
1198 4482 1300 4535 centra
1320 4474 1453 4535 beatium
1478 4476 1692 4553 impressiones
1714 4496 1775 4535 mu·

973 4572 1096 4633 nienda:
1135 4568 1205 4629 inde
1235 4568 1378 4650 perlectis
1407 4566 1526 4629 tundens
1564 4568 1776 4629 munitionibus

972 4676 1094 4727 curante
1120 4662 1200 4745 apud
1225 4682 1280 4721 ees
1304 4668 1449 4721 tomenta
1476 4660 1597 4740 t'ejcre,
1627 4661 1708 4737 prius
1739 4680 1776 4719 ca

973 4762 1124 4841 plerisque
1143 4756 1290 4821 turribus,
1309 4774 1349 4813 cx
1368 4754 1477 4831 quibos
1496 4753 1536 4812 rb
1555 4752 1694 4813 omnibus
1714 4752 1776 4813 leru

971 4854 1106 4935 partibus
1118 4848 1304 4931 petebantur,
1316 4845 1495 4905 defensores
1506 4844 1665 4927 dejiciendi
1677 4852 1776 4909 eruut:

972 4944 1053 5025 qnod
1073 4944 1202 5023 denique
1221 4940 1251 5000 iu
1272 4938 1480 5007 lundancutu,
1498 4958 1536 4999 ac
1556 4938 1642 4999 im
1662 4946 1777 5019 purten

972 5039 1058 5111 muni,
1078 5038 1117 5097 iis
1137 5054 1214 5115 quac
1233 5040 1304 5094 ceta
1324 5032 1546 5093 denonctrrtae
1564 5036 1644 5101 ιιιιιΙ.
1663 5034 1776 5109 unsis,

108 5146 167 5205 «poa
204 5146 256 5205 per
293 5130 561 5210 frequentissimam
600 5142 765 5195 castrorum
803 5138 913 5211 purten
971 5138 1118 5193 ternanta
1142 5126 1370 5197 muuedebutr.
1397 5144 1475 5206 qm
1500 5124 1540 5187 eb
1564 5144 1615 5187 res
1639 5146 1707 5189 can
1737 5128 1778 5189 ab

107 5220 255 5283 burburus
300 5222 424 5288 ductos.
469 5232 628 5289 castrorum
678 5226 914 5307 magnitudinem
972 5246 1072 5287 eoru·
1098 5226 1184 5305 parte
1208 5218 1324 5283 antu
1348 5238 1451 5281 nurus
1475 5224 1633 5303 mpii!
1649 5216 1779 5281 Iniuste
