3742 5626
164 253 202 311 tt
612 248 669 312 DE
689 246 795 310 lustu
816 243 955 308 MAGNI
976 243 1227 308 Moscovtnl:
1249 244 1375 308 nuris

164 423 253 494 atque
273 416 312 473 iis
332 418 465 495 qrranrris
486 413 561 473 ultra
588 411 787 470 centenarium
814 427 964 469 numerum
1024 427 1102 469 mare
1122 408 1233 489 potuit,
1253 409 1427 469 mentionem
1452 408 1530 476 licit,
1550 406 1604 464 sed
1626 424 1713 464 nenio
1737 404 1825 465 homi-

166 527 232 567 cum
253 505 363 567 lanrilia
391 508 609 576 excrevissent,
634 522 744 563 morem
769 505 797 561 in
827 488 964 562 omnibns
1016 480 1092 560 dum
1119 502 1257 561 inventus
1287 508 1351 572 cst,
1384 503 1434 580 qni
1462 500 1520 559 ullo
1552 506 1685 577 tempore
1718 496 1826 557 lllosco

165 607 339 679 gesserunt.
371 601 568 677 servitiaeque
597 614 655 655 sua
681 614 762 654 more
793 596 904 655 rustico
935 601 966 653 ct
1024 592 1169 673 ejusmodi
1190 595 1329 654 tributum
1355 594 1537 674 persolutum
1558 592 1669 662 luisse,
1697 591 1746 650 vel
1771 612 1824 649 me-

166 691 293 753 barbaro
314 693 533 772 praestiterunt.
574 688 620 749 lio
649 689 717 767 ipso
748 694 880 766 tempore
899 683 981 745 Mo·
1024 685 1174 756 misisset,
1200 686 1247 746 vcl
1273 687 1392 747 aliunde
1418 684 1623 747 intellexisset.
1670 684 1745 743 (lum
1775 685 1823 742 itr-

166 787 314 853 semitae,
333 790 367 843 ut
387 802 423 843 ex
441 780 576 842 historiis
596 786 694 860 patet,
715 778 852 856 religioni
936 797 969 847 ει,
1024 799 1041 858 q
1065 852 1069 859 Ι
1103 779 1243 841 istotum
1269 777 1326 839 hoc
1354 781 1516 857 negotium,
1541 777 1580 839 ad
1607 778 1721 837 ordinis
1741 776 1822 836 Livo-

166 898 230 951 coe,
250 896 327 956 quac
347 871 453 935 estad
473 870 738 942 solcmOrientem,
759 869 834 932 etC
935 856 969 929 ol
1006 871 1053 930 'ni
1102 872 1274 949 magistrum
1300 873 1452 953 rejiceret,
1478 877 1569 950 utquo
1595 869 1652 931 hac
1679 869 1719 928 de
1739 889 1772 928 re
1791 890 1821 925 or

165 973 224 1030 niis
243 968 471 1030 Ecclesiasticis
490 967 555 1046 jam
579 962 662 1025 luere
694 960 798 1038 dediti,
830 981 905 1043 quas
935 963 965 1020 iu
1023 962 1264 1044 Dorpntensibus
1289 974 1500 1042 cognosceret.
1521 965 1656 1046 juberet,
1682 968 1713 1022 et
1739 961 1820 1020 trilm·

166 1080 269 1121 ornnes
290 1059 464 1120 Provincias
484 1058 612 1139 lmperio
632 1076 688 1117 suo
714 1055 870 1136 subjectas
899 1072 964 1134 pro·
1022 1062 1084 1114 tum
1104 1061 1236 1132 urgeret,
1255 1056 1335 1136 quod
1353 1077 1389 1118 se
1409 1077 1467 1116 non
1487 1058 1679 1118 remissurum
1699 1055 1821 1119 dicebat,

163 1146 987 1324 litllff'ltltlttmttttlttltrtr
1022 1150 1822 1321 lid‘d'l'liiil'ollii'lmi

164 1348 211 1399 ter
230 1337 399 1407 liuthenos,
418 1335 594 1407 Litlruanos,
616 1334 802 1414 Samogitas,
823 1332 965 1407 Prussos,
1024 1340 1080 1408 est,
1101 1334 1330 1395 autelrominum
1342 1336 1519 1405 memoriam,
1539 1355 1604 1394 cum
1619 1332 1693 1393 ditio
1704 1331 1821 1394 Pleseo·

166 1440 197 1492 et
212 1450 291 1491 mare
310 1428 495 1498 Baltlricum,
514 1428 545 1487 in
569 1446 676 1507 magna
694 1424 832 1488 barbarie
857 1424 965 1486 incole·
1026 1429 1147 1501 mensis,
1168 1426 1241 1488 nihil
1260 1427 1340 1488 aliud
1360 1448 1449 1508 qnam
1471 1428 1563 1488 silvas
1584 1432 1614 1487 et
1640 1426 1736 1486 lustra
1755 1425 1821 1484 lera-

164 1524 247 1599 lraut,
266 1544 304 1583 ne
319 1519 470 1583 eruditione
480 1516 598 1600 quidem
610 1522 766 1600 quicquam
773 1524 965 1599 acceperant.
1010 1541 1057 1591 ,η
1102 1520 1234 1597 liaberet,
1253 1518 1822 1602 msticosexDorpatcnsiundistricta,

162 1613 294 1679 Accedit
312 1613 369 1675 lroc
388 1632 521 1693 quoque,
545 1609 626 1693 quod
644 1612 727 1673 nullo
746 1630 875 1693 unquam
894 1617 965 1672 tem·
1002 1588 1071 1675 ‘tle
1113 1615 1235 1684 ostano,
1264 1632 1329 1672 curn
1354 1633 1504 1674 consensu
1527 1613 1689 1672 vicinorum
1715 1610 1820 1671 Rude-

164 1730 253 1790 pore,
283 1727 380 1786 neque
400 1709 430 1767 in
450 1713 547 1767 terrae
567 1703 744 1780 visceribus,
774 1724 871 1785 neque
896 1702 965 1765 aliis
1024 1725 1135 1779 norum,
1163 1705 1292 1768 alvearia
1311 1706 1341 1765 in
1362 1706 1447 1767 silvis
1466 1705 1619 1775 habuisse,
1639 1712 1671 1764 et
1689 1723 1710 1764 a
1729 1704 1821 1781 singu·

164 1802 250 1873 loeis,
269 1801 388 1861 minima
404 1799 600 1878 antiquitatis,
618 1805 671 1860 aut
681 1797 843 1859 litterarum
854 1796 965 1858 Ruthe·
1023 1798 1062 1861 lis
1081 1799 1241 1878 quotannis
1260 1819 1317 1860 sex
1343 1798 1459 1860 solidos
1481 1798 1644 1859 Lironicos
1663 1795 1820 1877 praelectis

164 1897 298 1955 nicarum
316 1898 505 1953 monumenta
524 1899 642 1971 reperta
661 1892 739 1952 sint:
769 1886 975 2044 quoqqurts.
1006 1889 1365 2045 rmTpersolrisse.
1418 1889 1492 1951 Cum
1520 1910 1588 1950 vero
1608 1889 1706 1951 silvae
1727 1908 1747 1949 a
1765 1888 1819 1949 Ru·

164 1984 287 2047 ctofieri
305 2004 366 2045 non
386 1985 544 2065 potuisset,
568 1985 595 2045 si
614 1983 815 2060 Moseovitae
916 1978 965 2046 eni
1055 1984 1103 2044 'ei
1140 1972 1403 2056 ‘dxcinderentun
1444 1989 1475 2044 ct
1510 1984 1579 2065 pagi
1613 1986 1820 2049 extollerentur,

162 2086 214 2139 aut
240 2075 317 2138 aliae
341 2083 461 2155 gentes,
492 2094 569 2156 quae
598 2074 689 2139 rebus
720 2074 805 2137 hisce
833 2083 964 2153 utuntur,
1022 2080 1129 2159 pensio
1148 2096 1266 2157 queque
1293 2077 1367 2148 ista,
1393 2095 1542 2136 unacum
1568 2076 1647 2157 ipsis
1672 2075 1819 2136 arboribus

163 2170 321 2252 lmperium
342 2171 372 2228 in
393 2168 463 2241 has,
488 2187 563 2248 quas
584 2165 729 2243 diximus,
755 2167 964 2244 obtinuissent,
1023 2171 1151 2245 excisis,
1171 2169 1311 2229 cessavit.
1349 2167 1390 2230 lli
1414 2169 1515 2248 itaquo
1539 2188 1595 2229 sex
1619 2167 1711 2229 solidi
1731 2186 1819 2246 neque

162 2267 233 2344 quin
252 2261 300 2321 vel
320 2264 349 2321 in
368 2260 512 2340 religione
533 2269 564 2321 et
583 2260 663 2322 cultu
683 2259 793 2331 divino,
812 2262 859 2323 vel
875 2266 964 2325 etiam
1022 2283 1150 2344 unquam
1171 2282 1190 2322 a
1212 2259 1363 2321 Ruthenis
1382 2261 1481 2342 politi,
1506 2280 1603 2341 neqw
1623 2281 1643 2322 a
1661 2260 1819 2325 Lireuilrus

160 2354 289 2433 juribus,
309 2350 587 2427 consuetudinibus,
607 2350 756 2424 moribus,
775 2353 893 2432 lingua,
911 2364 966 2418 aut
1020 2354 1165 2436 persoluti
1185 2352 1312 2417 loemnt„
1331 2352 1391 2414 llic
1409 2355 1487 2414 enim
1506 2359 1660 2433 tyrannm,
1680 2355 1734 2434 qui
1747 2372 1819 2414 anne

165 2448 280 2515 litteris,
289 2445 416 2523 vestigia
434 2445 534 2524 aliqua
552 2446 778 2508 renransisseut.
815 2445 883 2508 Hoc
903 2451 964 2529 qui·
1021 2468 1116 2509 rerum
1136 2447 1260 2528 potitur,
1279 2444 1309 2505 id
1329 2445 1407 2525 quod
1428 2467 1526 2526 noque
1544 2466 1564 2508 a
1583 2452 1682 2528 patre,
1700 2466 1776 2521 aro,
1793 2452 1820 2503 nt

164 2536 231 2599 dem
252 2556 310 2595 non
330 2554 482 2614 negamus,
501 2538 579 2596 iuter
598 2543 704 2614 gentes
730 2536 821 2599 hasce
846 2541 963 2602 Livoni·
1021 2540 1091 2601 ullis
1114 2539 1357 2600 antecessoribus
1383 2539 1491 2598 lactum
1521 2559 1591 2601 essc
1620 2548 1736 2599 certum
1770 2547 1821 2610 est,

165 2650 233 2704 ras,
254 2627 417 2711 permultas
436 2648 526 2701 sane,
546 2636 578 2688 et
602 2647 655 2688 css
683 2627 801 2709 quidem
827 2629 963 2696 diversas
1022 2635 1136 2714 primus
1155 2633 1214 2692 sibi
1233 2630 1292 2691 lroo
1311 2633 1506 2710 excogitavit,
1525 2650 1623 2712 parum
1643 2630 1683 2690 dc
1704 2652 1760 2701 eo,
1775 2635 1821 2714 jo·

166 2724 268 2797 luisse,
287 2722 415 2800 linquas,
435 2721 478 2780 uti
500 2727 530 2781 et
549 2719 608 2781 hoe
628 2722 695 2802 ipso
715 2729 847 2803 tempore
858 2723 963 2787 cadem
1023 2745 1055 2786 ro
1080 2745 1118 2788 an
1144 2724 1250 2806 injuria
1275 2723 1306 2783 id
1333 2724 1397 2795 liat,
1423 2723 1579 2794 sollicitus,
1605 2722 1690 2783 Deus
1709 2729 1823 2795 autern,

125 2856 129 2861 -
163 2826 212 2879 cst
229 2818 316 2880 ratio.
356 2813 420 2875 liae
439 2820 539 2875 umen
557 2832 673 2889 omnes,
691 2833 747 2876 nee
765 2834 832 2877 curn
842 2816 964 2881 Mosco·
1022 2819 1073 2899 qui
1091 2838 1142 2879 res
1158 2836 1285 2879 orcanae
1306 2816 1457 2897 perspicit,
1477 2821 1510 2879 et
1524 2816 1571 2877 cul
1587 2816 1725 2895 mmcd·
1742 2806 1823 2897 offis·

162 2912 262 2984 vitica,
279 2927 336 2970 nec
355 2924 423 2967 eum
443 2902 567 2967 aliarum
586 2906 865 2987 natiorrunlinquis,
882 2915 964 2992 quie·
1022 2912 1118 2983 modi,
1144 2918 1176 2971 et
1196 2909 1364 2971 dominandi
1389 2904 1580 2971 immoderata
1603 2908 1756 2989 euplditas
1774 2911 1822 2969 mi·

163 3020 250 3082 quam
280 2996 432 3059 affinitatis
461 2995 581 3090 lrabeat.
621 2996 712 3073 Quod
736 3020 807 3063 vero
833 3003 964 3070 Morcus
1023 3006 1101 3065 nimo
1118 3003 1267 3085 probatur,
1286 3001 1377 3085 hujus
1396 3003 1520 3084 iujuriae
1538 3022 1596 3063 suo
1613 3012 1750 3079 tenpore
1766 3003 1823 3062 rin-

164 3088 346 3173 praeteudit,
369 3088 429 3151 sibi
450 3096 480 3151 et
497 3087 663 3169 maioribus
682 3093 763 3167 suis,
790 3099 964 3175 pensionem
1021 3098 1079 3159 dex
1105 3098 1175 3159 critt
1201 3103 1233 3157 et
1258 3096 1307 3174 qui
1331 3115 1425 3157 sanae
1450 3095 1560 3157 nentis
1582 3101 1656 3156 sunt
1679 3093 1822 3165 heduos,

164 3206 216 3243 scu
246 3181 387 3248 tributum
413 3202 449 3243 ex
473 3178 532 3243 hac
558 3189 623 3244 tota
644 3185 796 3264 provincia
817 3195 964 3255 numerari
1021 3189 1198 3253 tractactio
1220 3186 1460 3269 deprehendent,
1484 3186 1563 3251 hoo
1589 3188 1693 3249 omnis
1710 3189 1739 3249 in
1757 3208 1824 3249 eun

162 3280 292 3347 ¹militum,
311 3272 416 3337 cadent
435 3273 582 3346 firmitate,
603 3277 832 3355 utipraenrissa
850 3285 962 3345 nititur.
1021 3283 1143 3344 tendere
1176 3282 1278 3353 inem,
1308 3290 1341 3340 ut
1367 3280 1427 3343 lroc
1455 3280 1584 3345 omero
1614 3288 1657 3341 et-
1671 3282 1823 3341 team

239 3367 305 3429 Sub
331 3367 445 3429 111ῑῦ1111
471 3366 562 3445 11113118
587 3365 697 3429 [11111811
722 3368 810 3445 lolli,
836 3372 965 3441 Momm
1020 3380 1175 3457 praetextu
1195 3373 1352 3452 lmperium
1372 3392 1458 3435 suun
1478 3373 1598 3435 dilatetr
1618 3378 1651 3434 nt
1666 3380 1823 3454 postqua-

164 3478 193 3523 ut
215 3458 409 3540 tyrannidem,
428 3467 460 3521 ct
477 3456 650 3521 dominandi
669 3459 862 3542 cupiditatem
880 3487 965 3547 prae·
1022 3469 1100 3531 hene
1120 3467 1297 3547 provinciam
1316 3468 1375 3529 suli
1394 3468 1547 3547 inperio·
1556 3482 1646 3529 nutu
1667 3465 1824 3546 rodogoni.

164 3564 246 3615 textu
263 3554 365 3634 aliquo
385 3560 551 3627 excusaret,
570 3555 648 3614 inter
665 3553 727 3615 alia
742 3556 901 3636 postulata,
914 3565 963 3623 tri·
1021 3560 1265 3625 transmaritanus
1296 3579 1414 3639 quoquo
1443 3561 1580 3638 regiones
1607 3559 1766 3625 edometur
1797 3569 1826 3621 ct

164 3650 228 3713 buti
249 3665 366 3727 quoque
385 3641 465 3723 quod
484 3664 522 3705 ex
542 3641 654 3707 ditiore
680 3650 822 3710 antistitis
847 3648 962 3734 Dorpa·
1022 3653 1149 3715 invadm.
1197 3652 1284 3713 llaec
1308 3670 1385 3731 quac
1410 3652 1448 3713 de
1473 3672 1568 3715 nausa
1593 3653 1667 3715 belli
1695 3655 1825 3717 liudrici

164 3732 523 3815 transmittebantur,
550 3739 638 3820 cujus
663 3744 760 3803 tanen
778 3742 847 3821 ipse
866 3765 964 3826 nsque
1021 3748 1128 3818 habui,
1155 3747 1208 3805 tibi
1227 3748 1442 3808 communicare
1461 3745 1549 3809 volui.
1590 3745 1696 3811 nome
1715 3747 1768 3811 die
1789 3748 1825 3807 ὃ

163 3832 363 3905 definitionem
386 3827 509 3901 atem,
534 3848 632 3910 neque
656 3833 730 3895 enti
749 3832 861 3914 aliqui
886 3838 964 3901 sllir·
1020 3840 1105 3922 Moji,
1123 3841 1212 3900 Antio
1229 3860 1249 3899 a
1268 3839 1405 3901 restituta
1423 3839 1522 3903 saluto
1544 3839 1628 3901 tito.
