3742 5626
96 222 114 275 d
691 219 821 277 RERUM
840 220 1173 279 MOSGOViTiCARUbi

96 372 152 430 etsi
172 390 276 432 ornnes
295 392 331 432 se
352 372 460 434 Sisres
483 392 553 432 esse
581 373 722 442 fatentur,
750 372 888 433 Germani
915 374 919 443 ἰ
947 371 1011 434 obis
1032 374 1160 455 expulsi,
1181 375 1334 434 uenientes
1355 374 1392 434 ad
1413 374 1541 443 istuian,
1563 395 1666 433 nonen
1685 373 1744 433 Lo·

95 471 193 522 tamen
213 484 232 525 a
251 461 324 524 solis
344 463 489 527 Vandalis
508 464 741 526 denominatione
761 471 889 546 sumpta,
915 452 919 493 ²
948 465 1066 527 cborun
1092 489 1109 527 a
1134 467 1259 548 quodam
1280 465 1382 527 Lccbo
1402 466 1577 527 Peionorum
1602 469 1747 548 principe,

97 574 203 617 ornnes
213 554 482 645 flhroeieaiingua
490 563 619 630 manus
637 556 784 631 Wenden,
805 556 889 617 Win·
948 579 968 619 a
986 579 1045 638 que
1065 558 1169 619 Pedoni
1189 561 1347 621 etiannum
1368 559 1459 619 Lccbi
1479 565 1633 631 vocantur,
1659 580 1746 621 acce·

97 646 165 719 den,
183 653 215 707 et
231 644 402 722 Windiseb,
421 650 589 733 proniecue
606 648 766 731 appeliant.
948 656 1060 732 perunt.
1096 650 1155 712 Alii
1167 649 1320 723 Litbnaui,
1340 650 1557 723 Maeovienses,
1576 650 1748 722 Pornerani,

173 740 329 804 Caeterum
348 743 463 805 Russis
482 749 597 804 montes
609 742 792 804 Sarmaticos
811 740 890 802 baud
949 746 999 804 alii
1018 745 1161 805 sedentes
1182 764 1234 823 per
1255 743 1487 824 Borysthenem,
1506 745 1555 805 ubi
1577 765 1654 806 nunc
1672 744 1746 806 Kio-

97 832 183 911 innge
203 834 375 897 aCrsonria
394 838 522 916 attingit:
542 842 572 895 et
590 834 755 897 secundum
774 835 890 895 duviunr
948 838 1005 897 wis
1025 842 1087 906 est,
1108 836 1210 895 Peleoi
1231 836 1418 898 dicebantur:
1448 837 1496 896 aiii
1517 836 1692 907 Drewliani,
1713 839 1746 899 in

99 924 217 1005 Tyren,
239 948 325 1009 quem
347 929 460 990 incolae
478 927 610 990 Niatrun
630 932 745 999 vocant,
764 926 803 987 sd
815 925 891 987 Pon·
949 929 1117 989 nemoribus
1128 928 1308 989 habitantes:
1330 929 1378 990 aiii
1391 930 1466 988 inter
1479 928 1610 989 Dwinan
1624 935 1653 990 et
1666 928 1746 1003 Peti,

99 1016 754 1103 tumEuxiounstqueBorystbenenrnsque
772 1018 891 1081 durium
948 1018 1021 1080 dicti
1047 1020 1230 1098 Dregewici:
1260 1021 1310 1080 aiii
1335 1019 1528 1089 Poieuczani,
1555 1020 1594 1081 ad
1622 1020 1744 1084 tiuvinru

96 1112 340 1191 protendebatur:
365 1112 421 1173 sed
440 1120 511 1177 ants
529 1115 641 1194 aliquot
659 1133 754 1175 annos
773 1112 891 1185 Alban,
949 1111 1062 1182 Poitae,
1081 1113 1129 1193 qui
1150 1112 1243 1172 iotiuit
1261 1112 1412 1173 Dwinsrn:
1432 1112 1482 1171 alii
1503 1115 1581 1174 circa
1599 1112 1694 1175 iacun
1708 1115 1744 1176 li-

98 1222 175 1283 quee
194 1206 269 1268 alias
288 1205 460 1268 Monoastro
485 1207 662 1288 appellatur,
692 1226 825 1287 quaque
853 1204 892 1265 ad
949 1226 1033 1276 nen,
1059 1206 1109 1286 qui
1134 1203 1347 1283 Novogardianr
1373 1211 1601 1285 occupaverunt,
1627 1208 1746 1288 sintque

98 1299 175 1357 ostia
195 1298 293 1378 Tyras
313 1299 386 1369 sita,
411 1300 469 1360 sub
493 1299 604 1361 ditione
623 1296 762 1363 Waiaobi
780 1298 892 1361 diolds·
949 1299 1109 1382 principes
1135 1297 1336 1359 Gosteruissei
1366 1300 1482 1358 nenine
1512 1300 1743 1360 constituerunt:

99 1390 211 1453 viensis
231 1399 303 1461 erat,
322 1390 441 1453 Tburca
452 1394 614 1474 occuparit.
652 1390 812 1455 Praeterea
838 1413 891 1453 rcx
949 1392 999 1453 alii
1018 1413 1071 1474 per
1089 1392 1221 1453 Dcsnanr
1241 1396 1272 1452 et
1285 1391 1389 1453 Suian
1408 1390 1526 1463 ffuvios,
1544 1390 1667 1462 Seueri,
1686 1412 1742 1452 scu

101 1480 276 1545 Tbsnriciae
296 1482 511 1565 Borystbenen
529 1490 750 1565 transgressus,
775 1486 892 1567 lateque
950 1485 1101 1546 Seuerski
1120 1485 1273 1567 appetisti:
1293 1484 1343 1545 aiii
1356 1504 1426 1544 vern
1440 1482 1635 1565 supertentes
1644 1480 1742 1543 Volbe

102 1576 199 1635 omnia
210 1582 340 1648 vastans,
359 1576 418 1639 duo
430 1580 469 1640 ibi
480 1584 578 1640 cesus
586 1578 803 1640 exaedificavit:
823 1598 893 1657 quo·
950 1583 980 1636 et
998 1576 1210 1657 Borysthenis,
1237 1578 1373 1637 Kriwicai
1394 1580 1548 1639 nominati:
1570 1575 1671 1637 berun
1690 1595 1742 1636 arx

99 1684 161 1726 run
187 1667 308 1729 aiterum
329 1668 479 1733 Ocsakow
503 1673 634 1742 nonius,
659 1692 717 1731 non
743 1670 829 1748 longe
854 1670 893 1728 ab
949 1674 981 1729 et
999 1674 1087 1745 caput
1104 1668 1278 1727 Snolensco
1303 1674 1361 1727 est.
1406 1666 1490 1727 Haec
1517 1669 1642 1730 annales
1666 1669 1745 1749 ipso·

100 1760 188 1821 ostiis
208 1760 404 1842 Borysthenis
424 1768 527 1836 situas,
553 1785 630 1826 nunc
649 1762 769 1824 Tburca
787 1762 894 1841 pariter
951 1781 1013 1822 run
1032 1766 1186 1820 testantur.
1350 1844 1353 1848 Δ

100 1859 239 1929 occupat:
259 1856 309 1916 ubi
328 1858 503 1919 solitudines
523 1854 894 1917 bodiesuntinterutrius·
1028 1850 1089 1923 Qui
1110 1852 1194 1912 initio
1210 1849 1358 1911 Rbutenis
1369 1852 1583 1932 imperaverint,
1601 1853 1746 1911 incertum

100 1965 157 2027 que
176 1946 253 2008 duvii
278 1950 364 2010 ostia.
404 1948 494 2008 Porro
521 1946 710 2009 ascendendo
733 1948 818 2029 juxta
836 1943 894 2007 Ro·
951 1952 1014 2019 est;
1040 1944 1257 2006 characteribus
1283 1944 1359 2003 enin
1386 1944 1539 2015 carebant,
1564 1943 1671 2026 quibus
1697 1963 1749 2003 res

102 2036 283 2118 rystbenenr,
303 2041 455 2101 devenitur
474 2040 513 2100 sd
532 2038 671 2121 oppidun
686 2040 800 2113 Circes,
819 2040 894 2101 occi·
952 2044 1056 2119 gestae
1077 2038 1233 2098 nenoriae
1252 2035 1380 2098 nandari
1407 2040 1582 2115 potuissent
1622 2035 1748 2099 Postea·

101 2129 219 2193 donre-
238 2152 345 2194 versus
363 2134 468 2195 eitun:
498 2139 590 2213 atque
614 2132 740 2195 indeed
759 2134 895 2197 vetustis·
952 2151 1040 2214 quan
1064 2152 1134 2192 rere
1158 2128 1289 2193 blicbsel
1312 2150 1364 2193 res
1389 2130 1749 2211 Constantinopolitanus,

99 2225 203 2286 sinan
234 2226 381 2286 civitaten
400 2224 560 2298 Kiowianr,
591 2224 739 2307 quondan
764 2224 896 2289 limaisa
952 2224 1054 2287 literas
1080 2222 1257 2285 Sisrantcas
1280 2223 1310 2283 in
1337 2220 1506 2303 Buigarianr
1539 2244 1615 2286 anno
1645 2223 1748 2284 mundi

100 2318 299 2399 netrnpciimt
331 2319 381 2378 ubi
400 2322 523 2401 trajecto
541 2318 745 2400 Borysthene,
766 2326 814 2380 est
834 2340 896 2399 pro·
953 2315 1039 2380 orbo.
1060 2318 1207 2387 misisset,
1224 2322 1286 2375 turn
1305 2318 1444 2397 primurn,
1473 2337 1532 2379 non
1551 2338 1588 2378 es
1608 2316 1750 2378 duntaxat

104 2409 201 2469 vincis
220 2408 352 2482 Seuera,
378 2409 476 2473 adbuc
495 2410 641 2475 babitsta:
671 2434 710 2474 cx
735 2433 793 2494 qus
818 2420 899 2474 recta
954 2430 1031 2494 quae
1050 2417 1111 2471 turn
1128 2410 1311 2488 gerebantur,
1332 2430 1429 2471 veru·
1449 2411 1537 2471 etiarn
1558 2430 1633 2490 quae
1653 2430 1748 2471 arna·

102 2502 133 2560 in
157 2502 296 2568 orientcsr
320 2505 488 2582 procedenti
501 2505 896 2568 occurrunt'l'snsist'ontes.
950 2504 1069 2587 juribus
1093 2508 1282 2583 acceperant,
1311 2510 1341 2562 et
1365 2524 1418 2584 per
1443 2502 1557 2582 iongarn
1583 2505 1747 2564 ueneris·

104 2592 210 2672 Longe
229 2593 337 2657 ddude
355 2598 518 2661 secundun
532 2598 664 2669 Tanain,
685 2598 898 2660 adcondusun
955 2598 1143 2665 retinuerant,
1163 2595 1261 2663 scribi,
1282 2595 1370 2675 inque
1390 2594 1513 2656 annates
1533 2618 1633 2657 corun
1646 2596 1748 2658 reterri

103 2686 219 2750 scilicet
228 2688 332 2751 0ccae
348 2690 458 2755 etRbs
470 2691 632 2764 duriorun,
651 2694 754 2753 itinere
767 2712 899 2764 ernenso,
955 2694 1061 2771 coepta
1079 2695 1165 2748 sunit
1185 2708 1220 2747 ea
1239 2688 1349 2767 quibus
1367 2695 1493 2758 consui,
1514 2690 1741 2770 Coserospopa·

102 2781 285 2843 uanseundo
311 2780 438 2866 deniqne
461 2782 531 2847 Ru·
556 2784 727 2863 longissimo
752 2791 845 2846 tractu
868 2788 898 2846 in
955 2779 1217 2854 lurn,annnnutiis
1227 2777 1377 2840 Rbutenis
1388 2782 1486 2841 tributi
1501 2784 1617 2842 nonius
1630 2800 1746 2862 aspren-

102 2892 182 2934 nare
201 2894 300 2954 usque
314 2876 560 2955 Septentrionaia,
579 2887 650 2959 post
661 2872 899 2951 iederedenndo,
956 2878 1049 2937 torn·
1067 2872 1224 2957 petiicuias
1243 2870 1284 2933 de
1301 2874 1429 2952 singuiis
1449 2874 1575 2936 aedibus
1600 2877 1749 2955 exegisse,

102 2966 182 3025 circe
200 2966 330 3047 popntes
348 2971 410 3049 regi
429 2970 552 3033 Suetius
569 2968 720 3044 subditos,
748 2980 779 3031 et
804 2973 899 3053 ipss·
957 2970 1028 3031 bear
1046 2966 1182 3046 Vosegus
1201 2966 1279 3047 ipsis
1298 2967 1502 3048 inperat-isse.
1546 2967 1596 3029 De
1616 2968 1751 3038 Coseris,

105 3056 307 3131 Finiendian,
335 3064 491 3143 doumque
516 3062 702 3135 bivonicun,
731 3070 821 3145 atque
846 3084 899 3145 per
956 3060 1045 3131 node,
1063 3064 1115 3121 ant
1133 3060 1253 3139 qninarn
1273 3058 1395 3131 tuerint,
1415 3059 1488 3121 uibit
1506 3067 1623 3143 praeter
1643 3080 1750 3121 nomen

105 3150 277 3226 biennium,
296 3154 523 3236 Sanogitbisn,
541 3155 704 3217 Μυονία·
724 3156 852 3239 deniqne
870 3163 901 3217 et
956 3174 994 3215 ex
1019 3152 1190 3215 annalibus:
1220 3150 1259 3211 de
1280 3150 1406 3231 Varsffis
1430 3154 1544 3225 itidem,
1570 3155 1644 3214 certi
1668 3156 1751 3236 quio·

105 3243 260 3308 Percnta-
280 3236 376 3329 nsque
389 3248 572 3321 revertendo,
593 3250 766 3311 Bar-aticts
783 3250 901 3311 tande·
956 3268 1044 3329 qus·
1062 3246 1101 3308 sb
1120 3245 1181 3305 iiiia
1200 3264 1381 3323 cognoscere
1402 3268 1459 3307 non
1480 3248 1571 3328 potui.
1593 3248 1752 3308 Caetera·

106 3340 260 3401 ruentibus
278 3342 459 3413 terminatur,
485 3340 601 3403 dusbns
620 3342 760 3405 dantsut
786 3345 900 3426 provin·
957 3360 1024 3402 cunr
1044 3340 1102 3421 ipsi
1124 3357 1203 3398 nare
1222 3336 1393 3409 Raitbeuu,
1419 3343 1450 3398 et
1474 3339 1546 3401 iilud
1564 3339 1644 3421 quod
1662 3339 1752 3401 i’m

105 3432 180 3504 ciis,
204 3430 365 3497 Litbneuia
381 3435 497 3497 adlicer
514 3441 545 3495 et
563 3435 760 3515 Sanogitbia,
785 3439 900 3519 interJe-
957 3435 1043 3504 sisu,
1060 3432 1225 3502 biennium,
1244 3430 1369 3513 indeque
1389 3437 1459 3513 post
1467 3431 1589 3495 ditionis
1598 3454 1674 3495 suae
1684 3454 1751 3514 par·

108 3526 181 3586 ctist
206 3546 283 3608 quae
300 3526 379 3589 duae
399 3530 565 3609 provinciae
591 3530 660 3591 iicet
684 3528 834 3591 Rbutenis
861 3532 902 3591 in·
957 3533 1017 3588 u·
1040 3546 1060 3586 a
1079 3525 1186 3586 suetis
1209 3524 1325 3595 dividit,
1350 3544 1429 3586 nare
1455 3525 1596 3607 i'sregnrn
1623 3526 1753 3607 appetis·

106 3620 262 3681 ternistae
280 3620 351 3693 sint,
371 3640 408 3683 sc
427 3624 541 3704 proprio
562 3622 700 3684 idiouste
715 3623 829 3705 diuque
841 3622 901 3683 Ro·
959 3625 1037 3683 rente
1052 3618 1192 3700 putabant
1203 3617 1347 3699 equidem,
1367 3625 1419 3679 ant
1431 3618 1608 3691 scateam,
1628 3626 1680 3681 aut
1692 3618 1753 3681 Da·

105 3733 193 3775 mano
218 3718 352 3783 utantur,
378 3736 478 3776 carnin
501 3722 599 3777 umen
627 3716 741 3777 incoise
765 3738 804 3777 ex
823 3717 901 3777 bona
959 3733 1027 3784 nes,
1045 3710 1266 3780 autPrutcnos,
1287 3712 1326 3771 ob
1344 3712 1533 3782 vicinitatem,
1551 3714 1701 3793 principes
1720 3712 1753 3772 u-

112 3812 195 3885 parte
213 3812 286 3869 auat
303 3805 445 3869 Rbuteni.
959 3806 1053 3867 iornsn
1072 3803 1177 3865 tuisse.
1216 3802 1283 3864 dan
1301 3824 1389 3875 vero,
1414 3826 1480 3865 cun
1500 3803 1637 3885 ngria,
1662 3804 1754 3865 tano-

180 3898 348 3982 Principu-
368 3902 420 3981 qui
447 3920 524 3961 nunc
533 3900 828 3982 Russtaeinperant,
847 3902 902 3983 pri
959 3900 1081 3961 sissima
1104 3880 1251 3979 quondam
1277 3896 1475 3959 vandalorum
1500 3899 1606 3960 civitas
1630 3902 1659 3957 et
1686 3916 1754 3975 pro

106 4010 174 4053 auus
193 3996 250 4063 eat,
269 3992 399 4072 biegnae
417 3992 476 4054 dns
496 3994 677 4067 dioscorise,
695 3996 746 4076 qui
765 3996 903 4077 majore·
960 3991 1072 4061 vincis,
1097 3988 1237 4051 Labeone
1261 3996 1293 4051 et
1316 3989 1434 4052 ducatui
1454 3991 1608 4054 Hoisstiae
1632 3990 1755 4052 finiti-a

106 4085 175 4167 ejns
202 4090 315 4165 parte·
343 4086 472 4147 obtine&
500 4087 666 4158 mondus,
695 4108 822 4166 rnagnus
845 4087 904 4148 dus
961 4085 1066 4155 tuisse,
1084 4082 1222 4164 iureque
1241 4081 1298 4143 boc
1321 4082 1562 4163 qnodBaitbeorn
1581 4082 1695 4156 dicitur,
1714 4085 1756 4145 ab

105 4174 295 4249 birbusoise,
314 4180 419 4239 terbus
437 4186 486 4240 est
503 4200 555 4243 res
574 4180 733 4253 Peiontse,
756 4181 807 4262 qui
827 4200 904 4242 nunc
961 4198 999 4240 es
1017 4196 1135 4247 nonen,
1155 4176 1334 4256 quorundan
1356 4179 1517 4248 sententia,
1537 4178 1695 4259 accepisse
1713 4178 1755 4237 vi·

113 4276 144 4331 et
163 4270 305 4332 Peioniae
323 4280 356 4333 et
376 4272 552 4337 bitbuaniae
570 4280 700 4355 moesi.
961 4270 1077 4333 deutur:
1108 4268 1240 4349 illudque
1259 4270 1365 4351 ipsun,
1384 4276 1416 4329 et
1433 4271 1519 4332 sinus
1544 4271 1594 4333 ilie
1611 4272 1661 4353 qui
1683 4269 1757 4332 Ger·

187 4364 236 4425 De
253 4366 366 4445 origine
383 4373 482 4427 autern
494 4367 601 4445 gentis,
620 4365 692 4427 nibil
702 4365 812 4427 bsbcru
821 4386 904 4448 prse-
961 4364 1086 4426 nanis·
1112 4381 1132 4424 a
1158 4362 1270 4431 Deoia,
1298 4362 1366 4422 ite·
1391 4360 1560 4437 Prussiau,
1590 4363 1757 4436 Livonisn,

110 4466 156 4519 tsr
174 4458 300 4521 anseies
318 4458 394 4521 iutra
414 4462 558 4541 scriptcsr
577 4466 694 4539 gente·
703 4460 905 4521 sciticetbsnc
962 4457 1133 4518 neritinae
1152 4454 1279 4537 deniqne
1297 4453 1485 4517 idoscovitici
1508 4458 1622 4539 inperii
1641 4466 1754 4539 parts·

108 4552 301 4613 Sisennican
320 4572 393 4612 csse
410 4574 448 4613 ex
468 4554 587 4615 natium
597 4550 718 4637 Japbet,
736 4562 827 4631 atque
839 4552 906 4613 eii·
962 4571 983 4613 a
1000 4550 1106 4612 Suetis
1123 4552 1251 4629 seponi,
1271 4554 1303 4609 et
1321 4547 1419 4610 adbuc
1437 4550 1517 4631 apud
1526 4548 1687 4613 Rbntenos
1704 4572 1757 4612 no·

111 4644 288 4705 assedisse
311 4644 350 4705 ad
371 4644 553 4717 Danubiu,
577 4645 627 4706 ubi
652 4664 730 4707 nunc
755 4643 906 4724 Hungaris
963 4664 1030 4704 nen
1050 4664 1135 4703 suun
1156 4642 1295 4713 retineat,
1323 4647 1411 4724 atque
1438 4642 1630 4705 Waretsboie
1652 4647 1756 4711 moris,

111 4744 160 4799 est
179 4748 210 4798 et
228 4737 377 4815 Balearis,
396 4744 427 4800 et
444 4744 505 4801 tun
516 4736 607 4800 Nerei
627 4737 820 4821 appelich
844 4744 906 4800 tan·
963 4737 1022 4798 boc
1039 4742 1104 4807 est,
1128 4732 1275 4815 Veregnn
1299 4756 1381 4797 rnare
1403 4737 1582 4816 appeticum
1614 4737 1653 4799 ad
1672 4737 1756 4805 baec,

111 4830 179 4891 dere
198 4830 391 4913 disputatae,
417 4837 449 4893 et
466 4852 521 4914 per
537 4840 635 4894 terres
653 4830 836 4913 dispemrn,
856 4852 905 4892 no·
962 4829 1042 4914 quod
1066 4827 1194 4892 Vandali
1218 4849 1256 4891 ea
1285 4833 1464 4910 tempestate
1496 4837 1636 4912 potentes
1664 4836 1758 4901 erant,

107 4928 189 4986 nina
212 4946 230 4985 s
259 4927 333 4988 iocis
358 4926 531 5009 accepisse.
556 4934 660 5005 utpote
677 4922 792 4986 Morari
815 4946 835 4986 a
853 4924 904 4985 du·
962 4922 1167 4986 Rbntenuunr
1186 4921 1313 5005 denique
1334 4923 1443 5000 tingue,
1462 4926 1596 4987 moribus
1612 4928 1757 5005 Quare

107 5022 170 5078 vie:
193 5018 461 5089 autumnitas
480 5024 530 5081 est
548 5016 689 5080 Bobenia
722 5020 792 5079 itere
814 5017 903 5080 cnor-
931 5060 935 5101 3
962 5019 1075 5099 iigione
1099 5017 1269 5079 utebantur:
1300 5013 1436 5074 ridentur
1461 5017 1561 5099 tuqus
1582 5014 1656 5079 nint
1674 5015 1759 5080 Rbu-

107 5114 182 5179 vsti.
210 5112 303 5181 Bieti,
324 5113 442 5179 Serbii,
465 5112 496 5172 id
516 5118 565 5173 est
584 5112 695 5183 Servii,
724 5111 903 5173 Cborentaei
931 5116 935 5153 ²
963 5112 1025 5172 teni
1044 5132 1083 5173 ex
1103 5110 1246 5187 ngriis,
1264 5126 1321 5167 seu
1342 5104 1465 5184 turegi·
1475 5113 1588 5191 potins,
1606 5113 1757 5195 principes

109 5206 190 5277 dicti,
208 5210 259 5292 qni
276 5207 315 5271 ad
336 5204 505 5269 Duebian
529 5204 741 5277 comederant,
765 5204 904 5269 aWsia·
932 5284 936 5293 Ι
963 5224 1037 5267 snos
1055 5220 1215 5267 amasae.
1240 5218 1327 5281 quarn
1353 5202 1499 5273 externis,
1523 5212 1553 5265 et
1579 5204 1759 5285 areitgicae
