3742 5626
94 133 155 195 au
720 124 852 191 PAULI
877 114 1147 192 onustamur!

101 294 205 359 riculis
227 302 259 355 et
283 288 502 353 calamitatibus
527 298 650 367 veno,
674 310 742 351 cum
761 288 909 365 caedium,
936 304 940 349 i
968 293 1008 353 cti
1033 291 1123 353 officii
1149 307 1357 366 acuuntur,
1387 298 1512 353 treniere
1535 294 1640 352 cutim
1666 292 1782 370 eoepit.

103 389 242 461 infimus,
263 394 354 466 atque
374 384 520 445 saeuitiae
538 382 650 443 nullum
671 386 795 445 inveniri
815 403 909 465 posse
966 384 1025 445 sibi
1046 384 1174 447 insidias
1192 385 1267 461 beri,
1285 396 1318 447 et
1326 385 1415 446 dolos
1424 387 1510 459 strui,
1531 380 1780 466 etproditiesen

101 483 191 546 baem
216 478 416 545 arbitraretur,
436 494 563 557 cumque
581 478 714 539 universi
733 496 841 539 senum
862 498 909 537 ca·
937 484 941 509 ¹
968 482 1066 559 parari
1086 479 1252 543 affirmamur
1272 488 1389 540 etnam
1409 482 1452 539 ita
1470 477 1533 539 beri
1546 478 1639 547 solet,
1660 486 1780 557 utque

103 578 279 661 pervincum,
298 568 425 631 filiorum
445 576 570 641 mortes,
588 572 734 650 uirginum
753 578 786 632 et
804 578 911 632 matro-
938 584 942 597 ¹
969 574 1028 632 ties
1047 571 1159 652 aliquis
1177 571 1286 633 bellura
1306 574 1352 633 siri
1375 570 1524 654 Principia
1543 573 1668 651 injussu
1683 572 1781 631 ariaci

105 688 208 733 narum
229 674 343 746 strupra,
363 660 539 745 oppidorum
549 660 806 745 religionisqueet
825 664 911 725 liber·
939 664 943 745 ᾖ
970 665 1028 745 pit,
1054 664 1180 726 odcuaia
1204 666 1247 725 sit
1264 664 1424 746 pestilera,
1452 676 1485 726 et
1502 665 1629 725 uictuma
1649 659 1780 723 invidiae

104 766 177 827 tatis
200 756 356 831 excidium,
388 752 468 837 apud
495 758 611 817 aiiimoa
633 775 709 817 suos
729 765 911 838 reputarent,
940 772 943 777 ·
970 757 1075 839 plenu
1102 768 1136 819 et
1160 761 1210 838 quii
1235 759 1287 819 tali
1313 755 1424 838 aliquid
1455 757 1589 827 molitur,
1620 755 1779 816 min-ts

101 866 133 923 at
152 861 251 917 mente
280 848 465 930 eoiisilioquc
489 846 639 910 deturbati
655 846 826 911 tumultuari
845 852 918 911 coc-⁹
940 870 943 899 ι
969 850 1142 932 plerumque
1160 850 1425 912 innumerabilibus
1445 850 1594 911 obnoxiu
1614 856 1677 910 eat.

103 970 183 1035 pere,
214 954 245 1007 et
269 945 416 1025 principis
442 944 490 1003 sui
516 944 734 1004 αιιιίιιίοιιοιι
760 940 910 1005 admirari.
940 932 944 959 ¹
1046 942 1160 1005 Posteu
1187 942 1339 1005 Basilides
1366 947 1397 1003 in
1422 943 1571 1025 publicum
1600 944 1697 1003 etiam
1718 944 1777 1002 aiae

103 1040 169 1107 Sed
178 1033 346 1121 tyrannidis
358 1045 466 1111 metus,
474 1043 507 1096 ct
518 1038 610 1098 insita
620 1036 651 1097 in
662 1034 831 1097 namnum
843 1035 913 1095 leui-
939 1040 943 1119 ζ
970 1036 1153 1097 ιιεΙΙίῦΙιιιι
1165 1040 1324 1118 processit,
1343 1039 1537 1118 projectoque
1549 1037 1582 1095 iu
1592 1034 1713 1114 uulgus
1723 1032 1777 1096 aba

98 1145 193 1201 taset
205 1132 406 1194 inconstantia
423 1127 704 1201 iaciebantutcum
716 1148 813 1209 neque
824 1126 913 1189 idem
939 1122 943 1187 1
971 1126 1088 1191 demate
1113 1150 1151 1191 ac
1179 1150 1324 1211 purpura,
1343 1130 1416 1191 dare
1436 1149 1489 1190 cns
1509 1128 1587 1190 baec
1608 1126 1703 1189 altari
1719 1130 1775 1208 ju

101 1236 208 1293 sande
229 1224 372 1297 colerent,
392 1221 493 1282 nullus
513 1240 615 1283 comm
636 1220 726 1283 fidem
745 1225 841 1283 sociis
859 1218 911 1282 ad·
939 1264 943 1341 Ι
970 1225 1021 1297 sit,
1040 1226 1090 1304 qui
1112 1234 1167 1285 aut
1185 1226 1332 1305 imperare
1351 1223 1410 1283 iliis
1429 1225 1530 1294 sciret,
1548 1232 1603 1281 aut
1624 1225 1678 1282 cui
1701 1242 1776 1302 pare-

98 1328 256 1407 juugeret:
276 1326 308 1378 et
328 1335 396 1376 cum
416 1336 454 1376 ex
472 1334 528 1375 suo
550 1316 668 1394 ingenio
689 1318 815 1396 quiaque
834 1314 911 1377 alios
970 1336 1003 1377 ra
1022 1318 1081 1398 ipsi
1100 1320 1223 1379 scirem
1262 1316 1482 1378 Commemorat
1499 1313 1612 1376 deinde
1633 1314 1776 1377 benefida

102 1416 243 1497 ingeret,
268 1408 400 1489 reliquos
419 1416 584 1488 suspectos
603 1407 738 1480 baberet,
758 1416 790 1469 et
808 1428 911 1488 perpe·
939 1360 943 1483 l
970 1430 1035 1484 sua,
1061 1422 1096 1472 ut
1116 1410 1271 1472 Linomam
1291 1408 1462 1489 subegerit,
1480 1418 1514 1469 ut
1531 1407 1659 1469 Tureaa
1678 1407 1775 1471 Tarta

103 1520 156 1573 tuo
181 1510 271 1569 etiam
296 1503 428 1573 timeret,
446 1520 486 1561 ne
518 1508 668 1581 tamquam
693 1502 912 1581 conjurationis
939 1522 943 1617 Ι
969 1520 1080 1583 rosque
1108 1506 1343 1584 compescuerit,
1376 1510 1411 1563 at
1439 1499 1569 1583 denique
1601 1498 1775 1581 dignitatem

103 1604 233 1683 alicujus
253 1602 358 1658 auctor
376 1591 416 1655 ad
441 1592 613 1675 Principem
638 1592 813 1655 deferretur.
854 1592 911 1653 Co·
938 1626 943 1685 ι
969 1598 1069 1675 gantis
1089 1616 1242 1657 suasim
1262 1596 1360 1656 solum
1379 1591 1548 1656 defenderit
1566 1614 1677 1655 ιιιιιιι
1696 1596 1777 1655 edas

102 1702 165 1761 iere
191 1688 314 1755 tandem
331 1684 500 1748 Vlodinirii
520 1706 587 1748 mim
606 1689 712 1749 viciniis
733 1684 911 1767 quibusdam
938 1708 943 1781 Ι
969 1692 1093 1751 auxerit
1139 1689 1274 1766 Quorum
1299 1692 1327 1750 si
1346 1688 1417 1749 illos
1436 1690 1608 1769 poeniteat,
1630 1685 1776 1769 deponere

105 1786 241 1873 populis,
261 1791 293 1844 et
317 1801 353 1843 se
373 1777 414 1843 ad
431 1779 668 1861 propulsandum
687 1799 911 1843 commuuema·
939 1784 942 1851 l
970 1783 1134 1863 imperium,
1153 1791 1184 1843 et
1204 1781 1324 1843 tradere
1344 1781 1407 1842 illis
1425 1779 1566 1861 Regnum
1583 1800 1696 1857 suum,
1713 1784 1776 1862 qma

105 1884 165 1945 ium
190 1883 313 1961 paratos
341 1870 469 1937 Basilidi
489 1872 672 1935 obtuderunt:
692 1875 912 1953 contestatione
938 1876 942 1935 l
970 1875 1139 1957 Principem
1158 1884 1312 1955 quamant,
1330 1876 1379 1935 cui
1397 1877 1555 1956 imperent.
1608 1874 1715 1952 Quam
1732 1894 1776 1957 po

105 1978 231 2059 primum
253 1968 313 2031 sibi
334 1964 394 2027 fide
414 1976 445 2028 et
463 1963 635 2028 obedientia
653 1987 726 2046 crgo
740 1965 911 2046 Principem
938 1970 942 1989 ¹
970 1970 1058 2051 pulua
1083 1966 1197 2051 pudore
1231 1978 1340 2043 motus,
1371 1971 1506 2049 recipere
1535 1986 1607 2029 cum
1641 1967 1773 2049 linguas

105 2066 181 2132 ulbil
202 2063 446 2141 osseantiquiua,
466 2056 670 2121 defensionem
680 2062 805 2141 petiere.
835 2057 910 2119 nint·
965 2062 1102 2144 juberet,
1131 2060 1244 2122 tamdiu
1277 2064 1443 2134 recusauit,
1479 2059 1580 2123 donec
1618 2059 1774 2124 seditiosis

105 2164 156 2235 tia,
175 2160 321 2241 inquiunt,
341 2152 505 2223 mensibus,
524 2162 555 2213 et
572 2162 667 2215 totum
686 2154 846 2215 triennium
860 2172 913 2233 pa·
970 2166 1109 2218 auctores
1134 2154 1285 2237 supplicio
1309 2152 1505 2217 moderentur.
1547 2155 1631 2217 Post
1649 2154 1722 2217 baar
1736 2152 1772 2217 sd

105 2251 389 2318 triaecalnmitatem
404 2243 548 2307 sedentes
564 2248 719 2317 intuemur,
738 2245 912 2325 religionem
970 2250 1060 2310 lilium
1080 2268 1254 2324 munerans,
1273 2251 1326 2320 ait,
1352 2262 1486 2308 suamc
1516 2268 1573 2324 a,
1598 2242 1778 2309 aelaud'nsi·

107 2350 221 2409 interea
232 2352 264 2404 et
272 2341 441 2403 libertatem
460 2346 592 2399 nostram
609 2336 777 2420 pessundat
797 2336 913 2411 bostia;
970 2362 1048 2403 mum
1074 2350 1166 2424 caput
1190 2343 1250 2402 ista
1275 2348 1374 2402 menta
1398 2349 1429 2401 et
1453 2344 1555 2403 anima
1572 2339 1779 2424 praeditusis

107 2440 281 2523 suptilitate
309 2452 417 2506 scires,
446 2428 592 2491 caedibus
616 2432 778 2511 juventus,
798 2434 912 2511 stupris
971 2444 1167 2518 conspectum
1186 2437 1280 2515 patris
1300 2433 1426 2495 reuirel
1455 2442 1488 2497 et
1503 2432 1576 2499 od‘n
1595 2455 1637 2497 ac
1656 2432 1779 2499 seditio

105 2534 183 2597 tiliae
203 2536 327 2590 nocuae
339 2522 511 2587 foedantur:
531 2522 912 2603 rannemundus·
970 2550 1038 2591 ιιιιιιι
1056 2530 1138 2591 volut
1156 2524 1393 2589 exsultabundus
1412 2526 1560 2591 cremet
1576 2526 1781 2609 ussandeo·

107 2622 280 2691 civitatibus
303 2618 440 2690 allectos,
466 2625 498 2679 et
523 2636 582 2678 noa
607 2636 625 2678 a
650 2617 776 2698 pristina
804 2620 911 2681 uirtute
971 2642 1009 2685 ue
1034 2626 1131 2684 ominis
1156 2622 1276 2703 pietatis
1302 2618 1415 2682 oblitus
1439 2619 1491 2683 esi
1511 2619 1592 2681 auth
1615 2621 1781 2703 mandi

104 2728 219 2783 tuntum
238 2712 493 2795 degeneravimus,
512 2718 545 2771 ul
564 2710 748 2792 praeclarius
768 2729 840 2771 essa
859 2730 911 2792 pu·
970 2720 1091 2780 occasio
1117 2717 1214 2799 aptior
1240 2733 1327 2794 quam
1352 2714 1503 2777 cala-iu
1519 2715 1627 2795 petru,
1645 2722 1680 2775 et
1698 2712 1782 2774 beili

104 2824 213 2885 temus,
232 2808 312 2871 boati
322 2804 583 2885 tergsobvertere,
604 2823 693 2886 quam
712 2804 796 2865 ciues
814 2825 833 2867 a
853 2804 911 2867 clu·
969 2810 1099 2871 infelicis
1110 2829 1269 2871 aerumnae
1276 2807 1414 2869 lueruutl
1432 2802 1588 2890 quidquod
1598 2805 1710 2889 populi
1720 2808 1782 2869 aui·

105 2906 145 2969 de
163 2900 329 2967 incolumes
349 2908 520 2981 praestare,
545 2906 577 2959 ct
595 2917 650 2978 pro
669 2900 765 2977 patria
784 2896 911 2959 boneste
969 2903 1349 2982 inagiolluxuocatumou
1360 2898 1430 2962 dico
1441 2898 1780 2983 patre-,Ducenceate

105 3002 189 3062 nori.
228 2994 338 3057 Sciunt
362 2989 542 3065 adversarii,
568 3000 687 3070 gentem
712 2992 850 3069 ignavam
870 2989 911 3051 lo·
970 3000 1077 3059 civium
1105 3006 1222 3077 tuorum
1247 2993 1395 3073 dignitate
1419 2998 1540 3076 prirara
1570 3002 1705 3057 conam
1727 2996 1777 3056 eal

106 3094 164 3157 cilc
184 3090 319 3171 superari
339 3106 439 3167 posse,
460 3081 587 3164 ideoque
605 3082 805 3146 confidentius
824 3087 910 3145 uriae·
938 3122 942 3165 t
970 3089 1041 3172 quid
1053 3111 1142 3172 porro
1152 3099 1185 3150 tu
1196 3092 1225 3148 iu
1239 3086 1319 3151 iacto
1329 3091 1400 3160 isto,
1411 3085 1772 3169 cospirationeuaealiad.

108 3189 171 3249 riae
200 3190 233 3245 et
261 3178 422 3242 inlortuuio
447 3185 551 3239 nostro
584 3178 744 3239 insultant:
789 3181 816 3239 si
841 3198 912 3239 uero
938 3168 941 3183 '
970 3202 1057 3265 quiam
1080 3184 1231 3243 interitum
1251 3176 1349 3242 meum
1373 3181 1516 3261 quaeris?
1556 3180 1699 3259 Quoia·
1716 3182 1766 3259 igi·

107 3276 278 3359 conjunctis
297 3270 410 3331 uiribus
429 3269 548 3331 obuiam
567 3269 630 3331 illis
649 3273 803 3353 progressi
823 3271 909 3333 lucri·
969 3286 1018 3338 tur
1037 3289 1070 3337 tu
1092 3279 1121 3336 iu
1142 3284 1227 3356 patre
1238 3273 1408 3355 Principem
1419 3274 1603 3337 blosconrm
1618 3293 1673 3335 uos
1682 3292 1771 3353 agus-

106 3360 818 3446 mua,bominumuudacissimoruminsolentiam
831 3363 910 3428 baud
969 3374 1048 3444 scis,
1074 3389 1132 3448 ego
1158 3388 1275 3449 quicque
1300 3367 1477 3448 Principem
1490 3388 1539 3429 me
1563 3368 1673 3447 napis,
1691 3384 1776 3449 quam

106 3459 266 3525 didicultcr
285 3453 512 3525 contendemus,
526 3458 710 3536 patriamque
731 3456 769 3517 nb
788 3468 911 3520 aetcrm
938 3484 942 3563 p
970 3472 1083 3545 patrem
1106 3461 1261 3537 iudicabo,
1286 3470 1474 3541 statuamque
1495 3464 1526 3521 in
1555 3470 1590 3523 te
1610 3460 1777 3543 eac-plum.

107 3552 241 3639 periculo
259 3546 493 3610 vindicabimus:
512 3545 602 3629 idque
622 3558 655 3611 ut
674 3550 814 3611 alacriter
823 3550 910 3613 lacia-
938 3572 942 3637 ι
970 3577 1009 3619 no
1034 3559 1102 3637 quis
1127 3555 1255 3637 posthac
1283 3554 1451 3617 iulaiicibus
1472 3556 1613 3617 nerii
1631 3563 1777 3637 pareat-

106 3668 188 3719 mus‚
207 3643 332 3725 templa.
352 3661 436 3713 orte,
455 3640 561 3720 religio
580 3640 723 3713 suadent,
744 3645 841 3725 patria
861 3666 911 3725 po·
938 3644 942 3725 l
971 3648 1086 3712 illudat.
1133 3647 1185 3711 Ad
1213 3668 1279 3709 eam
1300 3650 1543 3730 objurgationem
1565 3646 1682 3711 lusum
1700 3646 1775 3711 usba-

104 3742 213 3817 stulat,
243 3736 329 3798 liberi
355 3744 386 3796 et
415 3733 538 3796 libertas
564 3734 727 3799 hortantur.
781 3736 911 3815 Quando
938 3746 942 3781 l
970 3746 1155 3804 meritissime
1182 3747 1399 3815 consternatus,
1421 3759 1489 3801 cum
1508 3738 1654 3823 dejectis
1671 3740 1713 3805 ad
1728 3754 1775 3803 ter·

104 3844 203 3898 autem
224 3832 293 3893 Dua
314 3838 345 3890 et
363 3836 467 3889 auctor
487 3826 575 3888 uobis
595 3826 633 3889 ad
655 3829 731 3891 barre
751 3851 814 3892 rem
833 3853 910 3915 opus
938 3860 941 3881 ι
969 3856 1031 3897 ram
1052 3835 1148 3896 oculis
1165 3822 1372 3896 defensionem
1387 3842 1516 3915 pararet,
1540 3844 1577 3897 ct
1594 3836 1728 3919 suppleo
1742 3834 1774 3895 is

105 3938 167 4001 est,
193 3942 333 4005 ιομιιιιιι
360 3930 391 3983 te
411 3921 604 3982 serenissima
629 3920 778 4004 Princeps
797 3934 829 3986 et
849 3926 909 3989 Do·
970 3948 1036 3989 eum
1057 3928 1097 3991 ad
1118 3926 1275 3989 dicendum
1297 3946 1420 3990 causam
1438 3926 1590 3991 sibidare
1606 3930 1772 4011 postahst.

105 4026 184 4085 mine
204 4028 318 4091 noem,
339 4024 372 4075 ut
386 4013 479 4109 ¹lilium
499 4023 581 4075 tuum
602 4024 673 4076 natu
694 4020 839 4097 majorem
859 4040 909 4080 no·
936 4036 940 4103 ξ
969 4024 998 4081 iu
1019 4024 1087 4102 ipso
1106 4025 1251 4083 omtioids
1271 4019 1393 4083 errordio
1414 4019 1574 4085 basilides
1594 4022 1769 4086 adobed

103 4116 220 4177 biscum
242 4114 273 4171 in
291 4109 532 4169 honestissiman
553 4106 685 4169 militiam
706 4114 817 4173 mittas.
857 4113 911 4174 lllo
936 4172 939 4183 ,
969 4114 1145 4177 conturbato
1167 4112 1288 4176 tacendi
1308 4118 1425 4195 siguum
1446 4112 1522 4176 dare
1532 4116 1661 4191 uolens,
1681 4134 1768 4199 ιφ

106 4210 215 4289 quippe
243 4206 272 4262 iu
294 4201 389 4261 oculis
409 4201 520 4262 uostris
540 4210 678 4263 versante
698 4212 828 4265 ueterem
848 4205 908 4268 bel·
935 4186 939 4229 ⁵
969 4230 1005 4269 ue
1018 4208 1128 4269 ferrato
1141 4211 1208 4289 ejus
1220 4218 1352 4290 tempora
1363 4210 1524 4289 percussit.
1547 4209 1608 4272 llle
1627 4208 1764 4295 qua-pb

105 4301 183 4361 licus
207 4296 325 4356 virtutis
353 4295 520 4374 opinionem
542 4293 630 4355 facile
655 4298 907 4378 recuperabimus,
935 4356 939 4395 Ι
967 4322 1033 4382 gam
1054 4322 1127 4382 prae
1139 4305 1380 4363 consternatione
1399 4310 1432 4362 et
1449 4304 1764 4369 memmatensis

104 4402 136 4456 et
154 4411 208 4474 pro
229 4388 325 4470 patria
351 4390 441 4446 vitam
458 4388 690 4466 saiiguincmque
712 4389 906 4454 edundcmus.
935 4400 939 4459 Ι
966 4404 1020 4471 ret,
1038 4416 1223 4477 niequaquum
1242 4396 1425 4457 vulneratum
1443 4414 1479 4456 aa
1501 4396 1656 4475 credidit
1674 4414 1706 4464 et
1718 4416 1765 4463 ιι

103 4482 254 4552 Basilides
274 4502 333 4541 non
353 4488 467 4541 mutum
487 4479 601 4539 memmi
623 4479 719 4559 Regia
743 4487 908 4547 exsistima-
935 4472 939 4573 J
970 4487 1193 4550 intereundum
1217 4498 1281 4550 toto
1307 4508 1432 4571 corpore
1456 4508 1568 4551 cruore
1600 4494 1765 4558 madai

101 4584 224 4653 tionem,
242 4572 299 4637 sed
318 4584 350 4636 et
368 4570 533 4633 divinitatis
553 4574 721 4652 opinionem
742 4573 907 4655 apudsuos
967 4592 1132 4663 conspectu
1147 4584 1239 4663 patris
1251 4584 1430 4644 enariiniaiu
1437 4592 1550 4645 terram
1557 4587 1761 4673 collapsum

100 4674 245 4747 babebat,
275 4687 481 4749 rumoremque
501 4668 530 4727 in
552 4665 708 4729 bloseovia
727 4672 829 4749 spargi
845 4674 907 4754 jua-
966 4674 1292 4737 lbiPatercoulossum
1303 4674 1613 4751 uulnerctilium,aed
1626 4685 1765 4767 ιρι*

101 4778 192 4845 serat,
211 4787 247 4828 sc
255 4764 386 4826 Deorum
407 4764 520 4822 monitu
539 4758 578 4823 ab
598 4763 664 4823 istis
685 4761 821 4825 Polouici
837 4765 907 4828 belli
967 4767 1074 4845 adbuc,
1086 4766 1335 4844 animadvertens,
1354 4773 1456 4830 stetim
1475 4771 1660 4838 ulurrorc
1680 4782 1766 4858 inpar

104 4860 279 4922 tumultibus
297 4864 456 4919 retractum
475 4852 584 4917 feriari.
631 4853 725 4935 igitur
744 4878 810 4919 cum
828 4882 848 4920 a
869 4862 909 4922 ci·
967 4864 1246 4933 uiteutiamuersus,
1270 4861 1548 4925 manusiocoelum
1567 4868 1686 4943 tendit,
1701 4886 1767 4951 μ

103 4951 189 5014 uibus
215 4950 419 5013 defensionem
448 4947 684 5031 postulantibus,
704 4955 790 5032 quasi
811 4954 907 5034 ucgle
965 4955 1229 5036 relaaquctlebilcs
1249 4953 1319 5028 edit,
1341 4953 1548 5030 conradatur,
1574 4964 1767 5025 numanis
