3742 5626
141 204 202 265 sto
773 194 905 261 nauti
928 194 1196 263 onuubomuu

145 370 235 454 qoam
246 363 445 448 Reipublicae
455 381 555 424 umore
575 367 727 440 gesturum
746 359 954 432 asseverabat,
1014 363 1169 441 ejecerint.
1212 365 1257 426 At
1270 367 1297 426 si
1319 361 1437 444 quidem
1456 362 1554 424 aliena
1577 365 1690 441 magis
1705 364 1828 444 exemph

145 466 193 526 cni
213 459 252 521 ab
273 460 385 540 optimo
405 475 522 537 qnoque
540 455 631 515 etiam
650 455 775 534 spiritus
797 451 954 516 debeatur.
1012 475 1100 536 quam
1131 476 1188 517 sua
1221 460 1421 539 experimenta
1449 455 1563 527 malint,
1604 458 1698 516 scire
1733 474 1768 516 ae
1793 456 1824 518 el

146 556 212 621 llos
232 555 311 617 enim
336 548 472 632 publicas
492 549 570 608 inter
588 546 716 628 populos
743 567 804 608 non
823 550 956 629 privatas
1013 548 1139 610 Alberto
1153 548 1354 612 Borussorum
1366 548 1507 631 Principe
1517 549 1643 609 hloscis
1657 560 1819 610 erentru-

146 653 225 713 inter
245 645 338 708 duces
358 637 490 703 bellandi
510 658 619 702 causas
639 659 720 701 esse.
759 638 865 702 Lectis
880 639 958 701 litte·
1014 642 1071 702 mis
1091 641 1131 703 od
1152 639 1183 703 id
1202 640 1312 703 bellom
1332 645 1487 714 instructo,
1509 641 1598 703 lusos
1622 641 1739 702 multis
1754 662 1812 723 prae

149 744 193 805 ris
212 735 366 803 Basilides
386 730 517 795 nondum
536 735 579 795 ita
598 729 747 815 trepidum
766 753 803 794 se
823 752 894 794 esse
912 752 957 792 re·
1014 735 1065 795 liis
1085 735 1228 797 Polonor.
1272 737 1357 797 Scire
1376 743 1552 816 perpennam
1571 733 1705 795 illorum
1725 736 1756 794 ia
1769 736 1810 795 roi

147 831 280 919 spondit,
291 838 326 891 ut
336 827 461 910 spoliari
476 847 512 888 se
524 826 631 907 Regno
642 831 804 907 pateretur,
824 825 957 906 bellique
1015 830 1105 907 gione
1125 827 1350 904 dissentionem,
1370 825 1568 889 domesticam
1589 830 1816 909 optimatum»

147 946 184 991 aa
214 927 412 992 irritamento,
443 938 504 980 non
529 919 615 1001 pacis
646 915 850 980 blandimenta
875 937 956 980 esse.
1015 920 1214 995 mulationem,
1235 929 1325 1002 atque
1338 917 1465 981 invidiae
1475 917 1625 981 studium.
1671 922 1819 983 smnus

147 1023 248 1103 lpsum
265 1035 338 1077 vero
353 1014 582 1095 Lopatinseium
602 1008 764 1074 crudeliter
785 1008 956 1072 hauddubie
1014 1012 1155 1075 similiani
1184 1016 1324 1076 &maris
1354 1020 1481 1095 nepotes
1501 1011 1666 1075 Poloniam
1688 1012 1775 1075 brevi
1791 1018 1821 1074 ie

147 1113 334 1194 accepisset,
356 1109 384 1168 si
404 1126 459 1189 per
474 1109 527 1187 jos
549 1108 680 1185 gentium
700 1101 732 1164 id
753 1106 781 1165 ei
803 1104 955 1177 licuisset3
1015 1125 1186 1186 gressuros,
1207 1116 1238 1167 et
1255 1108 1392 1166 maximis
1412 1126 1488 1178 eam,
1509 1104 1714 1187 plurimisque
1724 1109 1822 1167 mco*

146 1227 235 1289 quem
260 1213 360 1267 tamen
389 1204 420 1261 in
444 1199 608 1280 hospitium
639 1194 709 1259 duci
741 1205 772 1259 et
799 1194 957 1275 diligenter
1015 1196 1113 1261 modis
1140 1198 1179 1260 ob
1206 1219 1264 1259 non
1290 1195 1432 1269 traditum
1453 1201 1532 1280 patri
1551 1218 1687 1279 regnum,
1708 1198 1824 1261 allecta·

147 1295 291 1362 custodiri
316 1296 427 1376 jussit,
455 1289 512 1353 sed
537 1293 595 1364 ita,
619 1300 653 1353 ut
678 1309 781 1352 omues
809 1291 837 1350 ei
862 1285 957 1350 debiti
1015 1310 1075 1354 roa
1121 1292 1220 1354 Multo
1246 1299 1345 1353 autem
1374 1291 1574 1372 periculosius
1599 1290 1638 1351 ab
1658 1292 1722 1352 alia
1743 1302 1824 1373 parte

148 1410 296 1475 personae
317 1387 397 1448 illins
418 1384 547 1446 bonores
557 1383 745 1460 haberentur,
768 1391 799 1444 et
817 1382 906 1444 simul
917 1379 958 1443 ad
1019 1387 1096 1467 ipsis
1115 1387 1269 1447 imminere
1289 1384 1409 1445 bellom.
1450 1383 1529 1445 Nam
1550 1406 1569 1445 e
1588 1385 1823 1465 Preeopensiua

150 1490 345 1547 commeatum
383 1477 556 1539 necessaria
595 1480 694 1539 omnia
730 1475 955 1558 praeberentur·
1015 1474 1121 1540 llorda
1143 1480 1170 1539 si
1190 1475 1309 1539 Tartari
1334 1468 1470 1537 immanis
1495 1478 1550 1538 ills
1569 1476 1719 1548 lerorun,
1740 1488 1823 1558 atque

147 1576 226 1643 Belli
246 1576 368 1636 nundus
387 1570 470 1633 brevi
489 1568 820 1651 temporellloscoviam
840 1587 957 1629 omnem
1015 1574 1168 1633 immitium
1178 1570 1355 1652 populorum
1365 1569 1483 1631 illuvies
1493 1568 1718 1649 Borysthenem
1732 1577 1823 1630 bans·

149 1671 324 1751 longissime
349 1672 530 1747 pervagatus
555 1670 639 1725 tanto
658 1661 796 1724 barbaris
816 1662 955 1732 amarior,
1014 1662 1184 1745 grediatur,
1208 1662 1272 1725 fieri
1298 1683 1358 1724 non
1383 1682 1477 1744 posse
1501 1664 1575 1743 quin
1595 1661 1755 1725 Poloniaur
1773 1674 1823 1724 am

151 1771 263 1848 quanto
289 1761 389 1821 verior
414 1757 486 1833 luit,
512 1755 722 1837 reputantibus
740 1761 877 1834 tempora
896 1753 956 1830 illa,
1015 1765 1178 1839 occupent,
1204 1762 1256 1818 aut
1279 1758 1415 1833 vincant,
1440 1763 1493 1816 aut
1519 1758 1685 1836 eregione
1709 1762 1822 1816 rnen

151 1856 260 1940 quibus
290 1854 384 1915 tontis
405 1849 631 1914 bironiensiom
652 1846 761 1929 opibus
780 1844 956 1909 domesticis
1013 1849 1156 1934 praedam
1175 1853 1325 1930 ingentem
1345 1849 1484 1910 suebant.
1530 1846 1721 1910 Audendum
1740 1851 1822 1928 igitur

151 1949 267 2010 viribus
286 1945 469 2015 restiterant,
489 1940 599 2023 quibus
609 1940 774 2002 'furcarum
794 1943 957 2021 potentiam
1015 1952 1047 2006 et
1066 1940 1217 2004 fidendum
1237 1941 1376 2005 fortunae
1397 1944 1717 2024 tantiqueapparatrur
1727 1960 1820 2022 esspe

150 2044 256 2115 Asiae,
268 2039 451 2118 Alricaeque
463 2034 624 2097 terribilem
634 2034 855 2097 Astracanensi
875 2032 956 2095 bello
1015 2045 1065 2098 ctu
1089 2034 1264 2097 debilitatos
1290 2039 1431 2117 spiritus,
1456 2032 1575 2116 pridtiui
1596 2036 1749 2116 temporis
1772 2054 1821 2095 ne·

150 2135 311 2218 fregeram.
352 2130 440 2210 Quae
459 2128 526 2191 sola
546 2127 679 2208 gloriosa
698 2124 879 2205 recordatio,
897 2145 956 2187 rna·
1013 2132 1107 2191 moria
1132 2125 1324 2191 remeandos.
1371 2127 1453 2190 Sues
1481 2135 1645 2210 praeterea
1667 2129 1753 2190 vires
1772 2147 1821 2188 res

148 2233 246 2311 joram
263 2226 354 2289 futuri
376 2225 406 2284 in
424 2224 533 2284 vicinia
557 2221 628 2283 belli
647 2224 783 2282 timorem
802 2219 955 2283 afferebat
1014 2220 1102 2285 modo
1114 2222 1258 2284 Polooico
1270 2221 1377 2302 Regno
1400 2241 1470 2283 esse
1488 2240 1591 2303 pares,
1611 2219 1673 2283 sed
1695 2226 1820 2284 eoetin

152 2321 310 2402 Tuamque
329 2314 489 2399 trepidatio
509 2317 637 2376 omnium
658 2313 729 2389 fuit,
755 2323 865 2395 quanta
885 2333 956 2375 esse
1014 2316 1103 2395 longe
1122 2317 1263 2396 majores.
1311 2314 1524 2378 Smolenscum
1542 2314 1643 2377 velint
1663 2335 1708 2376 an
1730 2314 1822 2377 Stare·

150 2415 181 2475 in
201 2432 308 2490 magna
334 2410 503 2471 calamitate
529 2410 607 2467 inter
632 2409 731 2467 victos
770 2416 801 2468 et
827 2403 956 2468 debella·
1014 2406 1126 2469 dobum
1162 2428 1337 2470 recensere:
1379 2427 1483 2470 rursus
1504 2408 1767 2483 'Asbamniam
1791 2427 1822 2469 eu

148 2515 199 2569 tos
219 2502 307 2565 solet.
346 2500 506 2578 Pnngehat
524 2499 594 2559 illos
613 2499 958 2561 scelerumcooscientia
1015 2500 1186 2577 Casaniam,
1206 2503 1336 2581 itemque
1354 2501 1507 2563 Polociam
1515 2500 1746 2582 Livonianepre
1763 2519 1822 2580 qun

152 2605 185 2661 et
193 2596 354 2659 Sarmatici
374 2592 470 2672 Regis
490 2592 633 2673 potentia,
652 2594 795 2653 minorem
807 2591 959 2673 Principis
1014 2615 1078 2656 rum
1098 2592 1217 2677 quidem
1236 2596 1366 2673 gentium
1385 2594 1467 2655 nulla
1492 2592 1531 2655 ab
1552 2595 1688 2675 imperio
1711 2601 1744 2654 et
1757 2596 1824 2673 juge

149 2694 197 2755 sui
217 2690 378 2753 exercitum
397 2706 477 2747 nuuc
496 2705 566 2747 esse
586 2682 732 2760 dicentes,
751 2693 784 2746 ut
803 2693 886 2748 tanto
906 2685 956 2746 ho·
1013 2688 1189 2751 Moesorum
1207 2691 1249 2749 sit
1267 2687 1363 2750 libera
1388 2696 1420 2749 et
1439 2689 1589 2749 immunis·
1633 2688 1732 2748 Suam
1750 2688 1825 2765 puia-

148 2786 241 2848 edum
260 2783 418 2864 apparatui
437 2782 582 2842 resistere
600 2786 715 2861 posset.
740 2776 892 2841 Basilides
912 2786 955 2841 ta·
1014 2784 1103 2844 etiam
1136 2780 1279 2844 ditionem
1317 2792 1440 2862 peneter
1477 2799 1586 2852 arma,
1629 2782 1824 2857 virtutemque

151 2898 218 2941 men
236 2884 365 2959 accepts
384 2871 569 2935 induciarum
587 2874 822 2943 renunciatione,
842 2871 957 2933 trullam
1014 2877 1113 2948 animi,
1133 2874 1265 2935 locorum
1285 2894 1402 2954 qnoque
1413 2869 1633 2935 solitudinibus
1653 2873 1704 2934 vel
1718 2872 1826 2951 frigori·

150 2992 262 3034 moram
287 2964 533 3050 interponendam
566 2969 763 3042 existimauit,
793 2969 863 3048 quin
889 2968 956 3047 ipse
1015 2968 1072 3030 bus
1107 2969 1270 3029 instructas
1301 2988 1388 3042 esse,
1417 2986 1472 3047 per
1510 2984 1590 3045 quae
1626 2964 1823 3026 denuncietur

151 3085 269 3148 quoque
296 3062 388 3122 rebus
413 3064 478 3122 suis
505 3057 688 3131 subveniret,
709 3068 740 3122 et
758 3062 861 3120 statim
880 3058 955 3119 litte-
1014 3065 1121 3141 ingcns
1141 3061 1228 3122 militi
1248 3059 1348 3133 labor,
1372 3080 1409 3120 ac
1435 3058 1614 3141 periculum.
1654 3058 1826 3139 Sequuntur

151 3178 201 3221 ras
221 3154 262 3220 ad
281 3174 386 3215 omnes
407 3152 585 3214 Moscoviae
606 3151 707 3228 urbes,
726 3161 758 3213 et
777 3150 817 3212 ad
836 3171 955 3230 megna-
1015 3176 1051 3215 se
1071 3151 1159 3214 modo
1178 3152 1303 3228 lortitcr,
1324 3161 1355 3214 et
1374 3152 1505 3224 videant,
1526 3149 1601 3232 quid
1619 3170 1653 3211 se
1673 3149 1745 3211 doci
1754 3169 1825 3229 pos·

152 3260 217 3327 tes,
243 3256 274 3310 et
298 3250 467 3308 universam
494 3243 621 3325 denique
647 3244 833 3307 nobilitatem
863 3242 957 3315 dedit,
1016 3249 1077 3309 sint
1101 3245 1221 3308 allicere
1242 3255 1346 3307 contre
1365 3245 1504 3307 hostilem
1527 3246 1692 3307 exereitum
1732 3240 1819 3301 llaec

152 3361 315 3422 omnesque
342 3338 382 3400 ad
406 3339 505 3401 sulam
528 3357 616 3399 suam
641 3339 792 3413 evocavit,
823 3346 855 3398 et
880 3358 957 3418 quus
1016 3347 1045 3402 et
1070 3340 1154 3419 plnra
1178 3342 1268 3400 etiam
1293 3359 1359 3399 cum
1379 3335 1533 3401 Basilides
1558 3340 1588 3399 iu
1609 3336 1753 3397 macione
1776 3331 1819 3392 di·

151 3438 250 3517 potuit
269 3435 383 3513 copias,
404 3433 543 3491 continuo
562 3433 751 3511 conscripsit,
772 3440 803 3490 ut
824 3440 854 3491 ct
870 3450 956 3491 arces
1015 3437 1126 3505 risset,
1151 3434 1252 3494 statim
1279 3435 1370 3493 etiam
1395 3435 1425 3492 in
1451 3430 1566 3492 bellum
1585 3427 1762 3491 Polouicnru
1780 3428 1824 3485 in·

151 3532 182 3590 in
201 3525 311 3589 linibus
332 3524 536 3584 Sarmatarum
555 3520 675 3583 firmimi
695 3521 845 3603 pracsidio
866 3527 956 3584 muni·
1016 3526 1155 3588 cumbere
1175 3527 1284 3607 coepit.
1324 3523 1443 3587 luteres
1463 3532 1563 3585 autem
1585 3519 1757 3583 insensilia
1770 3518 1826 3580 Be

150 3630 208 3697 ret,
229 3628 260 3681 et
277 3619 451 3700 repentinos
471 3615 600 3676 hostium
621 3618 761 3678 incursus
776 3615 956 3697 profligaret
1014 3623 1060 3700 gis
1087 3617 1237 3681 decretum
1263 3625 1340 3690 erat,
1365 3626 1399 3679 nt
1424 3616 1550 3679 Polocia
1580 3618 1713 3697 primum
1740 3632 1826 3695 oppu-

152 3716 227 3776 Gom
259 3711 370 3774 auxilia
399 3707 529 3790 undique
559 3707 688 3771 tuendae
718 3714 833 3791 patriae
860 3711 956 3791 gratia
1014 3721 1163 3793 gnaretur.
1203 3711 1281 3773 Nam
1301 3714 1479 3772 munitiones
1499 3732 1519 3770 s
1537 3716 1627 3788 tergo
1650 3707 1825 3789 relinquere,

151 3808 373 3876 convenissent,
394 3800 433 3866 ad
444 3805 619 3864 concionem
631 3802 751 3864 'milites
770 3813 869 3880 uocat,
889 3824 956 3866 eos·
1014 3808 1102 3869 nullis
1128 3826 1254 3887 unquam
1280 3804 1369 3867 bellis
1388 3808 1483 3884 gestis
1503 3802 1604 3864 luerat
1621 3800 1825 3871 observatos,

151 3893 956 3983 puerariisexhortationibusadpristinnmvirtutem,
1014 3909 1047 3963 et
1065 3909 1246 3974 commeatu,
1266 3898 1368 3970 milite,
1388 3897 1521 3971 auxiliis,
1547 3904 1683 3975 recepto
1703 3892 1824 3972 ulmique

152 4003 184 4056 et
203 3992 304 4055 odium
324 3992 527 4053 Sarmatarum
546 3991 663 4049 incitet.
704 3988 876 4070 Optandum
895 3991 956 4052 sibi
1014 3998 1081 4074 ipso
1100 3993 1178 4054 ultro
1197 4013 1233 4052 so
1253 3989 1412 4053 excludere
1437 3988 1735 4051 inconsultissinun
1752 3982 1824 4045 ride·

151 4087 263 4162 luisse,
288 4089 345 4157 ait,
367 4092 402 4146 ut
419 4082 458 4145 de
479 4103 515 4144 eo
536 4081 641 4143 liceret
659 4083 826 4157 consulere,
846 4082 956 4145 bellum
1014 4086 1111 4148 batur.
1163 4084 1258 4164 lgitur
1289 4105 1367 4147 nrrno
1401 4103 1492 4164 snpra
1518 4080 1721 4141 millesimum
1749 4080 1823 4160 quiu-

150 4201 188 4241 ne
207 4182 248 4241 sit
268 4199 334 4238 cum
347 4176 483 4251 Polocia,
503 4196 541 4235 an
560 4195 619 4255 pax
638 4173 786 4251 habenda,
805 4177 875 4257 quin
886 4197 957 4238 vero
1014 4183 1210 4259 gentesimun
1229 4181 1454 4260 septuagesimo
1476 4194 1568 4249 oooo,
1586 4173 1660 4235 Rex
1683 4174 1775 4235 lactis
1791 4170 1824 4231 sl

150 4273 192 4334 sit
216 4268 438 4350 repugnandum
461 4268 660 4345 instantibus,
679 4290 736 4330 nec
762 4290 816 4331 eos
837 4269 956 4351 quidem
1014 4272 1218 4352 imploratione
1243 4275 1310 4354 opis
1336 4269 1453 4332 divinae
1474 4268 1632 4351 principiis
1662 4287 1734 4329 cun
1753 4283 1822 4327 esen

153 4362 304 4438 debitore,
331 4365 380 4442 qui
406 4361 514 4426 saltem
541 4364 686 4425 communi
712 4383 804 4424 sensu
824 4372 954 4425 ntarrtur.
1015 4369 1077 4426 citu
1096 4366 1185 4445 longe
1205 4368 1334 4427 omniurn
1344 4365 1535 4425 ornatissimo
1545 4361 1636 4421 initio
1647 4364 1734 4423 ueris
1747 4361 1825 4421 sia·

152 4457 273 4541 Quippe
299 4452 444 4517 adversus
471 4453 586 4515 bostem
612 4458 641 4515 si
661 4465 809 4535 nequeant
834 4478 888 4538 pro
909 4478 955 4519 sa·
1014 4458 1053 4521 ad
1064 4456 1293 4541 oppugnandam
1306 4457 1459 4519 l’olociam
1478 4452 1638 4536 profectus
1662 4464 1725 4516 est.
1752 4452 1825 4531 Qse

151 4551 222 4626 lute,
243 4570 296 4632 pro
316 4548 428 4611 ultione
448 4555 546 4608 tamen
566 4545 652 4610 bruta
677 4550 839 4609 animantia
860 4553 954 4611 corni·
1013 4555 1092 4615 niam
1112 4573 1183 4613 vero
1204 4554 1350 4613 communi
1371 4552 1499 4611 ourrrium
1518 4545 1653 4608 consilio
1677 4548 1826 4611 conse&

150 4645 208 4706 bus
235 4642 417 4725 depugnare.
463 4640 602 4703 Ceterum
629 4639 689 4701 sihi
715 4660 784 4703 csse
811 4641 955 4704 victoriae
1013 4650 1053 4707 tia
1080 4645 1194 4706 viribus
1224 4654 1285 4706 tam
1311 4646 1425 4724 potenti
1449 4640 1577 4703 barbaro
1605 4638 1732 4703 bellun
1756 4648 1824 4701 aare

151 4736 305 4813 fiduciam,
325 4739 354 4797 si
374 4738 415 4797 sit
435 4735 494 4797 illis
515 4737 647 4797 animus:
666 4733 856 4814 Polonorque
877 4738 954 4797 vinci
1013 4742 1144 4820 marique
1165 4736 1205 4800 ad
1230 4737 1378 4819 publicam
1397 4736 1525 4797 salutem
1550 4731 1770 4811 iulerrebatuu,
1785 4728 1823 4793 id·

151 4852 243 4910 posse
269 4832 422 4909 cognitum
447 4848 507 4889 uon
533 4827 592 4888 tibi
620 4830 731 4907 mugit,
763 4846 850 4908 quw
876 4829 950 4909 ipsis
1013 4836 1094 4895 circo
1121 4831 1324 4894 conduxerant
1343 4828 1384 4891 sd
1404 4829 1520 4908 stegen
1539 4846 1578 4889 ex
1597 4829 1754 4893 omnibu
1773 4827 1828 4889 less

151 4922 304 4993 militibus,
325 4942 361 4983 ex
381 4921 559 4984 Smolenseo
582 4917 820 4996 sigismundum,
840 4940 876 4980 ex
896 4920 953 4984 Po·
1014 4925 1185 4988 nationibus
1212 4927 1312 4985 irn‘icti
1338 4933 1369 4984 et
1401 4923 1532 4984 illustres
1557 4920 1695 4985 militiae
1728 4922 1828 4985 dures

151 5014 229 5075 locis
260 5014 294 5074 S.
322 5017 509 5095 Augustum,
546 5035 582 5076 ex
614 5012 761 5076 Peroauls
795 5014 954 5080 llenricum
1014 5022 1063 5098 qui
1089 5016 1260 5101 expeditas,
1294 5038 1329 5078 cx
1355 5018 1432 5077 omni
1466 5015 1574 5078 bellico
1605 5028 1771 5100 apparatu
1795 5019 1829 5075 is
