<?xml version="1.0" encoding="UTF-8"?>
<!DOCTYPE html PUBLIC "-//W3C//DTD XHTML 1.0 Transitional//EN"
    "http://www.w3.org/TR/xhtml1/DTD/xhtml1-transitional.dtd">
<html xmlns="http://www.w3.org/1999/xhtml" xml:lang="en" lang="en">
 <head>
  <title>
</title>
<meta http-equiv="Content-Type" content="text/html;charset=utf-8" />
  <meta name='ocr-system' content='tesseract 3.04.00' />
  <meta name='ocr-capabilities' content='ocr_page ocr_carea ocr_par ocr_line ocrx_word'/>
</head>
<body>
  <div class='ocr_page' id='page_1' title='image "./historiaeruthen00stargoog_0134.png"; bbox 0 0 3742 5626; ppageno 0'>
   <div class='ocr_carea' id='block_1_1' title="bbox 335 908 1450 1039">
    <p class='ocr_par' dir='ltr' id='par_1_1' title="bbox 335 908 1450 1039">
     <span class='ocr_line' id='line_1_1' title="bbox 335 908 1450 1039; baseline 0.005 -10"><span class='ocrx_word' id='word_1_1' title='bbox 335 908 904 1030; x_wconf 71' lang='lat' dir='ltr'>JOANNIS</span> <span class='ocrx_word' id='word_1_2' title='bbox 1010 913 1450 1039; x_wconf 67' lang='lat' dir='ltr'><strong>melun</strong></span> 
     </span>
    </p>
   </div>
   <div class='ocr_carea' id='block_1_2' title="bbox 424 1422 1381 1572">
    <p class='ocr_par' dir='ltr' id='par_1_2' title="bbox 424 1422 1381 1572">
     <span class='ocr_line' id='line_1_2' title="bbox 424 1422 1381 1572; baseline 0.001 -4"><span class='ocrx_word' id='word_1_3' title='bbox 424 1422 1018 1571; x_wconf 73' lang='lat' dir='ltr'><strong>Mosttvltlltlilt</strong></span> <span class='ocrx_word' id='word_1_4' title='bbox 1061 1431 1381 1572; x_wconf 82' lang='lat' dir='ltr'><strong>llllbllilll.</strong></span> 
     </span>
    </p>
   </div>
   <div class='ocr_carea' id='block_1_3' title="bbox 37 1818 1737 1871">
    <p class='ocr_par' dir='ltr' id='par_1_3' title="bbox 37 1818 1737 1871">
     <span class='ocr_line' id='line_1_3' title="bbox 37 1818 1737 1871; baseline 0.008 -14"><span class='ocrx_word' id='word_1_5' title='bbox 37 1818 1737 1871; x_wconf 50' lang='lat' dir='ltr'><em>Q</em></span> 
     </span>
    </p>
   </div>
   <div class='ocr_carea' id='block_1_4' title="bbox 362 2228 1354 2335">
    <p class='ocr_par' dir='ltr' id='par_1_4' title="bbox 362 2228 1354 2335">
     <span class='ocr_line' id='line_1_4' title="bbox 362 2228 1354 2335; baseline -0.002 -8"><span class='ocrx_word' id='word_1_6' title='bbox 362 2228 651 2331; x_wconf 79' lang='lat' dir='ltr'><strong>llllltblllllllllll</strong></span> <span class='ocrx_word' id='word_1_7' title='bbox 692 2232 1009 2333; x_wconf 76' lang='lat' dir='ltr'><strong>ttstttlttttolt</strong></span> <span class='ocrx_word' id='word_1_8' title='bbox 1047 2236 1243 2335; x_wconf 83' lang='lat' dir='ltr'><strong>PlllllClPl</strong></span> <span class='ocrx_word' id='word_1_9' title='bbox 1275 2258 1354 2327; x_wconf 81' lang='lat' dir='ltr'><strong>unc</strong></span> 
     </span>
    </p>
   </div>
   <div class='ocr_carea' id='block_1_5' title="bbox 60 2584 1731 5155">
    <p class='ocr_par' dir='ltr' id='par_1_5' title="bbox 60 2584 1731 5155">
     <span class='ocr_line' id='line_1_5' title="bbox 62 2584 1730 2719; baseline 0.003 -22"><span class='ocrx_word' id='word_1_10' title='bbox 62 2584 169 2703; x_wconf 59' lang='lat' dir='ltr'><strong>(duit</strong></span> <span class='ocrx_word' id='word_1_11' title='bbox 188 2632 356 2698; x_wconf 82' lang='lat' dir='ltr'><strong>humaniter</strong></span> <span class='ocrx_word' id='word_1_12' title='bbox 374 2633 554 2710; x_wconf 83' lang='lat' dir='ltr'><strong>salutasses,</strong></span> <span class='ocrx_word' id='word_1_13' title='bbox 575 2655 612 2698; x_wconf 91' lang='lat' dir='ltr'><strong>ac</strong></span> <span class='ocrx_word' id='word_1_14' title='bbox 637 2636 794 2719; x_wconf 75' lang='lat' dir='ltr'><strong>magnifice</strong></span> <span class='ocrx_word' id='word_1_15' title='bbox 816 2656 870 2717; x_wconf 89' lang='lat' dir='ltr'><strong>pro</strong></span> <span class='ocrx_word' id='word_1_16' title='bbox 927 2640 971 2698; x_wconf 86' lang='lat' dir='ltr'><strong>ris</strong></span> <span class='ocrx_word' id='word_1_17' title='bbox 990 2636 1135 2711; x_wconf 82' lang='lat' dir='ltr'><strong>inciderit,</strong></span> <span class='ocrx_word' id='word_1_18' title='bbox 1156 2635 1187 2698; x_wconf 95' lang='lat' dir='ltr'><strong>id</strong></span> <span class='ocrx_word' id='word_1_19' title='bbox 1208 2634 1287 2719; x_wconf 86' lang='lat' dir='ltr'><strong>qnod</strong></span> <span class='ocrx_word' id='word_1_20' title='bbox 1307 2656 1365 2698; x_wconf 87' lang='lat' dir='ltr'><strong>usn</strong></span> <span class='ocrx_word' id='word_1_21' title='bbox 1390 2656 1447 2697; x_wconf 94' lang='lat' dir='ltr'><strong>non</strong></span> <span class='ocrx_word' id='word_1_22' title='bbox 1480 2640 1598 2719; x_wconf 84' lang='lat' dir='ltr'><strong>possis,</strong></span> <span class='ocrx_word' id='word_1_23' title='bbox 1623 2642 1730 2702; x_wconf 82' lang='lat' dir='ltr'><strong>saltem</strong></span> 
     </span>
     <span class='ocr_line' id='line_1_6' title="bbox 61 2726 1731 2815; baseline 0.005 -28"><span class='ocrx_word' id='word_1_24' title='bbox 61 2726 869 2813; x_wconf 74' lang='lat' dir='ltr'><strong>tegiolinteauimoaccepisses,serenissimePrinceps‚</strong></span> <span class='ocrx_word' id='word_1_25' title='bbox 928 2733 1126 2792; x_wconf 70' lang='lat' dir='ltr'><strong>monumentis</strong></span> <span class='ocrx_word' id='word_1_26' title='bbox 1146 2728 1325 2804; x_wconf 84' lang='lat' dir='ltr'><strong>admonitus,</strong></span> <span class='ocrx_word' id='word_1_27' title='bbox 1345 2732 1479 2811; x_wconf 84' lang='lat' dir='ltr'><strong>aequein</strong></span> <span class='ocrx_word' id='word_1_28' title='bbox 1491 2730 1586 2793; x_wconf 88' lang='lat' dir='ltr'><strong>lucem</strong></span> <span class='ocrx_word' id='word_1_29' title='bbox 1598 2732 1731 2815; x_wconf 83' lang='lat' dir='ltr'><strong>prolerre</strong></span> 
     </span>
     <span class='ocr_line' id='line_1_7' title="bbox 63 2816 1729 2905; baseline 0.005 -26"><span class='ocrx_word' id='word_1_30' title='bbox 63 2816 210 2885; x_wconf 84' lang='lat' dir='ltr'><strong>Oratores</strong></span> <span class='ocrx_word' id='word_1_31' title='bbox 221 2818 467 2893; x_wconf 84' lang='lat' dir='ltr'><strong>Mcseovitarum,</strong></span> <span class='ocrx_word' id='word_1_32' title='bbox 489 2824 609 2904; x_wconf 82' lang='lat' dir='ltr'><strong>quijam</strong></span> <span class='ocrx_word' id='word_1_33' title='bbox 631 2818 868 2885; x_wconf 77' lang='lat' dir='ltr'><strong>asacratissim&#39;a</strong></span> <span class='ocrx_word' id='word_1_34' title='bbox 927 2841 1030 2903; x_wconf 86' lang='lat' dir='ltr'><strong>queas,</strong></span> <span class='ocrx_word' id='word_1_35' title='bbox 1052 2821 1190 2905; x_wconf 82' lang='lat' dir='ltr'><strong>quicquid</strong></span> <span class='ocrx_word' id='word_1_36' title='bbox 1210 2832 1259 2886; x_wconf 86' lang='lat' dir='ltr'><strong>est</strong></span> <span class='ocrx_word' id='word_1_37' title='bbox 1284 2846 1320 2886; x_wconf 83' lang='lat' dir='ltr'><strong>ex</strong></span> <span class='ocrx_word' id='word_1_38' title='bbox 1338 2826 1430 2885; x_wconf 88' lang='lat' dir='ltr'><strong>variis</strong></span> <span class='ocrx_word' id='word_1_39' title='bbox 1458 2830 1623 2886; x_wconf 84' lang='lat' dir='ltr'><strong>exterorum</strong></span> <span class='ocrx_word' id='word_1_40' title='bbox 1644 2829 1729 2887; x_wconf 89' lang='lat' dir='ltr'><strong>mori·</strong></span> 
     </span>
     <span class='ocr_line' id='line_1_8' title="bbox 63 2910 1731 2999; baseline 0.002 -24"><span class='ocrx_word' id='word_1_41' title='bbox 63 2910 214 2976; x_wconf 74' lang='lat' dir='ltr'><strong>Caesarea</strong></span> <span class='ocrx_word' id='word_1_42' title='bbox 232 2918 392 2996; x_wconf 86' lang='lat' dir='ltr'><strong>majestate</strong></span> <span class='ocrx_word' id='word_1_43' title='bbox 413 2935 449 2975; x_wconf 88' lang='lat' dir='ltr'><strong>ex</strong></span> <span class='ocrx_word' id='word_1_44' title='bbox 467 2914 622 2997; x_wconf 85' lang='lat' dir='ltr'><strong>Hispaniis</strong></span> <span class='ocrx_word' id='word_1_45' title='bbox 642 2914 778 2987; x_wconf 83' lang='lat' dir='ltr'><strong>feliciter,</strong></span> <span class='ocrx_word' id='word_1_46' title='bbox 800 2936 866 2977; x_wconf 90' lang='lat' dir='ltr'><strong>cum</strong></span> <span class='ocrx_word' id='word_1_47' title='bbox 925 2914 993 2975; x_wconf 85' lang='lat' dir='ltr'><strong>bus.</strong></span> <span class='ocrx_word' id='word_1_48' title='bbox 1015 2914 1118 2994; x_wconf 80' lang='lat' dir='ltr'><strong>Quare</strong></span> <span class='ocrx_word' id='word_1_49' title='bbox 1138 2921 1255 2999; x_wconf 88' lang='lat' dir='ltr'><strong>etipse</strong></span> <span class='ocrx_word' id='word_1_50' title='bbox 1276 2916 1364 2979; x_wconf 78' lang='lat' dir='ltr'><strong>facile</strong></span> <span class='ocrx_word' id='word_1_51' title='bbox 1384 2923 1491 2989; x_wconf 78' lang='lat' dir='ltr'><strong>motus,</strong></span> <span class='ocrx_word' id='word_1_52' title='bbox 1511 2922 1609 2997; x_wconf 85' lang='lat' dir='ltr'><strong>atque,</strong></span> <span class='ocrx_word' id='word_1_53' title='bbox 1628 2925 1662 2977; x_wconf 89' lang='lat' dir='ltr'><strong>ut</strong></span> <span class='ocrx_word' id='word_1_54' title='bbox 1675 2936 1731 2999; x_wconf 87' lang='lat' dir='ltr'><strong>par</strong></span> 
     </span>
     <span class='ocr_line' id='line_1_9' title="bbox 62 3002 1729 3092; baseline 0.002 -26"><span class='ocrx_word' id='word_1_55' title='bbox 62 3010 94 3066; x_wconf 89' lang='lat' dir='ltr'><strong>et</strong></span> <span class='ocrx_word' id='word_1_56' title='bbox 110 3002 173 3067; x_wconf 91' lang='lat' dir='ltr'><strong>llllc</strong></span> <span class='ocrx_word' id='word_1_57' title='bbox 190 3004 332 3090; x_wconf 83' lang='lat' dir='ltr'><strong>pleraque</strong></span> <span class='ocrx_word' id='word_1_58' title='bbox 351 3008 448 3086; x_wconf 78' lang='lat' dir='ltr'><strong>magis</strong></span> <span class='ocrx_word' id='word_1_59' title='bbox 468 3010 556 3069; x_wconf 89' lang='lat' dir='ltr'><strong>etiam</strong></span> <span class='ocrx_word' id='word_1_60' title='bbox 576 3028 663 3091; x_wconf 86' lang='lat' dir='ltr'><strong>quam</strong></span> <span class='ocrx_word' id='word_1_61' title='bbox 675 3006 722 3071; x_wconf 87' lang='lat' dir='ltr'><strong>vel</strong></span> <span class='ocrx_word' id='word_1_62' title='bbox 732 3028 867 3091; x_wconf 85' lang='lat' dir='ltr'><strong>paresse</strong></span> <span class='ocrx_word' id='word_1_63' title='bbox 925 3016 998 3080; x_wconf 90' lang='lat' dir='ltr'><strong>erat,</strong></span> <span class='ocrx_word' id='word_1_64' title='bbox 1018 3013 1098 3070; x_wconf 88' lang='lat' dir='ltr'><strong>votis</strong></span> <span class='ocrx_word' id='word_1_65' title='bbox 1117 3012 1178 3071; x_wconf 85' lang='lat' dir='ltr'><strong>tuis</strong></span> <span class='ocrx_word' id='word_1_66' title='bbox 1198 3010 1409 3092; x_wconf 77' lang='lat' dir='ltr'><strong>obtemperavi,</strong></span> <span class='ocrx_word' id='word_1_67' title='bbox 1429 3012 1616 3070; x_wconf 72' lang='lat' dir='ltr'><strong>accessimus</strong></span> <span class='ocrx_word' id='word_1_68' title='bbox 1632 3010 1729 3083; x_wconf 82' lang='lat' dir='ltr'><strong>simul,</strong></span> 
     </span>
     <span class='ocr_line' id='line_1_10' title="bbox 61 3099 1729 3185; baseline 0.002 -26"><span class='ocrx_word' id='word_1_69' title='bbox 61 3100 166 3179; x_wconf 86' lang='lat' dir='ltr'><strong>possit.</strong></span> <span class='ocrx_word' id='word_1_70' title='bbox 187 3102 218 3161; x_wconf 94' lang='lat' dir='ltr'><strong>ln</strong></span> <span class='ocrx_word' id='word_1_71' title='bbox 238 3120 293 3162; x_wconf 88' lang='lat' dir='ltr'><strong>eos</strong></span> <span class='ocrx_word' id='word_1_72' title='bbox 313 3099 605 3177; x_wconf 79' lang='lat' dir='ltr'><strong>magnificentissima</strong></span> <span class='ocrx_word' id='word_1_73' title='bbox 625 3100 732 3163; x_wconf 88' lang='lat' dir='ltr'><strong>collata</strong></span> <span class='ocrx_word' id='word_1_74' title='bbox 754 3109 865 3174; x_wconf 86' lang='lat' dir='ltr'><strong>essent,</strong></span> <span class='ocrx_word' id='word_1_75' title='bbox 924 3104 1107 3183; x_wconf 83' lang='lat' dir='ltr'><strong>primumque</strong></span> <span class='ocrx_word' id='word_1_76' title='bbox 1127 3122 1203 3184; x_wconf 83' lang='lat' dir='ltr'><strong>qnae</strong></span> <span class='ocrx_word' id='word_1_77' title='bbox 1221 3104 1263 3164; x_wconf 90' lang='lat' dir='ltr'><strong>tui</strong></span> <span class='ocrx_word' id='word_1_78' title='bbox 1275 3104 1363 3163; x_wconf 91' lang='lat' dir='ltr'><strong>animi</strong></span> <span class='ocrx_word' id='word_1_79' title='bbox 1375 3104 1524 3163; x_wconf 87' lang='lat' dir='ltr'><strong>sententia</strong></span> <span class='ocrx_word' id='word_1_80' title='bbox 1537 3108 1629 3175; x_wconf 78' lang='lat' dir='ltr'><strong>esset,</strong></span> <span class='ocrx_word' id='word_1_81' title='bbox 1641 3106 1729 3185; x_wconf 66' lang='lat' dir='ltr'><strong>expui</strong></span> 
     </span>
     <span class='ocr_line' id='line_1_11' title="bbox 61 3191 1725 3277; baseline 0.001 -22"><span class='ocrx_word' id='word_1_82' title='bbox 61 3192 130 3255; x_wconf 84' lang='lat' dir='ltr'><strong>laeti</strong></span> <span class='ocrx_word' id='word_1_83' title='bbox 151 3191 192 3255; x_wconf 89' lang='lat' dir='ltr'><strong>ad</strong></span> <span class='ocrx_word' id='word_1_84' title='bbox 210 3200 241 3255; x_wconf 86' lang='lat' dir='ltr'><strong>te</strong></span> <span class='ocrx_word' id='word_1_85' title='bbox 261 3192 430 3274; x_wconf 80' lang='lat' dir='ltr'><strong>Tubingam</strong></span> <span class='ocrx_word' id='word_1_86' title='bbox 450 3192 600 3256; x_wconf 88' lang='lat' dir='ltr'><strong>redierant</strong></span> <span class='ocrx_word' id='word_1_87' title='bbox 628 3198 745 3265; x_wconf 87' lang='lat' dir='ltr'><strong>statim,</strong></span> <span class='ocrx_word' id='word_1_88' title='bbox 765 3202 799 3255; x_wconf 92' lang='lat' dir='ltr'><strong>ut</strong></span> <span class='ocrx_word' id='word_1_89' title='bbox 819 3202 867 3255; x_wconf 88' lang='lat' dir='ltr'><strong>est</strong></span> <span class='ocrx_word' id='word_1_90' title='bbox 924 3194 1053 3253; x_wconf 84' lang='lat' dir='ltr'><strong>suimus:</strong></span> <span class='ocrx_word' id='word_1_91' title='bbox 1075 3192 1106 3255; x_wconf 90' lang='lat' dir='ltr'><strong>id</strong></span> <span class='ocrx_word' id='word_1_92' title='bbox 1127 3192 1207 3277; x_wconf 81' lang='lat' dir='ltr'><strong>quod</strong></span> <span class='ocrx_word' id='word_1_93' title='bbox 1227 3203 1258 3256; x_wconf 90' lang='lat' dir='ltr'><strong>et</strong></span> <span class='ocrx_word' id='word_1_94' title='bbox 1276 3194 1462 3256; x_wconf 78' lang='lat' dir='ltr'><strong>illissumme</strong></span> <span class='ocrx_word' id='word_1_95' title='bbox 1480 3194 1661 3277; x_wconf 89' lang='lat' dir='ltr'><strong>placaverat,</strong></span> <span class='ocrx_word' id='word_1_96' title='bbox 1681 3202 1725 3257; x_wconf 83' lang='lat' dir='ltr'><strong>ta&#39;·</strong></span> 
     </span>
     <span class='ocr_line' id='line_1_12' title="bbox 62 3284 1727 3369; baseline -0.001 -20"><span class='ocrx_word' id='word_1_97' title='bbox 62 3285 302 3350; x_wconf 85' lang='lat' dir='ltr'><strong>excellentissimi</strong></span> <span class='ocrx_word' id='word_1_98' title='bbox 313 3290 355 3348; x_wconf 93' lang='lat' dir='ltr'><strong>tui</strong></span> <span class='ocrx_word' id='word_1_99' title='bbox 363 3289 472 3367; x_wconf 80' lang='lat' dir='ltr'><strong>ingenii</strong></span> <span class='ocrx_word' id='word_1_100' title='bbox 480 3286 674 3360; x_wconf 87' lang='lat' dir='ltr'><strong>cousuetudo,</strong></span> <span class='ocrx_word' id='word_1_101' title='bbox 682 3288 865 3359; x_wconf 85' lang='lat' dir='ltr'><strong>commisisti,</strong></span> <span class='ocrx_word' id='word_1_102' title='bbox 923 3285 962 3345; x_wconf 85' lang='lat' dir='ltr'><strong>lis</strong></span> <span class='ocrx_word' id='word_1_103' title='bbox 981 3284 1130 3369; x_wconf 81' lang='lat' dir='ltr'><strong>Principis</strong></span> <span class='ocrx_word' id='word_1_104' title='bbox 1156 3285 1285 3348; x_wconf 91' lang='lat' dir='ltr'><strong>indolem</strong></span> <span class='ocrx_word' id='word_1_105' title='bbox 1311 3304 1349 3346; x_wconf 90' lang='lat' dir='ltr'><strong>ac</strong></span> <span class='ocrx_word' id='word_1_106' title='bbox 1370 3288 1518 3367; x_wconf 74' lang='lat' dir='ltr'><strong>ingenium</strong></span> <span class='ocrx_word' id='word_1_107' title='bbox 1543 3286 1727 3350; x_wconf 86' lang='lat' dir='ltr'><strong>mirantibus.</strong></span> 
     </span>
     <span class='ocr_line' id='line_1_13' title="bbox 60 3377 1728 3464; baseline -0.001 -20"><span class='ocrx_word' id='word_1_108' title='bbox 60 3389 96 3444; x_wconf 79' lang='lat' dir='ltr'><strong>ut</strong></span> <span class='ocrx_word' id='word_1_109' title='bbox 114 3400 201 3463; x_wconf 81' lang='lat' dir='ltr'><strong>quam</strong></span> <span class='ocrx_word' id='word_1_110' title='bbox 220 3382 353 3463; x_wconf 86' lang='lat' dir='ltr'><strong>primum,</strong></span> <span class='ocrx_word' id='word_1_111' title='bbox 371 3400 484 3443; x_wconf 86' lang='lat' dir='ltr'><strong>mecum</strong></span> <span class='ocrx_word' id='word_1_112' title='bbox 506 3385 635 3464; x_wconf 86' lang='lat' dir='ltr'><strong>sumptis</strong></span> <span class='ocrx_word' id='word_1_113' title='bbox 653 3380 767 3463; x_wconf 75' lang='lat' dir='ltr'><strong>aliquot</strong></span> <span class='ocrx_word' id='word_1_114' title='bbox 795 3382 865 3441; x_wconf 89' lang='lat' dir='ltr'><strong>insi·</strong></span> <span class='ocrx_word' id='word_1_115' title='bbox 924 3377 973 3439; x_wconf 86' lang='lat' dir='ltr'><strong>De</strong></span> <span class='ocrx_word' id='word_1_116' title='bbox 992 3400 1050 3459; x_wconf 90' lang='lat' dir='ltr'><strong>quo</strong></span> <span class='ocrx_word' id='word_1_117' title='bbox 1071 3388 1102 3441; x_wconf 88' lang='lat' dir='ltr'><strong>et</strong></span> <span class='ocrx_word' id='word_1_118' title='bbox 1114 3380 1269 3461; x_wconf 91' lang='lat' dir='ltr'><strong>plurimum</strong></span> <span class='ocrx_word' id='word_1_119' title='bbox 1284 3381 1350 3460; x_wconf 77' lang='lat' dir='ltr'><strong>spei</strong></span> <span class='ocrx_word' id='word_1_120' title='bbox 1365 3378 1423 3439; x_wconf 84' lang='lat' dir='ltr'><strong>sibi</strong></span> <span class='ocrx_word' id='word_1_121' title='bbox 1436 3380 1569 3460; x_wconf 85' lang='lat' dir='ltr'><strong>polliceri</strong></span> <span class='ocrx_word' id='word_1_122' title='bbox 1580 3388 1728 3461; x_wconf 85' lang='lat' dir='ltr'><strong>poterant,</strong></span> 
     </span>
     <span class='ocr_line' id='line_1_14' title="bbox 62 3468 1729 3557; baseline -0.001 -22"><span class='ocrx_word' id='word_1_123' title='bbox 62 3472 180 3555; x_wconf 72' lang='lat' dir='ltr'><strong>guibus,</strong></span> <span class='ocrx_word' id='word_1_124' title='bbox 200 3476 249 3556; x_wconf 82' lang='lat' dir='ltr'><strong>qui</strong></span> <span class='ocrx_word' id='word_1_125' title='bbox 261 3470 432 3554; x_wconf 82' lang='lat' dir='ltr'><strong>hujusmodi</strong></span> <span class='ocrx_word' id='word_1_126' title='bbox 443 3475 571 3553; x_wconf 79' lang='lat' dir='ltr'><strong>negocio</strong></span> <span class='ocrx_word' id='word_1_127' title='bbox 591 3494 681 3557; x_wconf 93' lang='lat' dir='ltr'><strong>pares</strong></span> <span class='ocrx_word' id='word_1_128' title='bbox 693 3492 771 3539; x_wconf 89' lang='lat' dir='ltr'><strong>esse,</strong></span> <span class='ocrx_word' id='word_1_129' title='bbox 791 3474 866 3533; x_wconf 86' lang='lat' dir='ltr'><strong>viris</strong></span> <span class='ocrx_word' id='word_1_130' title='bbox 923 3469 1002 3552; x_wconf 79' lang='lat' dir='ltr'><strong>quod</strong></span> <span class='ocrx_word' id='word_1_131' title='bbox 1022 3492 1100 3532; x_wconf 85' lang='lat' dir='ltr'><strong>nnus</strong></span> <span class='ocrx_word' id='word_1_132' title='bbox 1120 3490 1209 3532; x_wconf 87' lang='lat' dir='ltr'><strong>esses</strong></span> <span class='ocrx_word' id='word_1_133' title='bbox 1234 3490 1271 3533; x_wconf 83' lang='lat' dir='ltr'><strong>ex</strong></span> <span class='ocrx_word' id='word_1_134' title='bbox 1302 3470 1454 3544; x_wconf 85' lang='lat' dir='ltr'><strong>omnibus,</strong></span> <span class='ocrx_word' id='word_1_135' title='bbox 1480 3468 1519 3533; x_wconf 91' lang='lat' dir='ltr'><strong>ad</strong></span> <span class='ocrx_word' id='word_1_136' title='bbox 1552 3492 1628 3554; x_wconf 78' lang='lat' dir='ltr'><strong>quos</strong></span> <span class='ocrx_word' id='word_1_137' title='bbox 1657 3477 1729 3555; x_wconf 84' lang='lat' dir='ltr'><strong>ipsi,</strong></span> 
     </span>
     <span class='ocr_line' id='line_1_15' title="bbox 61 3562 1729 3649; baseline -0.002 -20"><span class='ocrx_word' id='word_1_138' title='bbox 61 3575 125 3629; x_wconf 89' lang='lat' dir='ltr'><strong>tum</strong></span> <span class='ocrx_word' id='word_1_139' title='bbox 144 3564 277 3642; x_wconf 90' lang='lat' dir='ltr'><strong>eruditis,</strong></span> <span class='ocrx_word' id='word_1_140' title='bbox 296 3574 358 3628; x_wconf 90' lang='lat' dir='ltr'><strong>tum</strong></span> <span class='ocrx_word' id='word_1_141' title='bbox 378 3566 532 3629; x_wconf 85' lang='lat' dir='ltr'><strong>multarum</strong></span> <span class='ocrx_word' id='word_1_142' title='bbox 552 3584 648 3627; x_wconf 88' lang='lat' dir='ltr'><strong>rerum</strong></span> <span class='ocrx_word' id='word_1_143' title='bbox 668 3586 725 3627; x_wconf 91' lang='lat' dir='ltr'><strong>usu</strong></span> <span class='ocrx_word' id='word_1_144' title='bbox 750 3563 864 3649; x_wconf 88' lang='lat' dir='ltr'><strong>praedi·</strong></span> <span class='ocrx_word' id='word_1_145' title='bbox 923 3564 1011 3644; x_wconf 79' lang='lat' dir='ltr'><strong>longa</strong></span> <span class='ocrx_word' id='word_1_146' title='bbox 1032 3562 1150 3647; x_wconf 84' lang='lat' dir='ltr'><strong>quidem</strong></span> <span class='ocrx_word' id='word_1_147' title='bbox 1170 3562 1363 3645; x_wconf 85' lang='lat' dir='ltr'><strong>profectione,</strong></span> <span class='ocrx_word' id='word_1_148' title='bbox 1392 3584 1469 3645; x_wconf 86' lang='lat' dir='ltr'><strong>quae</strong></span> <span class='ocrx_word' id='word_1_149' title='bbox 1490 3566 1554 3647; x_wconf 83' lang='lat' dir='ltr'><strong>jam</strong></span> <span class='ocrx_word' id='word_1_150' title='bbox 1579 3564 1729 3627; x_wconf 85' lang='lat' dir='ltr'><strong>biennium</strong></span> 
     </span>
     <span class='ocr_line' id='line_1_16' title="bbox 61 3654 1727 3738; baseline -0.003 -15"><span class='ocrx_word' id='word_1_151' title='bbox 61 3665 111 3733; x_wconf 89' lang='lat' dir='ltr'><strong>tis,</strong></span> <span class='ocrx_word' id='word_1_152' title='bbox 129 3656 299 3724; x_wconf 72' lang='lat' dir='ltr'><strong>istiusmodi</strong></span> <span class='ocrx_word' id='word_1_153' title='bbox 317 3658 561 3730; x_wconf 76' lang='lat' dir='ltr'><strong>dioscoritarum,</strong></span> <span class='ocrx_word' id='word_1_154' title='bbox 581 3659 668 3720; x_wconf 89' lang='lat' dir='ltr'><strong>nobis</strong></span> <span class='ocrx_word' id='word_1_155' title='bbox 686 3660 866 3721; x_wconf 86' lang='lat' dir='ltr'><strong>Germanias</strong></span> <span class='ocrx_word' id='word_1_156' title='bbox 924 3656 1133 3738; x_wconf 86' lang='lat' dir='ltr'><strong>compleverat,</strong></span> <span class='ocrx_word' id='word_1_157' title='bbox 1153 3654 1191 3719; x_wconf 88' lang='lat' dir='ltr'><strong>ab</strong></span> <span class='ocrx_word' id='word_1_158' title='bbox 1212 3654 1337 3719; x_wconf 80' lang='lat' dir='ltr'><strong>Oriente</strong></span> <span class='ocrx_word' id='word_1_159' title='bbox 1356 3654 1437 3717; x_wconf 83' lang='lat' dir='ltr'><strong>facts</strong></span> <span class='ocrx_word' id='word_1_160' title='bbox 1463 3658 1494 3717; x_wconf 91' lang='lat' dir='ltr'><strong>in</strong></span> <span class='ocrx_word' id='word_1_161' title='bbox 1521 3654 1727 3731; x_wconf 79' lang='lat' dir='ltr'><strong>Occidentem,</strong></span> 
     </span>
     <span class='ocr_line' id='line_1_17' title="bbox 62 3746 1729 3836; baseline -0.004 -20"><span class='ocrx_word' id='word_1_162' title='bbox 62 3757 134 3816; x_wconf 88' lang='lat' dir='ltr'><strong>viris</strong></span> <span class='ocrx_word' id='word_1_163' title='bbox 152 3756 235 3835; x_wconf 86' lang='lat' dir='ltr'><strong>prius</strong></span> <span class='ocrx_word' id='word_1_164' title='bbox 255 3750 412 3815; x_wconf 82' lang='lat' dir='ltr'><strong>admodum</strong></span> <span class='ocrx_word' id='word_1_165' title='bbox 434 3755 649 3835; x_wconf 73' lang='lat' dir='ltr'><strong>incognitorum</strong></span> <span class='ocrx_word' id='word_1_166' title='bbox 660 3758 864 3836; x_wconf 83' lang='lat' dir='ltr'><strong>percontaret:</strong></span> <span class='ocrx_word' id='word_1_167' title='bbox 924 3748 1106 3813; x_wconf 86' lang='lat' dir='ltr'><strong>diverterant</strong></span> <span class='ocrx_word' id='word_1_168' title='bbox 1124 3746 1339 3832; x_wconf 74' lang='lat' dir='ltr'><strong>hospitalitatis</strong></span> <span class='ocrx_word' id='word_1_169' title='bbox 1354 3753 1424 3830; x_wconf 84' lang='lat' dir='ltr'><strong>jure</strong></span> <span class='ocrx_word' id='word_1_170' title='bbox 1441 3750 1658 3831; x_wconf 87' lang='lat' dir='ltr'><strong>antiquissimo,</strong></span> <span class='ocrx_word' id='word_1_171' title='bbox 1679 3753 1729 3831; x_wconf 84' lang='lat' dir='ltr'><strong>qul</strong></span> 
     </span>
     <span class='ocr_line' id='line_1_18' title="bbox 60 3840 1729 3931; baseline -0.005 -19"><span class='ocrx_word' id='word_1_172' title='bbox 60 3847 151 3931; x_wconf 80' lang='lat' dir='ltr'><strong>idque</strong></span> <span class='ocrx_word' id='word_1_173' title='bbox 169 3858 222 3911; x_wconf 90' lang='lat' dir='ltr'><strong>tuo</strong></span> <span class='ocrx_word' id='word_1_174' title='bbox 242 3848 360 3907; x_wconf 90' lang='lat' dir='ltr'><strong>nominc</strong></span> <span class='ocrx_word' id='word_1_175' title='bbox 379 3848 530 3925; x_wconf 78' lang='lat' dir='ltr'><strong>originem,</strong></span> <span class='ocrx_word' id='word_1_176' title='bbox 551 3850 641 3918; x_wconf 87' lang='lat' dir='ltr'><strong>ritus,</strong></span> <span class='ocrx_word' id='word_1_177' title='bbox 664 3864 779 3917; x_wconf 88' lang='lat' dir='ltr'><strong>mores,</strong></span> <span class='ocrx_word' id='word_1_178' title='bbox 799 3844 865 3906; x_wconf 92' lang='lat' dir='ltr'><strong>reli·</strong></span> <span class='ocrx_word' id='word_1_179' title='bbox 924 3847 1023 3925; x_wconf 79' lang='lat' dir='ltr'><strong>gentis</strong></span> <span class='ocrx_word' id='word_1_180' title='bbox 1042 3864 1117 3905; x_wconf 87' lang='lat' dir='ltr'><strong>suae</strong></span> <span class='ocrx_word' id='word_1_181' title='bbox 1134 3844 1218 3903; x_wconf 90' lang='lat' dir='ltr'><strong>varia</strong></span> <span class='ocrx_word' id='word_1_182' title='bbox 1238 3840 1474 3922; x_wconf 79' lang='lat' dir='ltr'><strong>amplecteretur.</strong></span> <span class='ocrx_word' id='word_1_183' title='bbox 1496 3840 1602 3923; x_wconf 82' lang='lat' dir='ltr'><strong>ltaque</strong></span> <span class='ocrx_word' id='word_1_184' title='bbox 1621 3844 1729 3927; x_wconf 83' lang='lat' dir='ltr'><strong>stipsi</strong></span> 
     </span>
     <span class='ocr_line' id='line_1_19' title="bbox 61 3932 1729 4023; baseline -0.002 -22"><span class='ocrx_word' id='word_1_185' title='bbox 61 3945 181 4023; x_wconf 75' lang='lat' dir='ltr'><strong>gionem</strong></span> <span class='ocrx_word' id='word_1_186' title='bbox 199 3947 289 4021; x_wconf 83' lang='lat' dir='ltr'><strong>etque</strong></span> <span class='ocrx_word' id='word_1_187' title='bbox 307 3936 339 3999; x_wconf 93' lang='lat' dir='ltr'><strong>id</strong></span> <span class='ocrx_word' id='word_1_188' title='bbox 359 3958 454 4019; x_wconf 70' lang='lat' dir='ltr'><strong>genus</strong></span> <span class='ocrx_word' id='word_1_189' title='bbox 473 3939 542 4013; x_wconf 90' lang='lat' dir='ltr'><strong>alia,</strong></span> <span class='ocrx_word' id='word_1_190' title='bbox 575 3936 655 4023; x_wconf 84' lang='lat' dir='ltr'><strong>qnod</strong></span> <span class='ocrx_word' id='word_1_191' title='bbox 683 3946 714 4000; x_wconf 90' lang='lat' dir='ltr'><strong>et</strong></span> <span class='ocrx_word' id='word_1_192' title='bbox 738 3936 778 4000; x_wconf 90' lang='lat' dir='ltr'><strong>ob</strong></span> <span class='ocrx_word' id='word_1_193' title='bbox 807 3938 866 4000; x_wconf 89' lang='lat' dir='ltr'><strong>buc</strong></span> <span class='ocrx_word' id='word_1_194' title='bbox 923 3936 1034 3998; x_wconf 89' lang='lat' dir='ltr'><strong>talibus</strong></span> <span class='ocrx_word' id='word_1_195' title='bbox 1053 3935 1190 3997; x_wconf 86' lang='lat' dir='ltr'><strong>benevoli</strong></span> <span class='ocrx_word' id='word_1_196' title='bbox 1210 3932 1291 4007; x_wconf 81' lang='lat' dir='ltr'><strong>lacti,</strong></span> <span class='ocrx_word' id='word_1_197' title='bbox 1310 3932 1382 3995; x_wconf 89' lang='lat' dir='ltr'><strong>nibil</strong></span> <span class='ocrx_word' id='word_1_198' title='bbox 1407 3936 1527 3995; x_wconf 91' lang='lat' dir='ltr'><strong>omnino</strong></span> <span class='ocrx_word' id='word_1_199' title='bbox 1552 3954 1653 3997; x_wconf 86' lang='lat' dir='ltr'><strong>eorum</strong></span> <span class='ocrx_word' id='word_1_200' title='bbox 1677 3935 1729 3998; x_wconf 90' lang='lat' dir='ltr'><strong>ob·</strong></span> 
     </span>
     <span class='ocr_line' id='line_1_20' title="bbox 61 4025 1729 4115; baseline -0.004 -18"><span class='ocrx_word' id='word_1_201' title='bbox 61 4031 152 4097; x_wconf 77' lang='lat' dir='ltr'><strong>facile</strong></span> <span class='ocrx_word' id='word_1_202' title='bbox 171 4029 233 4090; x_wconf 81' lang='lat' dir='ltr'><strong>beri</strong></span> <span class='ocrx_word' id='word_1_203' title='bbox 253 4038 379 4115; x_wconf 87' lang='lat' dir='ltr'><strong>poterat,</strong></span> <span class='ocrx_word' id='word_1_204' title='bbox 399 4035 538 4114; x_wconf 82' lang='lat' dir='ltr'><strong>quoniam</strong></span> <span class='ocrx_word' id='word_1_205' title='bbox 558 4035 720 4112; x_wconf 86' lang='lat' dir='ltr'><strong>interprete</strong></span> <span class='ocrx_word' id='word_1_206' title='bbox 742 4028 864 4095; x_wconf 89' lang='lat' dir='ltr'><strong>uteban·</strong></span> <span class='ocrx_word' id='word_1_207' title='bbox 924 4028 1057 4092; x_wconf 80' lang='lat' dir='ltr'><strong>licebant</strong></span> <span class='ocrx_word' id='word_1_208' title='bbox 1076 4048 1152 4111; x_wconf 82' lang='lat' dir='ltr'><strong>qnae</strong></span> <span class='ocrx_word' id='word_1_209' title='bbox 1173 4025 1399 4109; x_wconf 74' lang='lat' dir='ltr'><strong>praerebamus,</strong></span> <span class='ocrx_word' id='word_1_210' title='bbox 1419 4048 1521 4089; x_wconf 84' lang='lat' dir='ltr'><strong>verum</strong></span> <span class='ocrx_word' id='word_1_211' title='bbox 1541 4032 1640 4091; x_wconf 90' lang='lat' dir='ltr'><strong>omnia</strong></span> <span class='ocrx_word' id='word_1_212' title='bbox 1660 4048 1729 4091; x_wconf 73' lang='lat' dir='ltr'><strong>arm</strong></span> 
     </span>
     <span class='ocr_line' id='line_1_21' title="bbox 61 4118 1727 4205; baseline -0.004 -17"><span class='ocrx_word' id='word_1_213' title='bbox 61 4136 111 4188; x_wconf 91' lang='lat' dir='ltr'><strong>tur</strong></span> <span class='ocrx_word' id='word_1_214' title='bbox 131 4125 206 4205; x_wconf 82' lang='lat' dir='ltr'><strong>ipsi:</strong></span> <span class='ocrx_word' id='word_1_215' title='bbox 236 4126 285 4204; x_wconf 86' lang='lat' dir='ltr'><strong>qui</strong></span> <span class='ocrx_word' id='word_1_216' title='bbox 309 4143 373 4185; x_wconf 83' lang='lat' dir='ltr'><strong>euru</strong></span> <span class='ocrx_word' id='word_1_217' title='bbox 394 4132 425 4187; x_wconf 89' lang='lat' dir='ltr'><strong>ct</strong></span> <span class='ocrx_word' id='word_1_218' title='bbox 452 4132 540 4187; x_wconf 86' lang='lat' dir='ltr'><strong>natus</strong></span> <span class='ocrx_word' id='word_1_219' title='bbox 569 4124 741 4189; x_wconf 87' lang='lat' dir='ltr'><strong>Moseovitu</strong></span> <span class='ocrx_word' id='word_1_220' title='bbox 771 4132 866 4197; x_wconf 85' lang='lat' dir='ltr'><strong>esset,</strong></span> <span class='ocrx_word' id='word_1_221' title='bbox 924 4120 1046 4184; x_wconf 80' lang='lat' dir='ltr'><strong>foenore</strong></span> <span class='ocrx_word' id='word_1_222' title='bbox 1064 4119 1241 4182; x_wconf 86' lang='lat' dir='ltr'><strong>reddebant.</strong></span> <span class='ocrx_word' id='word_1_223' title='bbox 1278 4118 1361 4181; x_wconf 91' lang='lat' dir='ltr'><strong>ldem</strong></span> <span class='ocrx_word' id='word_1_224' title='bbox 1388 4128 1419 4182; x_wconf 90' lang='lat' dir='ltr'><strong>et</strong></span> <span class='ocrx_word' id='word_1_225' title='bbox 1439 4120 1568 4201; x_wconf 79' lang='lat' dir='ltr'><strong>egotibi</strong></span> <span class='ocrx_word' id='word_1_226' title='bbox 1590 4122 1727 4185; x_wconf 82' lang='lat' dir='ltr'><strong>facturus</strong></span> 
     </span>
     <span class='ocr_line' id='line_1_22' title="bbox 61 4210 1729 4300; baseline 0.001 -20"><span class='ocrx_word' id='word_1_227' title='bbox 61 4224 182 4300; x_wconf 91' lang='lat' dir='ltr'><strong>praeter</strong></span> <span class='ocrx_word' id='word_1_228' title='bbox 191 4235 276 4277; x_wconf 89' lang='lat' dir='ltr'><strong>suam</strong></span> <span class='ocrx_word' id='word_1_229' title='bbox 287 4216 473 4280; x_wconf 85' lang='lat' dir='ltr'><strong>remaculam</strong></span> <span class='ocrx_word' id='word_1_230' title='bbox 492 4218 622 4299; x_wconf 76' lang='lat' dir='ltr'><strong>linguam</strong></span> <span class='ocrx_word' id='word_1_231' title='bbox 642 4226 673 4281; x_wconf 94' lang='lat' dir='ltr'><strong>et</strong></span> <span class='ocrx_word' id='word_1_232' title='bbox 688 4218 867 4283; x_wconf 85' lang='lat' dir='ltr'><strong>Germanice</strong></span> <span class='ocrx_word' id='word_1_233' title='bbox 923 4216 1117 4277; x_wconf 87' lang='lat' dir='ltr'><strong>serenissime</strong></span> <span class='ocrx_word' id='word_1_234' title='bbox 1127 4214 1280 4294; x_wconf 79' lang='lat' dir='ltr'><strong>Princeps,</strong></span> <span class='ocrx_word' id='word_1_235' title='bbox 1294 4232 1352 4293; x_wconf 79' lang='lat' dir='ltr'><strong>quo</strong></span> <span class='ocrx_word' id='word_1_236' title='bbox 1366 4210 1729 4294; x_wconf 68' lang='lat' dir='ltr'><strong>ordinepribnsvcloois.</strong></span> 
     </span>
     <span class='ocr_line' id='line_1_23' title="bbox 62 4302 1728 4389; baseline -0.005 -13"><span class='ocrx_word' id='word_1_237' title='bbox 62 4322 94 4376; x_wconf 88' lang='lat' dir='ltr'><strong>et</strong></span> <span class='ocrx_word' id='word_1_238' title='bbox 112 4311 220 4374; x_wconf 78' lang='lat' dir='ltr'><strong>Latine</strong></span> <span class='ocrx_word' id='word_1_239' title='bbox 239 4307 428 4371; x_wconf 84' lang='lat' dir='ltr'><strong>mediocriter</strong></span> <span class='ocrx_word' id='word_1_240' title='bbox 445 4310 583 4375; x_wconf 88' lang='lat' dir='ltr'><strong>callebat.</strong></span> <span class='ocrx_word' id='word_1_241' title='bbox 619 4310 670 4374; x_wconf 89' lang='lat' dir='ltr'><strong>0b</strong></span> <span class='ocrx_word' id='word_1_242' title='bbox 690 4309 721 4372; x_wconf 88' lang='lat' dir='ltr'><strong>id</strong></span> <span class='ocrx_word' id='word_1_243' title='bbox 741 4316 867 4374; x_wconf 81' lang='lat' dir='ltr'><strong>maxime</strong></span> <span class='ocrx_word' id='word_1_244' title='bbox 923 4310 1063 4370; x_wconf 83' lang='lat' dir='ltr'><strong>universa</strong></span> <span class='ocrx_word' id='word_1_245' title='bbox 1082 4305 1252 4389; x_wconf 71' lang='lat' dir='ltr'><strong>huiusmodi</strong></span> <span class='ocrx_word' id='word_1_246' title='bbox 1271 4302 1420 4366; x_wconf 91' lang='lat' dir='ltr'><strong>bominum</strong></span> <span class='ocrx_word' id='word_1_247' title='bbox 1446 4308 1475 4366; x_wconf 92' lang='lat' dir='ltr'><strong>in</strong></span> <span class='ocrx_word' id='word_1_248' title='bbox 1495 4306 1643 4387; x_wconf 89' lang='lat' dir='ltr'><strong>publicum</strong></span> <span class='ocrx_word' id='word_1_249' title='bbox 1663 4326 1728 4387; x_wconf 83' lang='lat' dir='ltr'><strong>prc-</strong></span> 
     </span>
     <span class='ocr_line' id='line_1_24' title="bbox 63 4398 1727 4487; baseline -0.006 -19"><span class='ocrx_word' id='word_1_250' title='bbox 63 4403 243 4469; x_wconf 90' lang='lat' dir='ltr'><strong>desiderasti</strong></span> <span class='ocrx_word' id='word_1_251' title='bbox 262 4401 410 4485; x_wconf 87' lang='lat' dir='ltr'><strong>Princeps</strong></span> <span class='ocrx_word' id='word_1_252' title='bbox 436 4407 628 4468; x_wconf 84' lang='lat' dir='ltr'><strong>serenissime</strong></span> <span class='ocrx_word' id='word_1_253' title='bbox 651 4406 755 4487; x_wconf 87' lang='lat' dir='ltr'><strong>procul</strong></span> <span class='ocrx_word' id='word_1_254' title='bbox 775 4404 866 4468; x_wconf 88' lang='lat' dir='ltr'><strong>dubio</strong></span> <span class='ocrx_word' id='word_1_255' title='bbox 924 4402 993 4465; x_wconf 79' lang='lat' dir='ltr'><strong>ferri</strong></span> <span class='ocrx_word' id='word_1_256' title='bbox 1013 4409 1151 4485; x_wconf 76' lang='lat' dir='ltr'><strong>possiunt,</strong></span> <span class='ocrx_word' id='word_1_257' title='bbox 1171 4404 1259 4462; x_wconf 87' lang='lat' dir='ltr'><strong>etiam</strong></span> <span class='ocrx_word' id='word_1_258' title='bbox 1280 4402 1393 4480; x_wconf 85' lang='lat' dir='ltr'><strong>majora</strong></span> <span class='ocrx_word' id='word_1_259' title='bbox 1409 4416 1494 4479; x_wconf 76' lang='lat' dir='ltr'><strong>qurum</strong></span> <span class='ocrx_word' id='word_1_260' title='bbox 1511 4398 1552 4457; x_wconf 93' lang='lat' dir='ltr'><strong>illi</strong></span> <span class='ocrx_word' id='word_1_261' title='bbox 1566 4398 1727 4458; x_wconf 80' lang='lat' dir='ltr'><strong>retulenrnt</strong></span> 
     </span>
     <span class='ocr_line' id='line_1_25' title="bbox 63 4489 1728 4581; baseline -0.007 -20"><span class='ocrx_word' id='word_1_262' title='bbox 63 4500 149 4561; x_wconf 88' lang='lat' dir='ltr'><strong>sicui</strong></span> <span class='ocrx_word' id='word_1_263' title='bbox 160 4495 236 4559; x_wconf 78' lang='lat' dir='ltr'><strong>forte</strong></span> <span class='ocrx_word' id='word_1_264' title='bbox 247 4500 350 4559; x_wconf 90' lang='lat' dir='ltr'><strong>mirum</strong></span> <span class='ocrx_word' id='word_1_265' title='bbox 370 4494 530 4572; x_wconf 80' lang='lat' dir='ltr'><strong>videretur,</strong></span> <span class='ocrx_word' id='word_1_266' title='bbox 556 4520 614 4581; x_wconf 89' lang='lat' dir='ltr'><strong>quo</strong></span> <span class='ocrx_word' id='word_1_267' title='bbox 633 4503 743 4563; x_wconf 84' lang='lat' dir='ltr'><strong>certior</strong></span> <span class='ocrx_word' id='word_1_268' title='bbox 759 4498 866 4573; x_wconf 82' lang='lat' dir='ltr'><strong>factus,</strong></span> <span class='ocrx_word' id='word_1_269' title='bbox 924 4496 995 4557; x_wconf 91' lang='lat' dir='ltr'><strong>nibil</strong></span> <span class='ocrx_word' id='word_1_270' title='bbox 1015 4497 1185 4576; x_wconf 79' lang='lat' dir='ltr'><strong>relinquens</strong></span> <span class='ocrx_word' id='word_1_271' title='bbox 1214 4491 1264 4554; x_wconf 87' lang='lat' dir='ltr'><strong>fidi</strong></span> <span class='ocrx_word' id='word_1_272' title='bbox 1285 4494 1455 4573; x_wconf 85' lang='lat' dir='ltr'><strong>interpretis</strong></span> <span class='ocrx_word' id='word_1_273' title='bbox 1475 4508 1595 4549; x_wconf 79' lang='lat' dir='ltr'><strong>murrrere</strong></span> <span class='ocrx_word' id='word_1_274' title='bbox 1615 4489 1728 4551; x_wconf 82' lang='lat' dir='ltr'><strong>iuncin-</strong></span> 
     </span>
     <span class='ocr_line' id='line_1_26' title="bbox 64 4584 1727 4675; baseline -0.007 -20"><span class='ocrx_word' id='word_1_275' title='bbox 64 4590 321 4675; x_wconf 79' lang='lat' dir='ltr'><strong>cumquibusnam</strong></span> <span class='ocrx_word' id='word_1_276' title='bbox 341 4589 508 4653; x_wconf 85' lang='lat' dir='ltr'><strong>olimdivus</strong></span> <span class='ocrx_word' id='word_1_277' title='bbox 524 4590 866 4655; x_wconf 81' lang='lat' dir='ltr'><strong>Cacsnrbiaximilianus</strong></span> <span class='ocrx_word' id='word_1_278' title='bbox 924 4610 987 4651; x_wconf 89' lang='lat' dir='ltr'><strong>mm</strong></span> <span class='ocrx_word' id='word_1_279' title='bbox 1009 4608 1162 4671; x_wconf 84' lang='lat' dir='ltr'><strong>exponam.</strong></span> <span class='ocrx_word' id='word_1_280' title='bbox 1193 4586 1295 4646; x_wconf 88' lang='lat' dir='ltr'><strong>Primo</strong></span> <span class='ocrx_word' id='word_1_281' title='bbox 1315 4588 1415 4664; x_wconf 79' lang='lat' dir='ltr'><strong>iterprc</strong></span> <span class='ocrx_word' id='word_1_282' title='bbox 1435 4584 1562 4640; x_wconf 83' lang='lat' dir='ltr'><strong>omnium</strong></span> <span class='ocrx_word' id='word_1_283' title='bbox 1583 4590 1643 4641; x_wconf 88' lang='lat' dir='ltr'><strong>tom</strong></span> <span class='ocrx_word' id='word_1_284' title='bbox 1659 4603 1727 4643; x_wconf 83' lang='lat' dir='ltr'><strong>con·</strong></span> 
     </span>
     <span class='ocr_line' id='line_1_27' title="bbox 64 4675 1727 4765; baseline -0.007 -17"><span class='ocrx_word' id='word_1_285' title='bbox 64 4706 139 4748; x_wconf 87' lang='lat' dir='ltr'><strong>avus</strong></span> <span class='ocrx_word' id='word_1_286' title='bbox 159 4694 229 4748; x_wconf 91' lang='lat' dir='ltr'><strong>tuns</strong></span> <span class='ocrx_word' id='word_1_287' title='bbox 251 4703 303 4765; x_wconf 94' lang='lat' dir='ltr'><strong>pro</strong></span> <span class='ocrx_word' id='word_1_288' title='bbox 324 4688 470 4747; x_wconf 89' lang='lat' dir='ltr'><strong>communi</strong></span> <span class='ocrx_word' id='word_1_289' title='bbox 489 4684 568 4763; x_wconf 87' lang='lat' dir='ltr'><strong>Rep.</strong></span> <span class='ocrx_word' id='word_1_290' title='bbox 601 4683 707 4747; x_wconf 80' lang='lat' dir='ltr'><strong>foedus</strong></span> <span class='ocrx_word' id='word_1_291' title='bbox 736 4686 863 4747; x_wconf 83' lang='lat' dir='ltr'><strong>iniisset</strong></span> <span class='ocrx_word' id='word_1_292' title='bbox 924 4702 1027 4763; x_wconf 75' lang='lat' dir='ltr'><strong>gruum</strong></span> <span class='ocrx_word' id='word_1_293' title='bbox 1046 4692 1108 4743; x_wconf 90' lang='lat' dir='ltr'><strong>tum</strong></span> <span class='ocrx_word' id='word_1_294' title='bbox 1126 4678 1329 4741; x_wconf 77' lang='lat' dir='ltr'><strong>necessarium</strong></span> <span class='ocrx_word' id='word_1_295' title='bbox 1350 4675 1524 4735; x_wconf 83' lang='lat' dir='ltr'><strong>mibivisum</strong></span> <span class='ocrx_word' id='word_1_296' title='bbox 1545 4680 1727 4754; x_wconf 79' lang='lat' dir='ltr'><strong>utqnaeno·</strong></span> 
     </span>
     <span class='ocr_line' id='line_1_28' title="bbox 64 4762 1725 4861; baseline -0.007 -21"><span class='ocrx_word' id='word_1_297' title='bbox 64 4778 141 4840; x_wconf 79' lang='lat' dir='ltr'><strong>Tum</strong></span> <span class='ocrx_word' id='word_1_298' title='bbox 160 4776 242 4841; x_wconf 90' lang='lat' dir='ltr'><strong>aliud</strong></span> <span class='ocrx_word' id='word_1_299' title='bbox 263 4786 319 4852; x_wconf 89' lang='lat' dir='ltr'><strong>est,</strong></span> <span class='ocrx_word' id='word_1_300' title='bbox 339 4776 419 4861; x_wconf 84' lang='lat' dir='ltr'><strong>quod</strong></span> <span class='ocrx_word' id='word_1_301' title='bbox 440 4777 516 4840; x_wconf 88' lang='lat' dir='ltr'><strong>lorte</strong></span> <span class='ocrx_word' id='word_1_302' title='bbox 535 4776 603 4837; x_wconf 90' lang='lat' dir='ltr'><strong>buic</strong></span> <span class='ocrx_word' id='word_1_303' title='bbox 627 4781 670 4839; x_wconf 92' lang='lat' dir='ltr'><strong>rei</strong></span> <span class='ocrx_word' id='word_1_304' title='bbox 696 4781 865 4859; x_wconf 89' lang='lat' dir='ltr'><strong>perquiren·</strong></span> <span class='ocrx_word' id='word_1_305' title='bbox 925 4778 1013 4837; x_wconf 80' lang='lat' dir='ltr'><strong>minis</strong></span> <span class='ocrx_word' id='word_1_306' title='bbox 1033 4774 1192 4857; x_wconf 87' lang='lat' dir='ltr'><strong>appellatio</strong></span> <span class='ocrx_word' id='word_1_307' title='bbox 1214 4770 1283 4830; x_wconf 89' lang='lat' dir='ltr'><strong>buie</strong></span> <span class='ocrx_word' id='word_1_308' title='bbox 1295 4770 1374 4847; x_wconf 76' lang='lat' dir='ltr'><strong>genti</strong></span> <span class='ocrx_word' id='word_1_309' title='bbox 1388 4767 1496 4826; x_wconf 80' lang='lat' dir='ltr'><strong>existat</strong></span> <span class='ocrx_word' id='word_1_310' title='bbox 1511 4762 1599 4827; x_wconf 87' lang='lat' dir='ltr'><strong>bodie</strong></span> <span class='ocrx_word' id='word_1_311' title='bbox 1611 4772 1725 4849; x_wconf 78' lang='lat' dir='ltr'><strong>passim</strong></span> 
     </span>
     <span class='ocr_line' id='line_1_29' title="bbox 64 4858 1730 4953; baseline -0.007 -19"><span class='ocrx_word' id='word_1_312' title='bbox 64 4871 121 4935; x_wconf 86' lang='lat' dir='ltr'><strong>dae</strong></span> <span class='ocrx_word' id='word_1_313' title='bbox 139 4874 208 4953; x_wconf 89' lang='lat' dir='ltr'><strong>plns</strong></span> <span class='ocrx_word' id='word_1_314' title='bbox 228 4871 344 4935; x_wconf 88' lang='lat' dir='ltr'><strong>addidit</strong></span> <span class='ocrx_word' id='word_1_315' title='bbox 364 4871 513 4947; x_wconf 87' lang='lat' dir='ltr'><strong>desiderii,</strong></span> <span class='ocrx_word' id='word_1_316' title='bbox 534 4880 567 4933; x_wconf 91' lang='lat' dir='ltr'><strong>nt</strong></span> <span class='ocrx_word' id='word_1_317' title='bbox 587 4891 653 4932; x_wconf 88' lang='lat' dir='ltr'><strong>cnm</strong></span> <span class='ocrx_word' id='word_1_318' title='bbox 666 4870 733 4932; x_wconf 91' lang='lat' dir='ltr'><strong>olim</strong></span> <span class='ocrx_word' id='word_1_319' title='bbox 755 4874 785 4933; x_wconf 94' lang='lat' dir='ltr'><strong>in</strong></span> <span class='ocrx_word' id='word_1_320' title='bbox 797 4892 864 4933; x_wconf 91' lang='lat' dir='ltr'><strong>con·</strong></span> <span class='ocrx_word' id='word_1_321' title='bbox 924 4868 1028 4945; x_wconf 81' lang='lat' dir='ltr'><strong>uulgo:</strong></span> <span class='ocrx_word' id='word_1_322' title='bbox 1049 4876 1110 4927; x_wconf 90' lang='lat' dir='ltr'><strong>tum</strong></span> <span class='ocrx_word' id='word_1_323' title='bbox 1131 4884 1207 4947; x_wconf 85' lang='lat' dir='ltr'><strong>qnae</strong></span> <span class='ocrx_word' id='word_1_324' title='bbox 1227 4864 1327 4942; x_wconf 67' lang='lat' dir='ltr'><strong>prisca</strong></span> <span class='ocrx_word' id='word_1_325' title='bbox 1346 4858 1441 4931; x_wconf 83' lang='lat' dir='ltr'><strong>luerit,</strong></span> <span class='ocrx_word' id='word_1_326' title='bbox 1461 4859 1603 4933; x_wconf 83' lang='lat' dir='ltr'><strong>reseram,</strong></span> <span class='ocrx_word' id='word_1_327' title='bbox 1621 4860 1672 4923; x_wconf 79' lang='lat' dir='ltr'><strong>urbi</strong></span> <span class='ocrx_word' id='word_1_328' title='bbox 1697 4872 1730 4924; x_wconf 87' lang='lat' dir='ltr'><strong>et</strong></span> 
     </span>
     <span class='ocr_line' id='line_1_30' title="bbox 64 4951 1728 5047; baseline -0.007 -21"><span class='ocrx_word' id='word_1_329' title='bbox 64 4976 153 5029; x_wconf 83' lang='lat' dir='ltr'><strong>ventu</strong></span> <span class='ocrx_word' id='word_1_330' title='bbox 172 4968 220 5029; x_wconf 82' lang='lat' dir='ltr'><strong>vel</strong></span> <span class='ocrx_word' id='word_1_331' title='bbox 241 4966 395 5028; x_wconf 89' lang='lat' dir='ltr'><strong>doctorum</strong></span> <span class='ocrx_word' id='word_1_332' title='bbox 407 4966 565 5041; x_wconf 87' lang='lat' dir='ltr'><strong>bominum,</strong></span> <span class='ocrx_word' id='word_1_333' title='bbox 585 4965 634 5028; x_wconf 88' lang='lat' dir='ltr'><strong>ubi</strong></span> <span class='ocrx_word' id='word_1_334' title='bbox 648 4965 785 5047; x_wconf 81' lang='lat' dir='ltr'><strong>frequens</strong></span> <span class='ocrx_word' id='word_1_335' title='bbox 797 4984 866 5027; x_wconf 88' lang='lat' dir='ltr'><strong>esse</strong></span> <span class='ocrx_word' id='word_1_336' title='bbox 926 4962 1069 5023; x_wconf 82' lang='lat' dir='ltr'><strong>maximus</strong></span> <span class='ocrx_word' id='word_1_337' title='bbox 1088 4958 1177 5019; x_wconf 86' lang='lat' dir='ltr'><strong>nobis</strong></span> <span class='ocrx_word' id='word_1_338' title='bbox 1196 4955 1282 5017; x_wconf 85' lang='lat' dir='ltr'><strong>labor</strong></span> <span class='ocrx_word' id='word_1_339' title='bbox 1300 4951 1451 5013; x_wconf 83' lang='lat' dir='ltr'><strong>incumbit</strong></span> <span class='ocrx_word' id='word_1_340' title='bbox 1482 4951 1516 5014; x_wconf 93' lang='lat' dir='ltr'><strong>lu</strong></span> <span class='ocrx_word' id='word_1_341' title='bbox 1538 4953 1728 5016; x_wconf 78' lang='lat' dir='ltr'><strong>conterendis</strong></span> 
     </span>
     <span class='ocr_line' id='line_1_31' title="bbox 64 5048 1727 5155; baseline -0.007 -35"><span class='ocrx_word' id='word_1_342' title='bbox 64 5062 155 5133; x_wconf 89' lang='lat' dir='ltr'><strong>soles,</strong></span> <span class='ocrx_word' id='word_1_343' title='bbox 176 5060 223 5120; x_wconf 85' lang='lat' dir='ltr'><strong>vel</strong></span> <span class='ocrx_word' id='word_1_344' title='bbox 246 5064 417 5155; x_wconf 77' lang='lat' dir='ltr'><strong>principun,</strong></span> <span class='ocrx_word' id='word_1_345' title='bbox 438 5063 547 5124; x_wconf 84' lang='lat' dir='ltr'><strong>mentio</strong></span> <span class='ocrx_word' id='word_1_346' title='bbox 565 5058 709 5141; x_wconf 82' lang='lat' dir='ltr'><strong>qrraedam</strong></span> <span class='ocrx_word' id='word_1_347' title='bbox 731 5054 768 5119; x_wconf 93' lang='lat' dir='ltr'><strong>de</strong></span> <span class='ocrx_word' id='word_1_348' title='bbox 790 5064 866 5119; x_wconf 84' lang='lat' dir='ltr'><strong>crte·</strong></span> <span class='ocrx_word' id='word_1_349' title='bbox 926 5074 1052 5135; x_wconf 88' lang='lat' dir='ltr'><strong>namque</strong></span> <span class='ocrx_word' id='word_1_350' title='bbox 1077 5051 1124 5112; x_wconf 83' lang='lat' dir='ltr'><strong>vel</strong></span> <span class='ocrx_word' id='word_1_351' title='bbox 1142 5050 1325 5111; x_wconf 82' lang='lat' dir='ltr'><strong>Graecorum</strong></span> <span class='ocrx_word' id='word_1_352' title='bbox 1349 5068 1414 5109; x_wconf 89' lang='lat' dir='ltr'><strong>cum</strong></span> <span class='ocrx_word' id='word_1_353' title='bbox 1435 5048 1551 5110; x_wconf 72' lang='lat' dir='ltr'><strong>latinis</strong></span> <span class='ocrx_word' id='word_1_354' title='bbox 1572 5068 1727 5108; x_wconf 80' lang='lat' dir='ltr'><strong>monrrmen</strong></span> 
     </span>
    </p>
   </div>
   <div class='ocr_carea' id='block_1_6' title="bbox 0 0 1877 5626">
    <p class='ocr_par' dir='ltr' id='par_1_6' title="bbox 0 0 1877 5626">
     <span class='ocr_line' id='line_1_32' title="bbox 0 0 1877 5626; baseline 0 0"><span class='ocrx_word' id='word_1_355' title='bbox 0 0 1877 5626; x_wconf 95' lang='lat' dir='ltr'><strong> </strong></span> 
     </span>
    </p>
   </div>
  </div>
 </body>
</html>
