3742 5626
121 216 180 281 88
673 232 679 265 ¹
748 216 878 281 esum
896 216 1162 284 obtendenti

126 382 326 462 significabat,
346 404 381 444 ae
400 385 430 445 in
449 383 567 445 ultimas
578 389 717 445 terrarum
731 403 849 444 suarum
866 404 929 462 pro·
952 366 964 439 l
987 387 1018 442 te
1037 383 1075 445 ad
1095 383 1167 445 illud
1188 385 1324 445 eximium
1347 386 1444 462 regiae
1464 384 1617 463 dignitatis
1634 382 1800 462 fastigium,

125 478 241 539 rincim
264 477 425 550 abiturum,
456 498 660 558 necunquam
686 479 929 558 inconspectum
987 476 1066 556 quod
1089 483 1245 559 tantopere
1280 474 1447 552 affectasti,
1479 497 1558 538 nunc
1588 474 1714 537 tande-
1742 496 1799 537 ma·

125 570 241 633 illorum
260 568 409 631 boninum
429 578 461 629 et
479 570 658 652 proditorum
672 590 866 643 reverserun,
879 571 929 651 qui
986 570 1095 647 guilice
1114 572 1218 640 erexi,
1239 571 1293 630 sed
1315 590 1373 631 non
1395 571 1533 649 regnabis
1553 569 1616 641 diu,
1637 589 1699 629 nee
1718 569 1799 650 plara

124 663 293 743 Principem
313 672 471 743 quaerant,
491 665 540 725 oui
551 665 706 745 imperent,
721 668 752 725 et
761 684 848 744 quem
862 684 929 725 euru
985 662 1173 742 proloeutus,
1213 665 1350 724 miserum
1386 682 1488 722 senem
1529 664 1714 723 acutissimo
1742 663 1797 723 telo

128 758 187 818 uita
207 756 393 837 fortunisque
413 756 550 818 omuibus
570 776 705 818 eversum
725 757 827 817 veliet.
853 756 928 818 con·
985 756 1086 815 statim
1107 758 1270 826 transfixit,
1297 766 1359 815 tum
1386 776 1457 816 uero
1478 755 1628 837 Principis
1650 756 1796 817 satellites

125 851 266 911 sternatis
286 849 325 910 ad
344 869 410 912 sum
432 851 564 910 mutium
585 849 704 930 populis
715 851 864 921 omnibus,
879 849 928 909 de·
985 849 1080 908 ooeisi
1100 848 1229 909 nadaver
1247 832 1441 909 mibcrabilem
1464 850 1494 908 in
1515 848 1638 910 modun
1660 848 1742 911 t'erro
1758 850 1791 911 la·

126 942 255 1003 cernitur
274 944 304 1003 in
325 942 461 1017 coneilio,
481 941 641 1021 rogandum
662 963 734 1003 esso
755 943 928 1020 Principem,
984 947 1170 1001 ceraveruut:
1190 962 1247 1002 nee
1278 941 1388 1021 aliquid
1419 941 1570 1003 bominum
1602 941 1788 1021 pecudumve

125 1040 159 1097 ut
182 1034 220 1095 ud
245 1036 358 1117 inperii
383 1035 584 1114 guiteruaoula
608 1044 782 1111 reuertatur,
802 1054 859 1095 neo
878 1033 927 1094 de·
984 1032 1014 1092 iu
1034 1031 1143 1094 familia
1168 1035 1248 1095 illius
1274 1034 1343 1106 l'uit,
1369 1033 1450 1114 quod
1475 1054 1533 1094 uon
1554 1044 1788 1097 consu-cretas

126 1133 206 1189 serat
222 1129 346 1208 patriam
365 1134 396 1188 et
413 1130 499 1189 eires
516 1148 601 1189 suos.
623 1127 712 1189 Missi
728 1130 827 1209 itaquo
844 1126 927 1188 luere
984 1124 1128 1188 llomiues
1148 1129 1225 1188 enirn
1244 1134 1396 1188 trecentos
1415 1128 1523 1206 ligneis
1542 1130 1644 1207 septis
1663 1130 1789 1193 indures

124 1218 337 1301 Arcbipraesul
361 1219 621 1300 Norogardensis,
653 1221 823 1303 Episcopus
855 1224 926 1281 item
983 1222 1014 1278 et
1032 1218 1183 1281 substrato
1203 1223 1392 1281 tormentatio
1407 1221 1528 1301 puluere
1538 1219 1699 1285 Basilides
1719 1244 1790 1285 ea}

125 1311 349 1389 Susdalicusis,
375 1315 482 1376 Abbns
507 1312 717 1397 Trojeceusis,
747 1315 777 1373 in
804 1334 927 1395 quoru·
983 1310 1090 1371 bussit.
1135 1312 1263 1375 Uxorem
1284 1312 1443 1393 gravidam,
1463 1321 1494 1374 et
1513 1316 1661 1396 innuptas
1683 1316 1791 1398 aliquot

124 1407 266 1466 comdatu
285 1409 369 1466 eraut
392 1405 474 1467 Caes
495 1409 603 1468 ivenus
626 1407 788 1478 Bielseius,
809 1405 926 1486 dequo
952 1422 956 1487 q
983 1404 1101 1485 puellus
1127 1408 1258 1467 moriens
1284 1407 1458 1487 reliquerat,
1484 1427 1559 1486 quas
1584 1408 1738 1470 satellites
1756 1409 1790 1471 ad

124 1497 246 1559 interius
275 1499 405 1570 dicetur,
437 1498 520 1561 Cues
549 1498 660 1562 luanus
689 1499 927 1569 Metiszelorius,
983 1503 1116 1578 stuprum
1146 1499 1227 1577 prius
1255 1504 1369 1580 raptus,
1406 1501 1592 1562 membratim
1625 1500 1790 1584 discerpse-

121 1592 235 1654 anuulli
262 1593 337 1672 regii
368 1600 486 1668 mistos,
517 1592 624 1655 luanus
660 1592 859 1667 Viscoratus,
896 1600 927 1652 et
982 1595 1061 1653 suut.
1099 1589 1259 1653 Nessana
1279 1591 1603 1665 Caesarinillubrorii‚
1623 1598 1674 1674 qui
1698 1616 1790 1656 aauu

124 1685 265 1750 Andreas
287 1685 437 1757 Basilius,
464 1705 520 1746 cos
546 1705 651 1747 omues
677 1688 708 1746 in
733 1691 926 1764 conspectum
982 1682 1041 1743 lun
1072 1685 1183 1762 regium
1214 1684 1411 1756 custodiebat,
1442 1686 1545 1746 raelior
1573 1685 1695 1749 lortaua
1725 1688 1789 1749 isit.

123 1800 208 1841 anun
233 1778 383 1840 sil-isson
408 1779 489 1857 gravi
515 1777 615 1839 babitu
640 1780 772 1840 emtione
797 1778 926 1838 acerbis-
981 1775 1037 1837 lile
1068 1776 1270 1855 indiligentiae
1298 1787 1474 1850 accusabis,
1505 1779 1592 1860 quasi
1632 1781 1663 1841 io
1704 1779 1790 1844 Lire

124 1872 200 1932 sisae
227 1871 407 1954 objurgavit,
432 1870 626 1952 proditionem
653 1877 684 1933 et
702 1871 855 1954 pertidia·
879 1872 926 1931 eis
981 1870 1081 1929 uieusi
1116 1870 1245 1950 quadem
1283 1870 1474 1954 expeditione
1502 1878 1653 1934 tormenta
1683 1873 1789 1936 bellica

123 1964 291 2047 objectans,
311 1970 343 2027 et
361 1966 410 2025 via
431 1963 550 2025 lauden
569 1966 683 2043 magnis
705 1952 925 2046 supplicationi·
980 1961 1096 2023 tardius
1120 1965 1335 2042 pro-orisset,
1358 1966 1462 2025 mortis
1486 1971 1649 2046 propterea
1672 1980 1787 2030 sulm·

120 2056 178 2119 bus
198 2063 247 2119 est
264 2055 428 2134 adductus,
449 2063 482 2118 ut
499 2056 539 2118 ad
558 2059 640 2135 regni
660 2057 774 2119 clarum
799 2063 925 2119 reverte
980 2055 1050 2115 tiam
1070 2054 1177 2127 subiit,
1204 2061 1234 2116 et
1260 2077 1327 2116 cum
1353 2055 1469 2117 duobus
1490 2058 1559 2119 liliis
1579 2059 1786 2125 crudeliuiae

120 2153 209 2217 retur,
230 2149 312 2231 qued
325 2170 512 2231 nequaquan
530 2171 568 2212 se
591 2150 735 2212 iacturu-
749 2150 923 2226 affirmabat,
980 2155 1028 2208 cst
1047 2148 1229 2210 interfectus.
1269 2147 1415 2232 Maiore·
1442 2156 1513 2211 natu
1536 2153 1701 2217 carnifices
1722 2175 1785 2236 qua

119 2241 178 2303 nisi
209 2243 292 2321 prius
314 2242 511 2326 jurejurando
535 2244 619 2304 eires
645 2246 748 2305 iterun
774 2258 848 2306 sese
873 2244 924 2304 ob·
979 2245 1046 2301 tuor
1063 2242 1139 2302 rotis
1158 2242 1249 2304 tibula
1267 2246 1413 2304 connexis
1432 2243 1583 2322 alligatum
1605 2246 1639 2306 in
1666 2254 1785 2329 quatuor

119 2334 327 2412 strinximnt,
359 2356 396 2399 se
428 2336 576 2418 Principis
607 2337 688 2398 dicto
710 2357 858 2418 nunquam
879 2358 923 2399 re·
979 2344 1083 2415 partes
1108 2334 1347 2417 discerpserunt:
1373 2339 1416 2398 ite
1439 2342 1473 2397 ut
1491 2335 1652 2401 Basilides
1673 2344 1784 2403 aramis

118 2433 311 2509 pugnaturos.
350 2429 478 2507 [regatis
496 2428 617 2511 publico
638 2431 767 2491 omnium
788 2431 922 2492 ordinum
978 2426 1086 2489 similis
1119 2429 1290 2489 carnificum
1319 2428 1500 2508 diligentiam
1523 2430 1736 2507 admiraretur,
1758 2446 1785 2495 et

117 2539 156 2582 ac
175 2517 359 2582 subditorum
379 2540 530 2581 consensu
551 2521 726 2603 obsequium
753 2524 921 2603 promitten-
977 2518 1073 2580 ed'use
1096 2519 1220 2596 rideret,
1247 2528 1422 2585 assentante
1451 2524 1540 2584 ema
1564 2527 1650 2587 omui
1669 2528 1784 2589 cireen·

117 2612 215 2686 tibus,
233 2632 373 2675 reversus
391 2619 441 2675 cst
460 2614 490 2674 iu
508 2613 610 2675 urben
630 2614 793 2687 Basilides,
811 2617 920 2695 insigni
976 2614 1117 2675 stantium
1136 2613 1334 2676 multitudine.
1372 2614 1439 2687 Nee
1471 2617 1551 2677 enin
1575 2619 1722 2699 cuiquam
1738 2621 1783 2681 rel

209 2705 325 2769 laetitia
350 2707 473 2778 cirion,
499 2707 550 2787 qul
574 2727 611 2768 se
635 2727 743 2788 magun
764 2713 843 2770 metu
861 2729 921 2771 ma·
977 2716 1069 2786 gestu
1098 2706 1147 2767 vel
1175 2713 1248 2768 nutu
1279 2709 1400 2787 egregia
1431 2707 1582 2792 Principia
1622 2710 1709 2775 taeta
1738 2713 1782 2774 im

115 2819 234 2882 guoque
252 2800 385 2883 periodo
405 2798 548 2861 liberatos
567 2800 772 2879 opinabantur.
811 2803 857 2863 lbi
875 2803 921 2864 dr·
976 2799 1101 2879 probare
1119 2799 1244 2870 licebat,
1263 2800 1321 2861 uisi
1340 2801 1465 2863 eandem
1486 2802 1564 2865 lortc
1583 2804 1782 2868 catum

114 2892 250 2955 misaimo
269 2893 393 2955 duorum
414 2892 534 2954 millium
555 2893 817 2976 scloppetsriorun
837 2916 921 2978 prae·
976 2894 1102 2975 experiri
1133 2893 1233 2955 vellet.
1283 2892 1361 2955 Nam
1392 2901 1423 2956 et
1453 2914 1601 2975 coryoeos
1637 2904 1671 2959 et
1698 2917 1781 2979 sym

115 2986 192 3048 sidio
212 2989 353 3057 munitus,
372 3006 557 3066 nequaquan
577 2987 771 3068 adpublicam
791 2989 920 3050 salutem
975 2985 1103 3066 pbantas
1123 2986 1235 3060 alebat,
1259 2988 1309 3066 qui
1335 2988 1425 3049 etium
1448 2987 1528 3070 apud
1547 2987 1694 3067 seminas,
1713 2990 1781 3072 qaid

115 3086 146 3142 et
170 3079 286 3141 lauden
312 3079 510 3157 cogitationes
535 3081 694 3156 conuertit,
713 3079 769 3141 sed
800 3084 919 3159 cognito
974 3079 1013 3139 de
1033 3078 1172 3159 Principe
1191 3078 1395 3160 loquerentur,
1420 3080 1558 3142 studiose
1582 3083 1780 3164 iuquirebant

113 3171 154 3234 de
177 3193 213 3235 se
236 3171 417 3250 singulum·
438 3171 572 3254 judicio,
598 3173 628 3232 in
653 3193 740 3232 uuam
767 3172 918 3236 cobortem
973 3169 1010 3233 Si
1029 3191 1106 3252 quae
1125 3177 1225 3231 antem
1244 3193 1297 3252 per
1315 3172 1434 3252 linguae
1452 3176 1556 3235 vitium
1572 3181 1625 3235 aut
1643 3176 1777 3254 indigea-

112 3286 184 3342 eos,
210 3267 260 3346 qui
286 3265 326 3326 de
349 3265 490 3344 Principe
515 3263 619 3325 durius
651 3265 763 3346 opinati
793 3265 917 3341 lucrant,
971 3266 1082 3325 tionem
1108 3263 1259 3344 Principis
1282 3286 1381 3327 mores
1407 3269 1573 3350 carpsisset,
1599 3269 1700 3327 atati·
1732 3267 1775 3328 ad

112 3359 283 3428 contribuit,
314 3365 366 3419 aut
396 3362 605 3419 cousummms
631 3376 702 3427 eos,
726 3363 777 3418 aut
803 3359 832 3418 in
853 3359 917 3420 ulti-
971 3357 1068 3417 aulem
1088 3360 1235 3438 pertracta
1249 3359 1412 3439 vitiataque
1426 3357 1670 3443 suspendebatur.
1689 3358 1776 3422 Non·

111 3471 173 3513 nas
193 3455 288 3511 terras
307 3448 501 3528 relegaturus.
543 3447 672 3535 Jamque
697 3449 777 3510 lueto
800 3452 858 3512 sibi
878 3454 917 3514 ad
970 3447 1068 3511 nullas
1095 3450 1136 3509 ita
1161 3455 1306 3528 exceptas
1336 3473 1426 3534 supra
1448 3472 1572 3515 meum
1585 3451 1727 3525 vinnm,
1745 3456 1778 3515 in

111 3541 298 3606 macilentam
318 3541 503 3622 tyrannide·
528 3541 611 3604 aditu
636 3542 789 3604 crudelem
813 3543 913 3607 adrno·
971 3542 1079 3623 quibus
1098 3541 1283 3622 prandebant
1302 3547 1537 3629 coenabeutque,
1555 3544 1705 3627 suspendi
1712 3549 1777 3630 jus

109 3635 180 3699 dam
209 3634 356 3697 aduersus
384 3634 523 3698 subditas
547 3636 746 3698 carnificina·
773 3641 914 3714 exercuit,
969 3637 1027 3712 sit,
1045 3640 1076 3696 et
1101 3634 1244 3699 foetentia
1264 3640 1328 3720 jum
1355 3637 1502 3701 caderem
1526 3645 1561 3700 ut
1579 3637 1727 3702 deludere
1745 3642 1777 3702 li·

108 3750 162 3810 per
181 3748 361 3792 summorum
380 3735 471 3810 atquo
490 3728 655 3791 infimorum
674 3730 771 3810 capita
795 3752 849 3813 pro
869 3754 913 3794 ar·
968 3739 1065 3800 oeret,
1083 3726 1114 3788 id
1134 3730 1182 3790 vis
1203 3732 1327 3809 magnis'
1337 3731 1609 3813 supplicationibus
1627 3733 1775 3814 impetras·

107 3824 193 3886 bibio
213 3844 270 3887 suo
289 3831 457 3902 gressum
968 3828 1096 3902 poteratt
1122 3842 1179 3883 neo
1203 3822 1275 3884 viris
1300 3826 1404 3897 edam,
1424 3824 1494 3884 du·
1511 3845 1626 3887 uxores
1643 3827 1685 3888 ibi
1705 3848 1774 3911 pea-

182 3917 349 3980 Rostoviao
367 3914 533 3998 Principem
553 3918 584 3976 in
603 3914 674 3976 iano
692 3914 828 3978 dioeudis
847 3938 911 4000 pre
967 3915 1086 3985 decent,
1104 3913 1166 3975 ullo
1185 3915 1244 3976 alio
1263 3915 1293 3976 in
1315 3916 1381 3978 loco
1402 3919 1500 3980 cibum
1518 3936 1630 3999 capere
1654 3919 1774 3995 licebat,

107 4012 194 4073 cibus
219 4013 362 4072 innon·
387 4009 506 4071 eatenis
531 4009 634 4069 uinciri
649 4010 758 4091 jussit,
784 4031 911 4091 suaque
966 4009 994 4068 si
1023 4006 1203 4088 deprebensi
1232 4006 1378 4086 luissent,
1406 4010 1500 4073 multo
1525 4010 1651 4074 loed’mri
1669 4014 1773 4076 Μία

106 4105 204 4186 capite
232 4108 398 4164 tnrncatun
424 4103 454 4162 in
480 4101 598 4182 Volgus
623 4100 713 4162 undis
731 4103 910 4167 submersit:
964 4119 1075 4179 genem
1099 4099 1321 4163 occidebantur.
1360 4104 1418 4165 Per
1449 4105 1622 4184 provincias
1649 4107 1710 4169 iter
1733 4107 1772 4168 la

104 4195 213 4256 deinde
250 4197 388 4256 familiam
418 4196 530 4255 innoxii
564 4213 742 4274 aggressus,
771 4193 909 4260 honines
964 4197 1065 4264 ciens,
1094 4194 1122 4253 si
1151 4213 1228 4272 quas
1247 4194 1277 4252 iu
1302 4196 1351 4257 ria
1375 4197 1492 4258 nobiles
1510 4203 1663 4262 matronas
1682 4200 1772 4263 ufsa-

104 4294 221 4349 oeutura
243 4288 444 4348 acerbissimis
463 4287 621 4368 suppliciis
641 4287 681 4348 de
696 4287 793 4349 aredio
808 4303 908 4352 sustu·
963 4287 1075 4361 disset,
1100 4305 1156 4346 eas
1180 4286 1315 4347 restibus
1340 4290 1484 4369 spoliatas
1509 4289 1619 4353 mediis
1644 4294 1676 4355 iu
1703 4294 1769 4356 uiri·

101 4382 145 4444 lit
183 4380 230 4443 Eo
256 4382 344 4441 etiam
369 4385 515 4459 tenpore,
540 4401 598 4462 quo
626 4379 661 4441 S.
686 4381 845 4460 Augustus
875 4384 907 4444 in
963 4381 1021 4441 bus
1048 4378 1159 4440 tandm
1189 4379 1286 4441 nudas
1305 4383 1473 4446 consistere
1494 4384 1639 4460 cogebat,
1673 4385 1768 4448 nosce

102 4478 216 4558 eampis
247 4472 545 4537 Rudoscoviensibus
581 4493 646 4532 oum
678 4475 809 4535 exercitu
841 4475 906 4549 tuit,
962 4494 1030 4535 eum
1049 4473 1130 4533 omni
1149 4474 1290 4534 comitatu
1317 4474 1413 4537 aulico
1439 4478 1654 4556 praeteriisset.
1696 4478 1770 4541 See·

101 4570 269 4634 Palatinum
298 4568 391 4628 totius
418 4564 552 4626 Russiae
583 4585 751 4647 supremum
781 4564 904 4630 lraunm
959 4588 1023 4629 run
1043 4566 1122 4626 enim
1141 4565 1248 4626 oeulos
1267 4565 1318 4627 toli
1338 4569 1512 4650 spectaculo
1532 4570 1729 4652 perlubeuter
1742 4586 1770 4634 et

100 4663 301 4727 Petrovieiurn
319 4661 405 4721 talsis
430 4660 559 4719 testibus
583 4658 760 4740 proditionis
785 4660 903 4722 insi-n·
959 4657 1150 4739 cupidissime
1172 4660 1324 4737 pascebat.

98 4757 205 4830 latua,
225 4756 264 4819 ad
284 4775 357 4818 sese
374 4751 601 4814 inbloseorian
627 4752 772 4824 evocarit,
797 4754 848 4833 qui
864 4754 903 4815 si·
929 4740 932 4749 ¹
1035 4749 1093 4812 llis
1118 4750 1343 4830 indignitatibus
1370 4756 1508 4816 commoti
1538 4756 1659 4819 coivere
1692 4779 1770 4823 aueo

98 4850 158 4909 nul
183 4872 220 4913 ae
245 4848 476 4933 comparuisset,
500 4846 583 4925 regia
611 4866 741 4928 purpura
770 4844 903 4925 indutus,
958 4845 1147 4925 sexagesimo
1173 4847 1300 4926 septimo
1324 4850 1503 4931 praecipuae
1533 4850 1702 4914 nobilitatis
1732 4855 1769 4916 ci

96 4951 306 5024 mbr-que
329 4962 367 5004 ae
395 4939 532 5002 diadema
557 4959 675 4999 sunere
695 4941 819 5021 jussus,
838 4945 901 5001 tau·
958 4941 1004 5000 ris
1036 4937 1162 5000 lacrimis
1194 4958 1262 5001 eun
1295 4940 1506 5020 deprecantes,
1530 4950 1564 5004 ut
1587 4944 1680 5007 line·
1707 4952 1768 5009 tas

146 5034 303 5097 ¹ssulrlino
320 5037 350 5095 in
370 5033 447 5095 soire
468 5052 591 5113 genens
600 5037 791 5114 tremensque
811 5033 900 5095 collo
955 5031 1025 5093 dem
1055 5031 1225 5111 tyrannidis
1254 5032 1380 5105 taceret,
1406 5035 1566 5117 aliquando
1585 5037 1768 5103 clementiae

174 5130 259 5187 reat.
298 5126 424 5188 seen·
437 5146 603 5187 conuersas
620 5123 786 5201 Basilides,
804 5125 898 5199 salvs,
954 5125 1135 5206 pietatisque
1158 5126 1356 5202 meminisset,
1382 5131 1545 5210 respiceret
1575 5130 1765 5196 subditorun

174 5222 202 5293 t,
224 5218 419 5282 invidissime
442 5218 612 5282 Remorum
632 5217 762 5291 Cumas,
782 5239 821 5281 ea
839 5238 896 5299 ego
950 5218 1078 5289 asinas,
1096 5218 1148 5299 qui
1165 5218 1275 5283 talibus
1286 5219 1374 5283 iactis
1390 5221 1634 5289 ostenderemus:
1652 5227 1767 5291 satsei
