3742 5626
763 126 1033 191 conmanenti.
1698 134 1731 191 81

59 288 150 348 inuito
169 286 290 348 doraino
312 284 351 346 nd
371 280 585 363 ens-proiugit,
606 285 693 363 quasi
706 284 871 345 discendae
901 294 907 373 ς
927 284 1032 344 stituit.
1077 281 1141 345 Sed
1162 301 1228 342 cunr
1249 279 1405 342 Erasmuru
1427 279 1551 340 reddere
1573 298 1733 357 recusaret,

60 388 91 441 ct
110 379 353 462 complectendae
373 378 525 454 religionis
547 396 649 438 eorum
670 396 778 445 causa,
803 397 870 438 eun
927 376 988 437 dixi
1009 375 1208 458 «dispensatori
1229 375 1316 436 nobis
1336 374 1485 456 adjuncto,
1505 395 1593 453 quern
1614 377 1654 437 iiii
1673 377 1733 438 Pri-

60 480 169 552 uegnnt
188 473 308 542 dimitti,
329 478 381 533 aut
400 471 488 530 etinnr
500 470 644 549 repetenti
657 469 776 531 domino
787 468 870 530 reddi
900 475 1044 581 'starum
1071 476 1171 540 vocnt,
1199 470 1279 530 maie
1298 466 1337 527 dc
1355 465 1494 548 Principe
1514 488 1675 539 sensuros,
1705 477 1735 530 et

60 574 213 646 nqurrtere:
248 563 325 645 quod
356 563 426 624 nriiri
461 563 549 623 ctirrnr
575 562 717 638 singulari
742 560 869 641 quodcrn
900 594 902 611 ι
927 561 1079 622 locuturos
1100 562 1250 633 homines,
1271 563 1297 621 si
1315 560 1491 620 Oratoribus
1513 560 1640 622 sonruios
1661 584 1735 624 suos

60 680 133 719 censu
156 666 204 719 nst
223 661 419 738 compertum,
439 676 516 734 quae
536 654 595 716 truc
618 654 807 715 inserendum
817 674 869 735 pu·
899 653 1046 729 {adimet
1095 654 1144 714 Ne
1171 674 1241 713 vcro
1268 653 1314 714 rei
1332 652 1495 734 Princeps,
1528 654 1654 733 retego
1674 658 1735 716 cui-

60 753 128 812 tnui.
161 752 242 811 Ciris
262 749 605 830 quidamcracoviensis
622 750 787 828 primarius,
797 744 868 807 uriiri
899 764 902 829 ί
926 746 989 823 pari
1013 766 1192 825 presseruns,
1225 748 1325 824 rogavi
1350 752 1384 807 ut
1402 766 1470 807 euru
1490 747 1519 806 in
1540 754 1734 829 conspectum

61 845 90 903 in
111 843 294 905 dioscoriam
315 845 396 902 eunti
418 840 653 911 commendarat,
681 847 712 902 ct
730 862 808 922 pene
828 841 869 900 iu·
899 838 903 915 ff
924 839 1157 899 consiliariorum
1177 858 1297 899 suorum
1317 840 1404 901 nobis
1412 840 1622 921 praesentibus
1634 843 1735 902 venire

60 939 119 997 rito
144 936 315 1001 tradiderat.
348 935 497 1016 querulam
523 955 560 994 cx
584 933 711 996 hnnoets
730 933 869 995 Bethana·
899 933 1127 1011 neminen,
1157 938 1191 992 ut
1215 931 1296 992 iiiius
1322 932 1460 993 voluntas
1483 933 1523 993 aii
1544 933 1673 1014 ipsomet
1693 937 1734 996 in·

63 1050 163 1089 rrrrnrrn
185 1030 295 1091 fueritin
316 1035 435 1098 natum,
465 1029 582 1087 nonuirrc
603 1028 775 1098 Erasmuru,
800 1026 870 1089 adn-
899 1032 901 1071 1
925 1024 1112 1100 teiligcrctur.
1161 1024 1229 1087 Hoc
1254 1024 1304 1085 ubi
1331 1027 1516 1086 mutiente
1533 1024 1674 1110 Principe
1694 1029 1735 1090 fa·

60 1122 222 1183 iescentenr
252 1144 312 1183 nnn
337 1120 504 1181 indoctum:
536 1123 679 1202 potationi
705 1127 803 1180 tanen
822 1140 869 1179 ns·
899 1160 902 1177 ,
926 1123 1007 1177 ctare
1035 1124 1133 1189 esset,
1163 1119 1360 1199 percontabar
1383 1117 1557 1191 Erasmurrr,
1586 1140 1625 1181 au
1654 1122 1735 1202 spsd

58 1236 116 1292 qne
146 1215 224 1276 odeo
252 1215 400 1282 cientium,
432 1218 694 1293 utnonnunquonr
715 1211 870 1290 usquead
900 1206 1260 1290 ,principcm'rotigiouis
1278 1231 1349 1289 ergo
1369 1230 1489 1271 rarncre
1509 1212 1619 1273 reiicit
1657 1213 1734 1277 Onus

58 1309 206 1368 irisauiurn
227 1309 435 1367 inebriaretur:
460 1323 568 1382 rucque
588 1304 734 1384 frequenti
753 1325 810 1365 sun
829 1305 870 1364 is·
924 1304 1098 1372 mosen,
1116 1305 1231 1380 cgncit
1247 1304 1299 1375 Si,
1318 1305 1454 1384 inqusrn,
1474 1302 1735 1369 iectunrtiiriircun

59 1401 259 1476 gurgitatinne
283 1398 461 1477 quandoque
486 1403 619 1473 cogeret,
653 1403 686 1457 ut
705 1400 732 1457 ci
753 1418 870 1479 corupc·
899 1396 1085 1466 ‘strarcris,
1105 1395 1183 1456 bene
1202 1396 1376 1460 decumbas.
1406 1396 1483 1459 Post
1491 1396 1734 1480 bitirnarrusqui·

60 1491 117 1550 ries
150 1491 327 1572 injiciendns
358 1509 499 1548 errrorem.
553 1488 656 1568 ltnquc
684 1491 793 1550 erroris
822 1490 869 1549 sui
898 1534 900 1583 q
926 1487 1010 1558 donr,
1030 1489 1080 1567 qui
1100 1509 1136 1548 se
1156 1488 1286 1551 familiae
1308 1490 1433 1551 Genios
1451 1489 1611 1570 Nugsrntis
1631 1492 1733 1581 qdjun-

61 1585 245 1643 rnrrscicntiu
278 1585 388 1650 uictus,
421 1582 583 1641 associatis
607 1584 667 1643 sibi
686 1583 803 1644 dioseis
822 1583 869 1642 tri·
897 1598 900 1609 ·
924 1587 1021 1650 serat,
1055 1602 1120 1642 cusu
1148 1603 1217 1643 curu
1236 1603 1256 1642 n
1274 1583 1425 1662 proposito
1445 1582 1621 1645 dehortatus
1640 1592 1734 1655 essct,

60 1677 133 1742 torus,
164 1682 194 1735 ct
218 1677 319 1753 ourign
340 1694 405 1733 rnen
427 1674 559 1743 Peterin,
592 1682 680 1737 nocte
700 1676 828 1754 qunduru
847 1695 867 1735 e
896 1676 899 1725 ἰ
923 1671 981 1733 hoe
1000 1674 1039 1734 ab
1058 1696 1096 1734 cn
1116 1693 1294 1754 responsuro
1312 1673 1394 1745 tuiit,
1413 1674 1494 1754 quod
1512 1694 1610 1737 mensu
1623 1680 1734 1738 cereri·

59 1767 214 1828 dioscoria
233 1769 305 1827 urire
324 1767 455 1843 urrtirgitz
480 1772 510 1825 et
530 1766 616 1828 (teca
635 1770 724 1830 durio
743 1775 868 1840 nancto,
924 1772 1014 1827 tatem
1034 1770 1158 1828 tineret.
1215 1767 1257 1826 nn
1277 1787 1342 1826 cun
1362 1767 1532 1828 Lithnanus
1551 1769 1579 1828 ei
1599 1768 1736 1839 dixisset,

59 1880 165 1919 versus
197 1861 302 1940 Aeonis
333 1862 387 1919 iter
421 1859 553 1920 intendit.
608 1861 676 1933 Quo
708 1868 868 1943 comperto,
895 1916 898 1933 ι
921 1858 999 1922 Nuus
1026 1861 1123 1921 redire
1144 1859 1247 1930 veltet,
1278 1860 1393 1920 §.curn
1414 1860 1525 1920 Cernes
1544 1862 1574 1921 in
1596 1862 1734 1926 tsruiiiu

59 1951 204 2034 Princeps
235 1955 373 2013 coertione
406 1972 481 2012 erres
508 1954 692 2026 veredarios,
725 1975 803 2034 quos
829 1954 870 2014 iiii
896 2016 897 2027 q
922 1973 1007 2013 suasu
1028 1953 1193 2033 reciperott
1213 1954 1355 2014 assensit.
1386 1953 1496 2014 liciata
1514 1955 1615 2034 itaque
1624 1955 1733 2017 cuce

60 2046 182 2107 (iuncea
202 2053 325 2115 roecurt,
356 2065 613 2126 quoquoversum
633 2046 758 2118 dimisit,
779 2054 812 2108 ut
830 2069 868 2107 cx
895 2070 897 2075 ·
922 2047 1021 2106 ruitcsr
1042 2067 1095 2114 re,
1115 2067 1182 2106 cunr
1203 2044 1279 2107 idern
1300 2067 1337 2106 cx
1351 2066 1400 2105 rue
1413 2048 1594 2126 quaesisset,
1614 2070 1652 2110 un
1666 2070 1732 2110 oon·

59 2139 129 2216 iuga
160 2140 388 2201 retraherentur.
440 2138 480 2199 iii
509 2158 577 2199 cum
607 2141 637 2200 in
667 2141 868 2210 excubitores,
922 2138 1086 2199 sentirem?
1106 2137 1257 2218 respondi,
1276 2139 1307 2198 id
1326 2139 1354 2198 ei
1376 2160 1427 2218 per
1445 2160 1494 2200 rse
1514 2140 1638 2203 {iberum
1658 2143 1732 2205 iore.

58 2234 110 2311 qni
130 2233 277 2294 ariversus
296 2233 452 2292 uiritinuas
474 2231 663 2294 Turtnrnrurs
682 2235 868 2294 incursiones
925 2231 1090 2312 (lupicinum
1110 2232 1189 2293 enin
1208 2232 1326 2312 etipse
1345 2232 1502 2310 essiugcre,
1522 2252 1560 2294 oe
1575 2236 1732 2317 propinqui

59 2325 118 2386 iiiis
138 2328 168 2386 in
189 2327 264 2386 iocis
284 2325 422 2405 disquisiti
442 2331 527 2395 suut,
557 2325 748 2393 incidissent,
768 2333 798 2386 ot
817 2348 868 2386 cx·
922 2324 990 2384 eius
1015 2323 1204 2386 aliter-hanc
1229 2345 1305 2395 rem,
1340 2331 1430 2405 atquo
1451 2325 1614 2397 acciderat,
1646 2331 1732 2391 inter·

59 2421 159 2498 punto
179 2421 225 2479 cis
245 2418 302 2479 troc
323 2439 398 2479 cusu
418 2419 604 2489 ctiecissent,
624 2427 657 2480 ut
677 2421 734 2501 ipsi
748 2440 867 2499 qunque
922 2422 1120 2499 proteruntur.

59 2509 97 2569 nd
118 2510 330 2591 perquirendos
351 2512 493 2590 fugitiuos
512 2512 733 2591 obequitarcntr
766 2516 795 2572 in
815 2511 866 2573 tro·
893 2516 897 2581 1
999 2510 1092 2571 Porro
1110 2509 1534 2592 sdiioscosrarocouiugcrc
1546 2513 1653 2586 soient,
1673 2516 1731 2576 uisi

60 2603 165 2663 sineru
184 2605 304 2665 obuium
325 2606 465 2675 incidunt,
485 2607 591 2685 quise
611 2607 755 2666 beneflcio
770 2606 866 2667 noetis
923 2604 1031 2681 quibus
1049 2603 1119 2664 aiibi
1140 2602 1257 2664 rircrrdi
1277 2603 1362 2663 iocus
1382 2609 1413 2664 et
1431 2607 1580 2666 securitas
1600 2627 1658 2667 non
1671 2613 1729 2668 est.

57 2693 233 2756 riescrnisse
250 2697 362 2758 diceret
381 2700 510 2778 quinque
529 2701 662 2778 equites,
681 2701 811 2778 quicum
823 2719 866 2759 re·
894 2732 897 2773 g
924 2694 1033 2766 Qualis
1052 2695 1107 2756 tuit
1126 2697 1238 2757 uostris
1257 2696 1440 2775 temporibus
1460 2698 1626 2758 Sororiuus
1634 2697 1729 2760 Nord-

58 2792 137 2847 etusr
163 2790 218 2848 iter
236 2789 276 2849 sd
298 2791 403 2870 Aconti
423 2791 482 2851 sibi
501 2797 731 2851 cnmrunustrure
750 2793 865 2870 coegis-
893 2788 992 2863 tund,
1022 2790 1102 2869 regis
1138 2789 1254 2850 Desine
1273 2786 1451 2850 Cirristiorui
1476 2790 1647 2870 praefectus
1671 2811 1729 2853 ors·

57 2885 138 2938 sont.
178 2883 283 2960 itaque
303 2884 492 2943 exerrbitorcs
512 2884 647 2961 vestigiis
666 2884 777 2944 iiloruur
798 2886 866 2945 insi·
893 2872 898 2937 f
922 2883 979 2953 ris,
1000 2880 1088 2943 nesio
1108 2881 1227 2961 quidem
1246 2881 1394 2952 nititaris‚
1419 2881 1475 2942 scd
1497 2884 1624 2963 quodvis
1642 2905 1730 2964 nego·

57 2978 190 3043 etentes,
220 2994 288 3035 nuru
308 2981 396 3035 noctu
414 2977 526 3052 ignem,
555 2996 644 3055 quera
666 2975 866 3046 incenderant,
894 2966 897 3025 ἶ
921 2975 994 3035 tium
1014 2975 1044 3035 iu
1063 2975 1182 3037 nonriue
1197 2972 1354 3036 nements
1372 2976 1520 3056 auspicari
1540 2978 1665 3039 solitus:
1691 2979 1730 3040 dc

57 3073 163 3125 essent
183 3069 357 3148 conquesti,
378 3071 466 3148 cquis
486 3070 601 3129 iiinrurn
614 3071 866 3147 innascuiscirco
892 3108 897 3157 3
922 3087 980 3146 quo
1000 3071 1094 3129 muita
1112 3067 1225 3139 audiri,
1248 3088 1325 3148 quae
1344 3067 1477 3148 prudens
1496 3076 1661 3152 praetem.
1699 3073 1730 3133 is

58 3157 155 3219 innuen
176 3160 367 3241 pernoctandi
378 3162 559 3231 errantibus,
578 3161 607 3220 in
619 3161 735 3222 modurn
745 3182 865 3244 serpen·
922 3180 987 3221 cun
1014 3159 1131 3239 Regem
1163 3161 1203 3221 nir
1234 3181 1320 3222 suu
1349 3161 1557 3224 inuissitato·
1584 3163 1729 3237 liciniae,

57 3257 118 3311 turn
139 3254 220 3312 taciti
239 3253 399 3335 adrepunt‚
419 3274 534 3333 «rosque
553 3255 671 3331 tongins
686 3255 864 3335 propellunt.
893 3318 896 3329 ,
922 3272 999 3333 quac
1027 3260 1117 3335 cnqrut
1150 3255 1232 3330 regni
1261 3253 1386 3315 Suctiao
1418 3262 1482 3326 est,
1513 3260 1730 3337 eornacuiequo

59 3344 134 3403 con
155 3345 241 3423 igitur
262 3353 455 3427 experrectus
464 3347 567 3424 auriga
577 3368 676 3417 urens,
696 3369 793 3426 equos
805 3349 865 3409 ion·
893 3396 895 3401 .
923 3347 1053 3426 ipsonrn
1082 3348 1184 3426 lingua
1207 3346 1383 3409 suctione
1411 3349 1591 3430 appellatur,
1623 3351 1729 3410 incutis

56 3438 125 3514 gius
153 3438 308 3517 digressos
340 3439 483 3501 reducere
509 3438 613 3509 redet,
642 3462 682 3501 ex
708 3438 811 3501 herbis
836 3442 865 3502 iu
892 3456 896 3521 ξ
923 3440 988 3499 suis
1008 3460 1129 3500 exosusr
1149 3461 1236 3510 csse,
1257 3461 1373 3520 suaque
1393 3448 1498 3522 sponte
1511 3441 1729 3521 Daniaorcgnn

56 3549 124 3590 cum
144 3533 315 3611 qrrnsiiiuutz
335 3534 423 3612 cique
442 3537 583 3599 eundern,
605 3533 632 3593 si
653 3534 700 3594 vei
719 3536 866 3596 urirrirusur
892 3534 896 3653 Ι
922 3533 1057 3592 coense
1084 3532 1210 3603 videret,
1243 3535 1382 3595 rsuuitrrnr
1408 3533 1556 3613 quendsnr
1582 3536 1678 3595 iocum
1699 3538 1728 3595 in

56 3623 126 3683 ednt
141 3645 258 3693 vincern,
278 3627 441 3698 urinantur,
461 3627 741 3705 utqneiturinuturu
754 3634 866 3689 tcuout.
892 3656 896 3743 q
924 3623 1084 3685 Gotiandia
1119 3625 1217 3687 insutu
1250 3629 1347 3706 (quac
1376 3626 1534 3687 riuodecinr
1566 3628 1729 3688 nriiinribns

59 3719 197 3793 (luneque
233 3738 349 3778 rursum
382 3739 479 3798 equos
512 3717 636 3793 lougius
649 3719 866 3799 qrrnpniicront,
924 3717 1109 3779 Germanicis
1128 3722 1227 3800 patet)
1246 3721 1418 3801 occeperit,
1438 3742 1475 3779 ex
1496 3739 1646 3798 quuururc
1659 3719 1727 3781 Bet·

56 3829 171 3887 crrsqrrc
192 3830 271 3869 unns
291 3819 321 3870 et
339 3812 414 3872 aitcr
433 3817 465 3871 ct
483 3812 589 3871 tertius
607 3809 749 3873 reducere
769 3813 865 3884 veiint,
922 3811 1022 3872 denis
1047 3812 1098 3873 diu
1123 3812 1300 3880 infestabunt,
1331 3812 1440 3871 nemini
1461 3831 1603 3891 parcens,
1630 3832 1727 3893 ecquo

56 3905 119 3982 puri
144 3903 235 3964 morto
259 3922 364 3965 omnes
382 3905 486 3966 ordine
506 3926 543 3965 ex
564 3904 682 3965 insidiis
701 3908 865 3986 contuntur,
892 3922 895 3975 ι
921 3906 1035 3965 uariws
1069 3925 1107 3966 nc
1138 3905 1245 3965 trustes
1276 3903 1436 3983 spoliabunt.
1486 3903 1636 3977 Tendere,
1675 3908 1727 3969 rdri

56 4016 118 4054 uno
138 3996 264 4057 Eranuo
284 4005 427 4077 excepto:
458 3999 506 4077 qui
527 4019 578 4068 sn,
605 4018 673 4059 curn
693 4000 723 4060 in
740 4019 810 4061 curu
829 4000 864 4059 ir·
921 4004 1024 4059 corrtru
1042 4018 1079 4057 so
1099 4003 1237 4076 tanquan
1255 3996 1597 4077 mennamque-dan
1609 4006 1727 4081 pudens

56 4094 191 4159 ruerent,
211 4090 314 4149 stricta
333 4089 443 4152 frumen
462 4091 612 4162 defendit,
631 4097 661 4152 ot
680 4090 863 4153 Stauisiaunr
891 4094 894 4163 ξ
920 4108 1024 4149 ornrres
1043 4091 1173 4159 timeret,
1193 4088 1364 4168 nuiirnuque
1382 4089 1479 4151 tonum
1499 4092 1529 4151 in
1549 4113 1607 4172 qun
1627 4095 1666 4154 atr
1685 4096 1727 4154 iu·

55 4180 132 4255 (troc
154 4188 218 4241 erut
237 4184 356 4260 rurique
374 4187 497 4257 nonen)
518 4184 692 4252 induruerit,
735 4184 779 4243 At
798 4202 863 4243 cun
891 4186 894 4237 t
920 4180 1007 4241 sidiis
1040 4186 1123 4242 tutus
1152 4202 1224 4243 esre
1256 4188 1375 4262 ponet,
1410 4183 1538 4246 videreta
1572 4192 1727 4267 ooeunpto

54 4274 83 4332 is
103 4294 139 4333 sc
159 4280 279 4354 cnptunr
297 4282 328 4337 ct
347 4278 474 4337 vinctu·
494 4297 566 4337 csse
577 4275 794 4356 resqrondieset,
813 4276 863 4336 sir·
890 4266 893 4321 ἶ
920 4279 1000 4333 nerto
1027 4273 1208 4355 pneeuuuu
1228 4294 1350 4337 nurnero
1368 4276 1406 4337 sd
1428 4280 1588 4358 prinoipem
1608 4278 1725 4338 Mosco·

49 4367 135 4447 jecta
155 4366 281 4437 franrca,
314 4368 477 4432 Erasmus:
508 4368 574 4431 nec
593 4388 665 4448 ego,
686 4370 794 4446 iuquit,
814 4389 863 4430 uo·
890 4396 893 4419 :
920 4368 986 4429 viae
1015 4367 1161 4448 confugit,
1194 4371 1333 4447 venitque
1358 4372 1449 4431 certis
1474 4371 1600 4432 nsritrus
1625 4371 1654 4429 iu
1674 4368 1726 4428 tiu-

54 4459 102 4518 trie
123 4461 235 4538 captis,
267 4461 342 4522 iiber
361 4484 449 4533 esse,
478 4464 650 4523 nutrivere
670 4460 863 4540 solentque
889 4474 892 4533 ῑ
920 4461 998 4521 vion
1031 4459 1147 4532 Narra,
1181 4461 1220 4523 ad
1255 4482 1354 4523 arcun
1383 4462 1483 4524 Mosei
1513 4460 1723 4539 tuanoegorod.

53 4552 96 4611 ita
123 4571 195 4611 seso
219 4553 350 4626 dedidit,
383 4575 449 4615 euru
470 4555 508 4615 ub
528 4554 636 4635 Asoptr
656 4553 737 4615 tridui
758 4556 862 4616 itincre
888 4586 891 4599 ι
920 4553 992 4614 indo
1010 4556 1142 4615 terrestri
1162 4548 1267 4617 itincre
1287 4544 1484 4626 dioscoritas,
1510 4576 1546 4614 oo
1568 4574 1644 4613 anno
1664 4572 1725 4632 quo

51 4644 207 4705 abessent.
259 4647 394 4724 Captiuis
414 4646 559 4717 reductis,
584 4667 649 4708 cusu
668 4649 824 4728 petiisse·
843 4670 863 4709 u
887 4670 891 4685 ·
918 4667 974 4725 ego
999 4648 1058 4707 iilic
1085 4648 1142 4718 sui,
1173 4647 1321 4709 deducere
1340 4654 1413 4710 crat.
1465 4647 1606 4708 Caesarie
1625 4653 1724 4706 auton

53 4736 207 4817 Principe,
229 4745 262 4799 ut
280 4739 352 4799 rnihi
373 4741 431 4799 ruci
453 4741 688 4801 restituerentur:
709 4741 863 4821 respondit
888 4758 889 4763 ’
919 4740 1018 4801 candi
1039 4741 1143 4812 Quinti
1168 4740 1383 4801 intercessione
1409 4739 1566 4806 «tinitonis,
1596 4737 1625 4796 in
1645 4738 1724 4799 otrsi·

51 4829 121 4891 Nnc
141 4833 232 4891 ticere
253 4834 391 4911 cuiqunnr
412 4832 537 4895 reddere
558 4831 720 4901 trnrniucrs,
752 4834 801 4911 qui
821 4834 862 4895 ad
918 4834 1007 4893 diorrc
1027 4833 1196 4895 Florcrrtiec
1215 4835 1318 4896 itatius
1337 4832 1478 4899 ciuitatis,
1498 4831 1527 4889 in
1547 4832 1614 4912 ejus
1633 4834 1723 4893 servi·

51 4923 177 4984 Moscus
214 4925 424 5004 percipienduo
464 4946 552 4987 rcruc
586 4925 736 5001 religionis
769 4945 861 4989 causa
887 4974 890 4979 ι
918 4928 959 4988 tio
978 4925 1069 5004 giobo
1088 4927 1185 4989 torreo
1204 4928 1348 5005 trajectus
1367 4922 1514 4984 murone

50 5020 175 5095 (quun,
204 5022 238 5075 ut
256 5016 365 5077 dictu·
385 5024 446 5087 est,
466 5040 503 5080 se
523 5018 608 5079 soios
627 5022 729 5077 tenero
748 5018 861 5097 praed·

49 5114 138 5179 essct)
167 5110 307 5175 necuit
355 5112 498 5188 Aurigurs
522 5118 622 5173 tanen
641 5107 711 5171 nitri
730 5129 799 5170 rm
818 5130 861 5171 re·
889 5156 893 5181 ,
