3734 5610
515 240 644 303 vitan
663 234 848 303 seems
868 236 1078 313 BASlbllle
1097 238 1225 303 sinuit
1245 240 1298 305 lll.
1688 238 1747 301 usu

73 424 179 466 munus
198 407 311 485 ingenti
330 406 446 480 animo,
471 412 503 467 et
522 408 602 467 emui
622 412 732 468 senatu
758 400 882 484 im1slers
942 412 1060 484 tempus
1079 427 1096 466 u
1119 404 1203 483 Rege
1232 404 1413 467 Peleuerum
1432 407 1496 469 Len
1523 404 1672 487 Supiebe,
1694 406 1742 483 ju·

75 500 240 570 eonstiterit,
260 500 453 578 evocatisque
472 497 671 563 beneficiariis
680 493 881 577 magnatibus,
940 499 1026 557 veis
1036 497 1243 559 nobilissimus
1262 500 1292 557 in
1310 496 1498 560 blesensium
1519 496 1697 567 advenerat,
1709 503 1744 557 ut

74 599 115 651 et·
129 591 322 672 amplioribus
349 592 445 672 enpiis
470 593 601 674 puratis,
624 592 735 674 quibus
753 587 882 653 edrenes
940 594 971 649 et
1001 608 1123 652 munera
1153 589 1281 653 Basilidi
1316 588 1465 662 deterret,
1498 598 1530 651 et
1560 588 1743 673 reipublicae

72 683 200 765 pupulos
227 683 268 745 sd
291 682 419 746 eltieiuru
443 693 614 761 resecaret,
640 694 673 749 et
687 685 880 747 inimieorum
939 685 1057 743 nemim
1094 682 1235 746 mundate
1272 680 1419 765 quaedem
1453 692 1623 765 exponeret
1674 680 1744 747 Fuit

74 774 271 838 contunderet
287 779 423 859 spiritus,
442 786 589 860 eeeuputa
614 779 645 839 in
664 776 740 839 nube
757 775 878 837 ldnecn·
938 773 988 833 ilie
1023 773 1063 836 ab
1096 779 1174 837 omni
1215 775 1390 849 nobilitate,
1432 783 1465 838 et
1496 794 1517 841 a
1552 794 1573 836 rr
1583 776 1744 854 agentibus

72 872 121 931 via
143 870 282 951 primaria
310 891 379 931 arce
399 880 508 933 cuneta
532 892 587 954 pre
612 870 736 933 libidine
756 867 879 931 admini-
939 886 1006 927 enm
1038 872 1164 931 mnxims
1196 868 1415 949 significetieue
1438 866 1634 933 lruruuitetis
1664 870 1742 929 satis

73 970 179 1039 suere,
191 970 223 1026 et
236 966 266 1026 in
279 966 448 1025 universnm
459 984 565 1027 emnes
576 972 767 1027 contemnere
777 960 869 1023 irride
938 959 1066 1041 benigne
1085 971 1118 1024 et
1139 965 1265 1025 eumitcr
1289 968 1450 1043 ecceptm
1486 959 1646 1042 Principes
1665 960 1742 1021 euin

72 1075 164 1137 reque
176 1059 286 1137 eoepit.
317 1054 355 1119 ld
374 1078 445 1119 veru
456 1053 880 1121 mini-eiecentesvirinnbi·
937 1055 1045 1134 prieris
1063 1056 1236 1117 inimicitiae
1255 1054 1393 1118 insidiam
1416 1060 1566 1135 pestremo
1588 1054 1743 1114 conuersis

74 1149 129 1223 les,
143 1144 879 1234 etiugeniniereea,utpierumquetitinturbidis
937 1147 1140 1210 voluntatibus
1171 1148 1316 1210 beneficio
1349 1154 1381 1209 et
1418 1148 1592 1209 muneribus
1621 1146 1742 1209 sbelere

74 1250 106 1302 et
115 1246 280 1324 repentinis
299 1244 434 1315 ensibus,
453 1244 610 1307 consilium
622 1244 711 1327 plane
730 1238 830 1303 audax
849 1247 881 1303 et
938 1240 1109 1303 studebunt.
1157 1240 1222 1301 Sed
1242 1262 1309 1304 eum
1337 1244 1453 1303 interes
1480 1238 1636 1304 Basiliden
1663 1240 1741 1301 diem

73 1356 221 1397 eneoessu
247 1337 336 1416 leuge
361 1335 565 1399 foedissimum
592 1339 730 1418 eupiunt,
756 1337 881 1416 jamque
939 1354 1025 1394 suum
1044 1335 1182 1409 obiisset,
1200 1332 1334 1413 Sepiebs
1355 1333 1445 1395 modu
1466 1336 1497 1395 in
1517 1334 1584 1410 bec,
1605 1332 1691 1395 nude
1711 1335 1742 1395 ln

73 1426 114 1492 ad
138 1448 323 1490 enmmunem
347 1429 514 1492 libenntem
540 1433 632 1491 erecti
651 1431 791 1490 inunum
810 1446 880 1489 cun·
936 1426 995 1490 elie
1016 1427 1082 1487 lnce
1102 1426 1243 1488 detentus
1261 1428 1440 1490 hsdissiuis
1460 1427 1615 1489 itineribus
1641 1426 1737 1510 pruis-

70 1524 189 1602 jursnt‚
214 1524 320 1603 eupins
339 1525 499 1595 instruunt,
519 1530 550 1585 et
570 1531 675 1585 eontra
691 1522 840 1585 Biclsium
859 1541 879 1582 s
938 1528 1007 1581 ctus
1025 1526 1089 1591 est,
1115 1518 1211 1581 denec
1238 1540 1335 1583 rumor
1358 1519 1550 1594 advenisset,
1573 1520 1741 1600 Principem

74 1634 134 1695 qne
154 1614 275 1697 expilnti
299 1618 496 1697 oppressique
520 1615 727 1695 indignissima
744 1622 880 1697 pateren-
938 1614 1047 1692 insigni
1066 1634 1175 1695 ponpa
1194 1612 1429 1676 iuueriselntum
1450 1619 1482 1675 et
1499 1615 1732 1697 sepultumesse

73 1716 123 1769 tur
140 1708 298 1789 rebellant,
314 1706 493 1791 eductisque
510 1730 548 1773 es
558 1711 708 1792 l’rineipis
718 1727 882 1771 armamen-
939 1705 1017 1768 'l'um
1042 1705 1159 1769 desum
1183 1709 1213 1768 in
1233 1707 1335 1769 urben
1361 1712 1393 1768 et
1410 1712 1546 1769 senatun
1572 1708 1741 1787 perductus,

74 1805 153 1863 urin
172 1801 342 1882 ingentibus
361 1805 628 1867 termentisareem
647 1801 778 1865 diversis
796 1803 827 1863 iu
838 1800 881 1863 le·
939 1801 970 1860 in
990 1820 1063 1869 ees,
1082 1820 1162 1881 ques
1179 1798 1324 1873 diximus,
1344 1800 1580 1872 crudelissimus,
1598 1801 1743 1863 bunun

75 1898 122 1956 cis
138 1894 776 1980 vehemenessimeeeeqmssereineipimc
805 1893 882 1956 Cum
939 1892 1058 1967 inciditr
1077 1894 1212 1974 etprime
1232 1894 1349 1974 quiden
1362 1900 1470 1956 senstu
1487 1894 1600 1955 scissis
1618 1894 1743 1956 induas

75 2008 130 2070 per
147 1990 257 2051 multas
276 1989 366 2053 buras
385 1994 530 2073 utrimque
541 1992 685 2053 acerrime
705 1995 790 2051 esset
798 1986 882 2049 dimi·
938 1995 1042 2069 partes
1060 1988 1251 2067 magnetibus
1270 1987 1350 2065 upud
1370 1987 1513 2049 brrbsres
1537 1988 1628 2049 tantis
1647 1988 1743 2049 turbis

76 2088 185 2155 cetum,
205 2090 238 2143 et
255 2085 286 2145 in
305 2104 377 2146 arce
396 2084 481 2146 multi
501 2086 617 2164 passim
635 2080 881 2156 interficerentur,
938 2080 1091 2142 intrientus
1110 2098 1211 2159 parum
1230 2080 1339 2151 effecit,
1359 2086 1444 2141 tsntn
1468 2081 1583 2163 mejero
1608 2078 1743 2143 molestis

75 2173 264 2255 praesidiarii
296 2185 329 2239 et
359 2178 469 2238 milites
493 2184 575 2238 metu
600 2176 713 2250 territi,
741 2172 792 2237 ulli
818 2173 881 2235 sliu
943 2172 1091 2249 assecha,
1122 2179 1233 2253 munte
1256 2175 1354 2255 majus
1378 2176 1457 2236 uitae
1481 2192 1559 2235 ause
1583 2172 1742 2235 diserinen

75 2267 189 2340 babitu,
214 2276 305 2350 atque
329 2272 435 2331 itinere
460 2267 641 2331 dilabuutur.
679 2267 814 2331 Bielsius
832 2285 882 2327 ee·
939 2268 969 2327 iu
991 2265 1080 2327 t'eeds
1099 2284 1196 2327 rem·
1214 2268 1343 2329 eunium
1361 2267 1589 2329 eunturbstiene
1605 2265 1740 2328 sdlisset.

77 2358 146 2421 dem
181 2364 282 2422 snimu
310 2381 381 2423 aree
418 2380 580 2441 egressm
630 2359 700 2423 dum
736 2358 881 2439 adegere
938 2359 1052 2420 Paucis
1070 2359 1235 2442 interjectis
1253 2358 1360 2421 diebus
1380 2358 1527 2443 Princeps
1552 2358 1743 2423 hauddubie

77 2450 234 2514 contendit
275 2474 295 2514 a
331 2453 452 2516 civibus
497 2456 634 2527 sistitur,
687 2455 882 2535 maximisque
938 2452 1119 2533 poenitentis
1136 2451 1257 2529 ductu,
1276 2458 1446 2515 mseeatun
1465 2452 1506 2517 s'd
1524 2472 1561 2515 se
1579 2452 1743 2535 sapiebam

76 2546 234 2608 verberum
252 2548 440 2610 contumeliis
460 2558 615 2631 exceptus,
634 2545 820 2623 admonetur,
838 2552 882 2619 ut,
938 2546 1157 2628 patientissime
1172 2544 1294 2617 audiuit,
1319 2548 1362 2608 its
1379 2552 1414 2608 ut
1431 2547 1606 2629 praeteritae
1624 2554 1744 2608 euntem

76 2642 105 2701 si
132 2640 234 2701 visere
256 2640 331 2703 velit
355 2662 375 2704 a
399 2640 486 2705 clnsu
515 2642 698 2723 reipublicae
730 2638 879 2703 discedat.
937 2640 1185 2702 tinnisinsaniau
1202 2638 1355 2712 detestari,
1375 2639 1487 2720 etllegl
1499 2640 1642 2703 Pelenlse
1660 2658 1745 2723 prse-

77 2732 162 2795 Satis
182 2753 332 2816 superque
351 2737 429 2796 euim
448 2742 638 2816 perspectum
657 2754 728 2797 ease
744 2732 883 2795 omnibus
939 2733 1049 2793 elerum
1067 2733 1196 2794 mesine
1213 2731 1343 2793 studium
1363 2734 1394 2792 in
1413 2733 1506 2794 rebus
1524 2733 1662 2794 omuibus
1681 2732 1741 2815 pnl-

76 2824 251 2889 biuecnviee
269 2827 389 2908 pupulis
414 2830 484 2906 ejus
502 2825 718 2902 crudelitatem,
736 2823 882 2905 regnandi
938 2826 1021 2886 lieeri
1052 2824 1210 2886 videretur.
1265 2822 1399 2903 Sepiebs
1427 2823 1539 2887 deinde
1563 2825 1678 2886 litterae
1703 2824 1743 2886 ed

77 2916 230 2983 libidinem
249 2919 488 2991 etinselentiam‚
509 2923 609 3000 ituqne
628 2917 779 2998 indignum
787 2915 882 2979 videri
939 2917 1055 2997 Regem
1074 2917 1154 2991 iecit,
1174 2936 1251 2998 ques
1263 2936 1319 2995 ege
1331 2915 1473 2978 Gmduae
1491 2916 1562 2994 vidi,
1582 2927 1615 2978 et
1634 2917 1743 2999 quibus

77 3015 128 3092 qui
148 3030 333 3072 communem
351 3012 478 3073 salutem
497 3022 592 3091 regat,
612 3032 680 3073 erum
699 3009 883 3075 ndeverten·
940 3011 991 3072 ills
1009 3010 1126 3071 barbari
1143 3010 1291 3091 Principis
1308 3029 1408 3072 mures
1433 3016 1539 3073 mete
1564 3010 1743 3081 deliuesbst,

77 3102 146 3165 dsm
172 3102 323 3185 publicam
347 3104 591 3188 tranquillitatem
622 3112 727 3167 centn
755 3108 882 3186 patriam
941 3104 1128 3184 ducebatque
1161 3102 1249 3165 simul
1273 3104 1382 3183 quibus
1401 3104 1498 3167 noete
1516 3110 1603 3167 esset
1633 3104 1743 3167 cubes

77 3216 160 3258 arma
183 3201 361 3279 sumpseritr
384 3218 421 3259 se
445 3208 477 3261 et
499 3207 561 3259 tum
587 3198 710 3279 legitimi
729 3197 882 3279 Principis
940 3197 1027 3274 dnm,
1045 3206 1080 3257 ut
1103 3193 1205 3257 blnsci
1231 3197 1262 3257 in
1288 3203 1371 3259 tante
1395 3216 1494 3259 rerum
1519 3198 1640 3261 csrdlne
1665 3200 1744 3259 unul

77 3292 188 3353 nemini
212 3311 335 3373 parere,
358 3298 391 3353 et
413 3299 559 3374 perpetue
584 3290 674 3353 idem
691 3298 883 3353 minusue
939 3292 1064 3373 imperio
1084 3298 1117 3350 et
1134 3288 1549 3353 desimuoeeexsuerentur.
1571 3290 1648 3353 Cum
1668 3287 1745 3353 baec

77 3380 135 3445 sed
158 3381 332 3447 deeremue
361 3386 502 3467 pupulum
532 3383 699 3447 btuscicum
724 3385 803 3447 nelle
828 3404 883 3449 eas
938 3406 958 3444 s
976 3383 1134 3447 Musconis
1152 3382 1183 3443 in
1202 3382 1390 3446 Litbusnisra
1409 3388 1628 3456 nuntiarentur,
1653 3382 1746 3447 Grud-

78 3479 270 3555 tnrp'uaimae
280 3480 434 3540 servitutis
444 3475 608 3558 compedes
618 3475 732 3539 diutius
741 3478 883 3559 perterre,
940 3500 1007 3541 nasi
1025 3477 1177 3560 prnieetns
1190 3496 1282 3551 mass,
1301 3483 1335 3539 nt
1352 3480 1494 3557 grauibus
1509 3475 1688 3561 quibusdam
1707 3476 1747 3539 de

79 3585 155 3649 quas
189 3571 356 3629 enrissimi
390 3578 422 3631 et
450 3572 630 3650 iniquissimi
658 3570 713 3629 viri
736 3570 883 3635 Bnailidis
939 3568 1629 3648 rebusSerenissimichisnestriseutentism
1648 3590 1747 3635 cerat

78 3658 150 3721 elim
173 3658 321 3721 satellites
345 3659 419 3722 nibil
441 3662 503 3724 tale
521 3660 766 3743 exspectantibus
784 3662 883 3725 baete·
940 3662 1144 3741 intelligerem,
1163 3683 1183 3721 a
1201 3680 1261 3741 que
1283 3682 1350 3723 cum
1371 3663 1606 3725 clementissime
1624 3662 1746 3726 suditus

79 3772 136 3814 nus
165 3753 380 3817 innexuissent.
429 3753 564 3816 Bielsius
595 3762 695 3816 autem
725 3755 883 3836 tranquille
942 3760 974 3816 et
998 3754 1144 3815 dimissus
1170 3772 1287 3825 essem,
1313 3752 1391 3814 ferte
1416 3755 1536 3817 lustuns
1560 3756 1590 3815 in
1615 3755 1745 3833 legatum

79 3845 162 3907 uultu
187 3853 346 3928 postquam
370 3848 414 3907 ita
441 3864 570 3909 neccsse
594 3855 670 3923 erut,
688 3850 813 3910 armstb
833 3847 884 3909 be·
941 3847 1102 3910 'l'urcieun
1121 3845 1227 3922 incidi,
1246 3846 1297 3925 qut
1317 3863 1411 3924 nuper
1436 3845 1513 3908 sdeu
1536 3846 1745 3909 Constantius·

43 3986 47 3993 .
80 3941 179 4002 stibus
202 3940 316 4022 paruit,
340 3957 397 4000 nec
422 3938 516 4001 multe
540 3948 612 4021 pest
637 3941 717 4001 unni
737 3937 884 4019 dignitate
941 3941 1003 4021 puli
1019 3939 1182 4001 advenisse
1200 3938 1362 4000 dieehtnr.
1403 3938 1528 4001 Cbnnns
1548 3940 1576 4001 is
1596 3945 1662 4003 erst
1673 3940 1745 4003 clu

79 4032 331 4114 spoliatuslibcrn
351 4032 457 4094 exsilic
474 4030 885 4108 udcassnenseediscessit,
940 4052 1035 4099 auses
1043 4031 1232 4095 Msuelueus
1248 4053 1268 4091 s
1283 4030 1510 4095 Tmussilvsuis
1524 4032 1678 4111 oriundus,
1697 4034 1745 4095 cut

80 4123 312 4188 et'l'beederum
330 4124 476 4189 basilidis
494 4125 597 4203 filium,
615 4146 704 4209 quem
722 4146 813 4187 unum
823 4146 885 4189 mn·
940 4133 1030 4193 antes
1040 4125 1209 4187 Emtacbiu
1229 4144 1337 4186 numen
1357 4123 1464 4202 iuerat,
1482 4126 1583 4208 etqui
1602 4144 1662 4189 nun
1680 4146 1745 4210 prs-

79 4220 156 4281 xine
174 4218 327 4281 exclusum
346 4219 477 4296 velebst,
495 4222 649 4283 conuersis
675 4222 805 4281 emnium
823 4219 885 4283 sul·
943 4221 992 4282 cul
1016 4220 1056 4282 sb
1075 4219 1156 4281 Albs
1171 4218 1254 4280 lulis
1272 4218 1302 4279 in
1319 4218 1430 4301 uppldn
1449 4217 1550 4282 l'crdc
1568 4217 1678 4281 uultus
1694 4240 1746 4283 su·

79 4311 184 4392 iraglis
207 4306 249 4374 sd
273 4316 380 4374 mmmi
400 4313 523 4376 bonuris
541 4313 693 4393 fastigium
713 4320 885 4393 prouectus
942 4333 1000 4376 nes
1018 4312 1268 4391 budingistmm
1287 4310 1456 4392 protessus,
1476 4330 1586 4394 puseus
1610 4312 1642 4374 iu
1658 4314 1746 4375 triste

80 4402 165 4467 sidit.
214 4403 246 4468 le
271 4425 326 4487 per
344 4426 381 4469 ee
398 4407 508 4488 quietis
528 4414 619 4488 etque
638 4408 692 4468 etii
717 4409 885 4469 amentissi-
943 4407 1053 4479 deemt,
1071 4404 1102 4466 id
1112 4402 1192 4485 qued
1211 4403 1335 4466 illustris
1353 4406 1408 4482 eir,
1427 4404 1560 4485 etllegls
1570 4424 1625 4488 per
1636 4404 1746 4469 'l'rsne-

82 4496 887 4581 nnsetcerpureadeqnitaudnmgestundsqneerma
942 4500 1098 4563 silvaniam
1124 4496 1332 4559 Csueellsr'ms
1352 4497 1499 4562 Haeduus
1525 4498 1563 4559 de
1583 4496 1746 4560 Berseeicu

82 4589 260 4671 widonen,
279 4600 369 4674 ntqm
389 4591 482 4655 babili
501 4590 664 4674 prseditun
684 4598 767 4655 tanta
786 4592 886 4656 bume-
942 4594 1093 4676 prseelsru
1111 4610 1169 4654 sse
1186 4592 1357 4653 ῒοοΐίιοοίο
1373 4590 1493 4655 abunde
1508 4590 1580 4651 mibi
1598 4591 1747 4655 eneam

83 4686 175 4747 nitate
193 4693 286 4768 ntqrm
307 4684 506 4748 munificentia
525 4686 661 4766 singulus
687 4688 817 4749 emnium
841 4706 887 4749 nr·
942 4689 996 4751 rit.
1031 4685 1149 4748 Pestss
1166 4683 1335 4763 deauratis
1355 4683 1502 4745 benestee
1522 4684 1602 4744 uitae
1622 4702 1747 4746 eum

83 4774 184 4841 dluum
208 4779 293 4841 ciues
318 4788 369 4843 eet
393 4777 583 4860 eumplsns,
610 4780 707 4840 etita
733 4779 887 4843 moderate
944 4781 993 4842 dis
1010 4780 1137 4840 immane
1157 4776 1277 4839 lucinus
1295 4775 1450 4861 sbjursndi
1468 4774 1680 4837 boninitas
1699 4796 1748 4837 ve·

83 4866 295 4948 rempublicam
316 4876 482 4947 constitnit,
501 4880 535 4933 ut
552 4871 752 4951 nequissimus
770 4871 888 4936 liberta·
946 4871 1027 4934 ecrdi
1046 4871 1146 4931 selmo
1164 4871 1337 4951 enneneplt,
1357 4889 1414 4931 nee
1433 4873 1546 4930 tantun
1574 4870 1605 4930 ln
1624 4870 1747 4933 servitu

83 4962 125 5019 tit
137 4967 245 5039 ΜΒ,
262 4976 406 5031 tenente
413 4965 495 5029 felici
512 4963 564 5026 illu
579 4972 711 5027 veterum
723 4972 889 5048 temperum
946 4972 1006 5027 te·
1026 4984 1063 5025 se
1081 4963 1254 5044 tymnicn
1272 4960 1482 5023 dumimtienis
1500 4960 1689 5035 trediditsed
1706 4968 1746 5025 et·

85 5048 271 5131 conditione,
296 5057 440 5122 reductu
466 5077 536 5122 esse
561 5056 720 5121 ddmmur.
768 5058 834 5121 Sub
859 5057 889 5121 id
911 5124 916 5135 ‚
946 5058 1140 5119 maximarum
1152 5076 1240 5135 upum
1262 5052 1422 5136 cupiditate
1431 5053 1616 5119 blabumetis
1634 5062 1747 5117 sectam
