3742 5626
787 162 947 221 10111118.
969 164 1076 225 itata.
1731 176 1747 227 7

79 338 231 383 mausum
264 326 296 381 et
321 320 516 380 corruentium
541 319 724 398 imperiorum
751 317 887 386 illustria,
945 338 1041 379 rernm
1067 320 1269 399 potiebantur,
1294 322 1385 387 babet
1404 335 1435 385 et
1456 324 1580 386 biennia
1602 324 1747 395 (tunna,

80 434 202 495 quorun
221 432 314 475 casus
334 431 370 473 uc
389 412 566 473 mutationes
586 433 626 473 ex
648 411 785 471 civilibus
797 409 886 469 disci·
944 409 1092 483 Estenos,
1115 411 1236 485 laetum,
1265 420 1402 480 nationes
1423 428 1484 480 tam
1505 415 1638 479 moribus
1659 438 1749 499 quan

82 508 140 567 diis
167 506 341 589 plerunque
360 504 459 564 solent
477 506 553 565 oriri.
604 504 805 564 (Jnrrstitutnnr
828 500 887 561 boc

81 601 234 681 imperium
255 598 350 659 lueret
368 597 504 659 lelieibus
522 598 666 675 auspiciis
687 596 824 659 autento
835 616 884 655 aa·

82 714 149 761 nos,
170 714 207 751 cx
226 692 383 753 occasione
403 690 613 772 propagandae
634 690 822 751 Christianae
841 708 885 748 re·

80 786 210 862 ligionis.
250 784 404 863 Porrigere
422 804 459 845 se
479 784 630 862 reginum
652 784 748 865 ipsam
766 784 885 843 constet

82 881 113 939 in
132 876 340 957 longitudinem
359 897 450 956 supra
470 882 596 955 quatuor
608 875 769 937 stadiorum
782 875 885 945 millia,

82 990 173 1050 quum
198 972 227 1030 ln
253 968 433 1031 latitudinem
459 970 607 1030 minianum
631 969 670 1031 ad
692 970 767 1033 11110
785 967 885 1029 stadia

82 1069 189 1143 pateat.
208 1062 346 1125 Habebat
359 1064 520 1144 principem
531 1083 606 1125 eene
618 1068 777 1143 potentem,
796 1080 883 1140 quea

80 1156 252 1233 Magntma
272 1156 393 1217 militiae
411 1156 573 1227 vocabant,
598 1158 747 1235 equesbm
767 1153 885 1231 collegii

79 1246 353 1328 (vulgusordiuem
365 1247 511 1328 appellat)
532 1250 716 1327 praesidem:
736 1244 885 1327 quaeqnl·

80 1341 148 1403 dem
168 1342 300 1420 dignitas
320 1339 496 1399 adneminis
508 1340 637 1401 heredes
648 1341 808 1410 baneibct,
828 1336 885 1398 sed

80 1432 886 1511 nuorebnsbnraanisexcmto,deipsocollegiicorpore

82 1528 112 1585 in
126 1529 193 1607 ejus
201 1525 300 1585 locum
307 1525 384 1585 alius
390 1524 604 1585 subiciebatur.
624 1524 885 1604 Hubcbntpracter

944 503 1044 583 lingna
1069 501 1212 567 diversas.
1259 512 1291 569 in
1315 508 1420 572 eadem
1445 514 1583 591 regium,
1609 513 1747 585 einana,

944 595 1055 667 oleum,
1076 606 1108 659 et
1126 596 1185 659 alia
1205 600 1349 679 quaedam
1369 606 1476 665 mitiori
1495 602 1580 663 coelo
1600 603 1748 667 subiectis

942 692 1030 751 terris
1060 709 1207 752 concessa
1238 690 1377 757 divinitus
1406 698 1555 776 excipias,
1585 698 1665 770 (nam
1698 698 1772 761 bie'

942 778 1116 844 advecticiis
1135 790 1249 843 tanturm
1268 785 1404 864 utuntur)
1424 796 1524 849 cetera
1538 784 1577 849 ad
1596 808 1682 851 usum
1694 789 1746 851 bn·

942 893 1060 937 marium
1088 879 1262 937 necessaria
1293 881 1477 959 reperiuntur
1513 900 1548 941 ea
1582 885 1685 963 copia:
1714 891 1749 945 ut

943 987 1009 1027 cum
1028 971 1267 1030 eaterisomuino
1288 969 1371 1049 large
1391 975 1650 1033 communicentur.
1670 974 1748 1055 Ejus

943 1079 1014 1139 ergo
1033 1068 1131 1123 statua
1151 1071 1182 1123 et
1201 1063 1390 1127 incolumitas
1417 1084 1505 1146 quum
1528 1067 1668 1125 intestino
1689 1064 1747 1129 dia·

943 1150 1022 1213 cidio
1048 1155 1094 1213 sic
1123 1152 1302 1217 labefactata
1328 1155 1430 1229 luerit,
1457 1166 1490 1218 ut
1520 1159 1626 1237 ingens
1652 1178 1751 1221 rerum

944 1246 1073 1303 omnium
1092 1246 1254 1310 subsecuta
1274 1252 1396 1311 mutatio
1417 1253 1472 1311 sit:
1494 1270 1603 1332 operae
1623 1254 1750 1331 pretium
1796 1304 1801 1309 .

944 1338 1012 1407 erit,
1039 1335 1096 1397 hoc
1121 1342 1217 1419 ipsum
1237 1340 1407 1415 discidium,
1442 1345 1508 1423 ejus
1535 1364 1592 1424 que
1623 1364 1748 1409 causas.

945 1448 1011 1487 cnm
1031 1437 1094 1489 toto
1121 1432 1198 1491 civili
1224 1432 1318 1505 bello,
1344 1436 1473 1498 brevitor
1498 1438 1655 1517 (quantum
1681 1440 1750 1519 ejus

944 1520 1006 1581 lieri
1026 1524 1147 1603 poterit)
1170 1529 1291 1585 narrari.
1340 1527 1449 1589 Fuerat
1466 1534 1553 1591 aunis
1573 1530 1673 1592 multis
1692 1532 1748 1592 Ar·

81 1616 885 1700 bunc‚suarmumantistitemlbrcbiepiscopumgraeco
940 1614 1150 1695 cbiepiscopus
1186 1614 1282 1696 Rigae
1312 1616 1512 1692 Gnilbelmua,
1559 1632 1644 1703 patre
1670 1623 1751 1685 blar-

81 1711 226 1772 uocabulo
237 1710 379 1785 dicimus)
391 1709 567 1787 lligensom,
582 1730 618 1771 ac
628 1711 792 1772 secundnm
803 1711 884 1771 illum

78 1805 230 1865 substites
242 1803 318 1863 alios
329 1813 400 1873 tres,
413 1802 641 1883 Dorpateosem,
653 1804 885 1875 llabsclensom,

80 1901 126 1957 cni
148 1905 178 1957 et
205 1896 300 1957 (iscla
327 1896 477 1955 Curunnar
496 1896 635 1976 parebat,
662 1918 700 1958 ac
724 1896 883 1959 Reualien·

80 2010 153 2051 sea.
200 1988 312 2049 llorum
331 1987 458 2065 singulis
480 1988 606 2070 oppida,
635 1993 796 2061 territoria,
822 2009 882 2049 mu·

81 2086 160 2143 uitae
186 2100 273 2143 arces
300 2088 385 2143 erant
432 2084 580 2162 annuique
613 2080 726 2143 lrrrctns
759 2081 881 2143 uberes.

81 2174 221 2237 ilabebat
238 2173 374 2235 ciuitates
394 2176 425 2233 et
453 2173 583 2254 amplas,
610 2196 706 2256 neque
733 2197 787 2257 pro
815 2195 882 2235 con·

80 2264 236 2329 suetudine
261 2264 454 2327 barbarorum
480 2275 661 2339 emunctae,
694 2268 798 2348 :quales
824 2267 883 2347 ple·

80 2380 189 2442 raeque
215 2366 287 2419 sunt
311 2361 341 2417 in
375 2361 475 2435 regnis
502 2360 801 2440 septentrionalibus:
826 2357 884 2420 sed

81 2455 228 2531 insignem
262 2448 301 2511 ad
334 2448 511 2527 elegantiam
538 2460 669 2513 ornatas.
723 2454 803 2513 inter
830 2472 883 2515 cas

80 2546 215 2625 principe
240 2542 307 2603 loco
328 2550 399 2603 sunt
418 2540 510 2622 llige,
537 2544 742 2607 Bremensinm
763 2546 883 2607 Germa·

81 2658 182 2698 anonim
204 2636 334 2706 colonia,
360 2638 419 2697 sita
439 2635 594 2698 commodo
622 2637 689 2698 loco
709 2636 748 2699 ad
768 2658 883 2698 amnem

82 2730 213 2799 Utinam,
247 2731 331 2788 errius
363 2732 392 2788 in
421 2728 590 2800 Oceanum,
622 2750 708 2809 quern
733 2729 791 2791 boc
817 2731 883 2791 loco

79 2820 254 2883 Balticurna
273 2820 362 2881 baltei
378 2819 569 2881 similitudine
585 2832 770 2902 rrurrcrrpant,
789 2832 886 2883 sernet

80 2915 269 2975 exonerastis
289 2916 397 2971 ostium
417 2912 455 2972 ab
470 2912 542 2972 urbe
562 2911 653 2974 adlit)
668 2913 768 2976 stadia
784 2913 885 2986 distat,

80 3018 111 3067 et
130 3005 220 3067 babet
233 3003 338 3063 fluvius
360 3024 424 3065 eam
446 3003 684 3082 magnitudinem,
705 3017 738 3068 nt
757 3030 794 3069 ex
813 3010 885 3069 mari

80 3120 172 3161 rraves
193 3095 232 3159 ad
254 3096 355 3157 urbem
375 3096 500 3157 snbrebi
527 3101 659 3178 possint:
692 3099 787 3160 altera
821 3099 887 3161 lle·

80 3192 173 3259 ralia,
212 3188 364 3249 Danaorum
395 3211 412 3249 a
442 3210 512 3266 rege
534 3188 714 3253 valdemaro
752 3190 882 3265 condita,

80 3270 165 3363 po'rm
186 3285 214 3341 in
236 3284 308 3340 :nari
330 3281 438 3342 baltico
459 3284 566 3360 insigni
587 3284 683 3346 clara:
706 3288 792 3347 tertia
810 3284 883 3345 Dor·

80 3384 195 3455 patum,
221 3373 332 3433 llnssis
354 3373 490 3444 finitima,
517 3384 638 3457 propter
663 3380 747 3438 cuins
767 3381 884 3439 moenia

81 3469 162 3529 lleea
182 3467 317 3526 fluviolus
338 3466 453 3537 labitur,
474 3464 513 3527 ad
534 3472 709 3529 corrrnuercia
729 3490 794 3529 cnm
807 3469 883 3531 llus·

81 3566 125 3622 sis
147 3568 395 3641 peropportunus.
440 3558 517 3619 Naar
539 3563 568 3620 in
589 3582 689 3622 conum
710 3562 784 3622 liures
806 3561 884 3625 ‹lela-

80 3666 144 3725 tns,
172 3656 301 3713 arnensis
321 3655 440 3711 omniuo
464 3653 522 3710 ‘200
541 3651 663 3724 stadiis,
690 3657 719 3713 in
738 3656 883 3734 arnplissi·

81 3768 157 3807 rnrrm
189 3766 224 3805 sc
257 3754 394 3823 stagnum
425 3754 580 3816 exonerat,
612 3743 691 3825 quod
718 3745 885 3807 l’ebnssam

82 3847 204 3899 uocant:
225 3841 324 3917 itaque
338 3836 377 3906 lit,
400 3845 433 3897 ut
445 3836 577 3917 Dorpato
592 3836 778 3899 l'lescoviam
791 3859 885 3919 usqne

80 3932 225 4013 perueniri
246 3932 363 4007 nauigio
390 3932 496 4008 possit.
544 3931 703 4009 insiguiter
722 3930 778 3990 boc
806 3939 885 4011 stag·

82 4044 151 4084 nrrnr
178 4024 262 4081 nario
289 4024 414 4101 piscium
440 4041 549 4099 gernere
574 4020 716 4084 abrrrrdat.
757 4020 887 4101 porrigit

81 4122 112 4177 in
134 4109 346 4189 longitudinem
366 4111 404 4173 ad
424 4115 482 4177 ooo
499 4132 535 4173 se
554 4110 667 4185 stadia,
695 4124 725 4175 et
746 4136 799 4175 sex
819 4136 886 4197 sep·

82 4219 181 4269 temne
202 4206 331 4282 receptis
350 4204 500 4277 amitibus,
526 4208 556 4265 in
578 4206 732 4269 Oceanum
754 4227 811 4267 nno
832 4206 886 4269 lcr·

944 1707 1049 1767 ebione
1079 1705 1306 1788 Brandebnrgio
1352 1718 1445 1771 matre
1477 1710 1637 1783 Polonica,
1670 1718 1750 1793 regis

943 1799 1081 1861 Casiuriri
1102 1798 1175 1861 lilia.
1197 1800 1381 1879 sigismundi
1402 1822 1506 1863 sorore
1527 1812 1626 1865 natus.
1669 1806 1749 1869 luter

942 1892 1017 1953 alios
1043 1892 1133 1974 bujns
1154 1891 1275 1966 iratres,
1302 1916 1378 1976 quos
1405 1916 1526 1956 :nurnero
1549 1918 1607 1957 rron
1626 1918 1751 1981 paucos,

942 1993 973 2045 et
991 1984 1122 2047 illustres
1143 1989 1261 2046 omnino
1281 1990 1433 2068 principes
1456 1988 1600 2061 babebat,
1621 1992 1749 2055 eratdl·

943 2076 1060 2149 bertus,
1091 2080 1140 2158 qni
1164 2078 1190 2139 F
1192 2077 1318 2139 riderico
1347 2079 1498 2143 Senoniae
1519 2082 1637 2147 Ducum
1661 2092 1751 2165 gente

943 2178 1028 2241 nato,
1047 2189 1155 2249 magno
1176 2170 1405 2232 'santonicorum
1426 2177 1557 2254 equitum
1583 2178 1614 2236 iu
1638 2174 1749 2239 Bnrus·

942 2266 988 2323 sia
1009 2260 1153 2339 blagistro
1172 2274 1378 2325 successerat:
1399 2288 1466 2329 narn
1487 2276 1517 2329 et
1535 2266 1681 2332 Bornssia
1699 2268 1749 2333 bt-

942 2358 1047 2415 voniae
1068 2357 1164 2415 vicina
1186 2356 1343 2436 collegium
1370 2369 1507 2438 equestre
1528 2368 1590 2423 tum
1609 2360 1749 2435 babebat,

942 2468 1008 2507 curn
1034 2468 1091 2529 qun
1113 2468 1148 2509 se
1175 2456 1244 2509 ante
1271 2450 1383 2529 aliquot
1407 2453 1530 2514 saecula
1550 2452 1750 2518 Livorriensas

943 2543 1057 2620 equites
1084 2548 1201 2601 mutuae
1234 2539 1420 2603 defensionis
1458 2565 1550 2606 causa
1588 2551 1747 2629 conjunxe-

942 2640 1018 2693 rant
1059 2632 1202 2693 Albertus
1224 2634 1272 2693 bic
1293 2634 1391 2695 multis
1410 2637 1498 2695 annis
1519 2657 1584 2697 cum
1604 2639 1750 2700 avunculo

943 2722 1135 2802 sigismundo
1164 2742 1234 2802 rege
1256 2724 1333 2786 bella
1358 2730 1455 2802 gessit
1480 2726 1608 2799 lortiter,
1640 2739 1673 2788 nt
1699 2728 1749 2791 ad-

943 2836 1048 2877 versus
1062 2815 1207 2875 l'olcnum
1215 2816 1331 2895 collegii
1352 2820 1398 2878 sui
1415 2820 1485 2897 jura
1497 2815 1688 2883 defenderet:
1699 2824 1750 2904 qui

944 2907 1079 2977 fratrum,
1112 2908 1220 2987 patris,
1252 2907 1434 2990 alienamque
1459 2913 1604 2991 majorum
1629 2934 1751 2975 suornm

944 3000 1078 3081 exemplo
1098 2998 1272 3061 llornssiam
1292 3001 1350 3061 snb
1370 3006 1484 3083 imperii
1503 3007 1551 3065 sni
1567 3004 1750 3085 jurisdictio·

945 3115 1012 3155 nem
1033 3112 1178 3155 revocare
1197 3092 1333 3165 volebat,
1358 3114 1487 3175 quaese
1512 3100 1601 3158 unius
1626 3100 1749 3181 impera·

944 3189 1017 3247 toris
1049 3185 1177 3247 llornani
1206 3189 1411 3247 auctoritatem
1442 3190 1528 3268 sequi
1554 3188 1749 3270 profiteretur.

944 3279 1043 3350 linum
1063 3286 1161 3339 animm
1182 3279 1290 3340 multos
1318 3281 1364 3353 (ut
1388 3278 1530 3357 diximus)
1554 3302 1649 3343 annos
1675 3282 1751 3345 baec

944 3372 1022 3433 bella
1042 3369 1191 3442 durarent,
1211 3392 1248 3433 ac
1264 3371 1376 3431 viribus
1390 3372 1511 3433 inlerior
1524 3373 1667 3437 rllbertus
1685 3398 1750 3439 sae·

943 3468 1010 3545 pins
1031 3463 1186 3545 implorata
1207 3464 1280 3544 lmp.
1303 3464 1393 3525 Caes.
1419 3465 1517 3526 Caroli
1532 3466 1564 3526 l'.
1586 3469 1665 3547 Aug.
1688 3472 1751 3551 (qui

943 3566 1004 3617 tuor
1025 3556 1199 3637 llispanieis
1227 3556 1397 3637 italicisque
1418 3556 1546 3619 motibus
1566 3560 1688 3621 mirifice
1708 3558 1749 3620 di·

944 3648 1126 3724 stinebatur)
1151 3668 1223 3729 ope,
1249 3648 1322 3707 nibil
1342 3652 1546 3730 impetrasset:
1573 3650 1702 3712 tamdem
1720 3656 1750 3712 vi

944 3744 1057 3822 majore
1078 3748 1210 3812 coactns,
1232 3738 1425 3819 sigismundo
1435 3761 1470 3801 se
1490 3744 1552 3819 regi
1574 3763 1652 3802 arrno
1675 3744 1749 3803 112⁵

944 3836 1107 3894 summittit.
1151 3835 1252 3912 ltaque
1272 3830 1483 3910 sigismundus
1505 3836 1531 3893 ei
1545 3831 1687 3894 detractis
1700 3834 1751 3897 ali·

946 3932 1017 4005 quot
1036 3923 1221 3993 ciuitatibus,
1243 3920 1386 3992 Gedano,
1408 3920 1502 4002 (quod
1522 3921 1611 3985 bodie
1630 3924 1751 3987 Dentis·

945 4036 1011 4077 eum
1030 4019 1156 4090 uocant)
1183 4012 1320 4083 Teroua,
1353 4013 1577 4097 blariaebnrge,
1605 4016 1752 4101 Elbinga:

944 4108 1086 4188 reliquam
1106 4105 1262 4177 ditionem,
1283 4104 1395 4167 abolito
1415 4110 1545 4189 equitum
1565 4112 1595 4170 ia
1616 4112 1654 4173 iis
1675 4112 1752 4177 loeis

946 4200 1087 4279 collegio,
1108 4197 1299 4261 beneficiario
1319 4198 1475 4263 clientelae
1491 4204 1559 4282 jure
1579 4206 1625 4265 sic
1647 4226 1752 4267 conce·

82 4312 129 4361 sur
154 4296 256 4357 alveo:
290 4297 339 4373 qui
369 4314 457 4373 mum
483 4294 520 4359 de
551 4304 719 4381 praeruptis
753 4300 886 4381 seopulis
946 4292 1004 4365 dit,
1029 4300 1063 4353 nt
1083 4312 1119 4353 ea
1139 4299 1200 4351 mm
1220 4294 1301 4372 ipse,
1328 4300 1390 4353 tum
1410 4297 1471 4356 nati
1499 4316 1535 4357 cx
1561 4317 1598 4359 eo
1624 4296 1752 4360 heredes

87 4390 242 4474 praecipiti
258 4384 345 4467 lapsu
364 4394 438 4455 ruat,
460 4386 537 4449 idem
557 4391 750 4453 vicinioribus
771 4390 889 4465 accidit,
946 4385 1084 4449 masculi,
1118 4391 1150 4445 et
1175 4380 1334 4446 heredibus
1367 4386 1509 4449 masculis
1542 4386 1753 4463 dilicientibus,

82 4481 162 4565 qnod
182 4482 339 4540 usuvenire
351 4476 552 4541 babitantibus
567 4480 606 4543 ad
622 4482 683 4546 Nili
698 4494 882 4547 catarractas
946 4478 1069 4560 1111111111
1101 4498 1119 4537 ⁰
1151 4473 1441 4559 Bfffld‘lllffssl‘lfflm
1472 4482 1638 4562 Pflflcll'lffl
1663 4488 1754 4561 811110

84 4576 267 4654 accepimus,
296 4573 337 4631 nti
360 4572 492 4631 :nimirum
518 4574 669 4653 paullatim
697 4574 884 4639 surdescant.
946 4574 1046 4651 agnati
1073 4566 1217 4631 cumbae
1238 4568 1413 4631 condicione
1434 4569 1614 4641 fruerentur,
1641 4576 1669 4633 si
1696 4570 1752 4631 Po·

84 4654 502 4757 &cunduflftngchitateffi
528 4664 638 4745 oppida
656 4680 727 4731 aum
751 4670 810 4733 ηιξ,
836 4672 886 4731 mi.
947 4664 1043 4725 lonia'e
1064 4682 1165 4741 regum
1186 4683 1221 4723 se
1241 4662 1381 4735 clientes,
1403 4683 1462 4722 non
1482 4665 1669 4741 imperatoris
1691 4662 1752 4723 llo·

84 4780 167 4827 ruore,
188 4750 480 4835 magnificisltrcibns
491 4758 617 4819 munita:
637 4763 761 4841 primum
771 4759 888 4833 Vende,
947 4760 1033 4825 mani,
1048 4754 1210 4816 Bornssiae
1224 4758 1341 4815 nominc
1354 4752 1569 4835 profiterentur.
1591 4750 1681 4823 Quod
1693 4758 1753 4837 qni·

85 4860 206 4933 propter
226 4850 323 4911 aulam
336 4847 473 4926 lllagistri
492 4847 612 4909 militiae
630 4850 794 4919 nobilitata,
815 4854 888 4913 etin
948 4846 1015 4909 dem
1038 4844 1068 4905 id
1088 4846 1231 4925 tenrporis
1251 4848 1374 4925 primurm
1392 4848 1550 4915 1111011111»
1569 4862 1648 4905 111110
1666 4864 1753 4931 wlit-

85 4942 499 5019 medietatinaregionissita:
513 4936 622 5001 deinde
634 4940 888 5012 valenensem.
949 4944 1026 5001 riore
1055 4938 1190 4997 nimirum
1211 4935 1283 4995 1521
1305 4943 1479 4997 renovatum
1498 4944 1554 4997 est.
1575 4934 1753 5021 Numquam

86 5042 133 5097 vi·
146 5036 302 5097 mal-ipim·
323 5030 529 5113 q'mbupgqm
572 5030 726 5095 Volmgfifl
759 5032 888 5097 Vitem·
949 5028 1093 5093 Alliel'lm
1131 5034 1200 5089 aule
1232 5028 1389 5088 biennium
1421 5028 1510 5087 unico
1541 5028 1602 5092 fillo
1627 5030 1753 5095 Allieno

86 5148 154 5189 num
176 5126 285 5187 Nerua.
306 5134 335 5182 et
353 5123 420 5184 alia.
435 5124 559 5188 Praeter
571 5126 747 5193 Germanos.
767 5130 816 5205 qni
830 5136 891 5187 tum
952 5117 1106 5183 liriderice
1127 5138 1163 5177 ea
1188 5114 1281 5179 altera
1312 5122 1441 5201 conjuge
1470 5118 1639 5200 3111111811
1660 5123 1754 5185 1111111

1416 5230 1453 5289 lo
