3734 5610
691 203 790 270 luas
808 203 854 268 ΙΝ
873 202 1143 269 noscemus
1422 232 1429 263 x
1704 202 1760 267 ΥΠ

95 369 240 434 triarcbas
249 367 619 451 constantinopolitanum,
639 365 900 439 etMoserensenr,
926 363 931 429 l
958 367 1093 449 protulit:
1113 365 1251 446 Reginae
1265 366 1365 448 jussis
1384 364 1579 428 libentissimo
1592 367 1690 429 anlmu
1710 366 1761 428 ob·

96 465 143 525 siu
161 463 310 525 allocutus
329 467 387 523 eat.
957 468 1173 540 temperamus:
1199 479 1361 540 omnesque
1387 458 1469 519 illinc
1493 480 1559 522 cum
1577 459 1761 536 Patriareba,

173 556 378 627 sanctissimi,
403 554 552 634 divinique
571 552 779 625 Patriarcbae‚
798 553 901 615 ceteri·
958 550 1097 632 et'Rege
1116 551 1240 634 prefecti
1261 572 1374 613 sunus.
1803 607 1808 616 .

96 668 158 730 qne
176 648 328 735 Episcopi,
348 653 379 708 et
396 646 614 726 Metropolitae.
645 645 824 708 Theodorus
844 646 900 708 Or·
1033 643 1075 705 Et
1098 647 1222 726 primun
1254 644 1374 726 quidem
1400 643 1558 707 incedebat
1582 644 1666 720 Rex,
1697 656 1761 709 tum

95 740 258 814 tbodoxus,
276 738 426 804 Maximus
442 739 513 802 Rex
532 739 764 812 Volodinreriae‚
783 740 901 802 blusso·
957 737 1162 815 Patriarcbae,
1182 744 1213 799 et
1231 737 1337 818 reliqui
1357 759 1396 799 ex
1415 736 1518 798 ordine
1534 737 1686 820 Episcopi,
1705 744 1760 804 Ar·

95 835 175 907 viae,
192 837 345 917 totiusque
364 833 497 895 Russiae
512 833 608 915 jubet,
629 853 686 895 ros
704 833 830 912 Regiam
850 854 900 895 au·
958 831 1187 903 cbinandritae‚
1215 836 1305 911 atquc
1330 832 1488 910 praelecti,
1518 831 1761 915 clarissimusque

95 927 155 988 lan
186 926 406 1003 conscendere,
436 931 470 988 ut
499 927 654 988 vobiscum
683 926 722 987 de
751 926 901 1007 aliquibus
959 925 1099 986 nobilium
1118 925 1287 986 comitatus.
1328 924 1490 1006 Postquam
1510 925 1550 986 ad
1568 926 1691 988 alteram
1712 949 1762 990 au·

96 1021 188 1081 rebus
207 1023 416 1092 eommunicet,
436 1029 467 1082 et
487 1019 614 1082 sollicito
632 1020 731 1082 animo
752 1023 902 1097 expectat.
958 1017 1016 1080 Ιιιι
1037 1019 1240 1096 pervenimus,
1265 1036 1370 1078 omnes
1397 1016 1505 1078 ibidem
1530 1021 1717 1083 constitimus
1744 1044 1763 1082 a

97 1112 290 1175 Surrexirms
309 1115 424 1194 itaque,
442 1133 563 1192 unaque
582 1132 658 1174 voce
675 1112 901 1195 pronunciatum
958 1111 1076 1172 minimo
1097 1130 1195 1191 usque
1216 1109 1255 1171 ad
1273 1113 1443 1172 maximum.

97 1212 162 1267 est:
192 1206 289 1286 Regis
313 1207 451 1269 voluntas
476 1206 609 1287 inprimis
633 1205 842 1287 adimpleatur3
871 1209 903 1265 et
1034 1202 1170 1266 Aderant
1187 1211 1286 1265 antem
1308 1205 1347 1265 ibi
1368 1204 1507 1266 mulieres
1527 1205 1682 1284 plurimae,
1703 1206 1761 1269 Vo-

97 1299 220 1379 gradunr
245 1305 400 1361 moventes
427 1299 654 1378 amplissimam,
682 1298 901 1380 praestantissi·
959 1295 1145 1373 lodincriae,
1164 1296 1354 1372 Moscovise,
1381 1299 1530 1379 totiusque
1549 1299 1682 1362 Russiae
1701 1299 1761 1362 Re-

98 1413 234 1473 mque
255 1392 352 1455 aularr
372 1395 589 1453 concessimus.
628 1392 696 1453 Rex
716 1392 817 1453 statim
838 1410 901 1452 sur·
957 1391 1045 1469 gisae
1077 1388 1272 1465 tumulantes,
1299 1390 1387 1452 albae
1412 1411 1516 1453 onnes
1544 1413 1562 1455 a
1588 1393 1698 1454 vertice
1723 1394 1763 1455 ad

99 1487 186 1561 rexit,
198 1486 339 1548 etsoliuxr
351 1485 477 1566 reliquit,
490 1490 523 1546 ut
531 1485 901 1564 Patriarcbamexciperet,
958 1483 1053 1564 pedes
1078 1502 1190 1565 usque,
1218 1491 1253 1542 ut
1277 1484 1375 1555 nivem
1403 1484 1514 1566 ipsam,
1541 1491 1632 1566 atque
1656 1507 1762 1569 gossy-

99 1598 187 1659 qnem
211 1577 261 1640 bis
285 1580 387 1642 verbis
412 1577 520 1640 effatus
545 1587 604 1639 est.
650 1578 826 1662 Opportune
852 1575 902 1638 ad
957 1577 1047 1659 pium,
1067 1576 1222 1656 ipsiusque
1241 1575 1325 1637 Solis
1346 1575 1445 1638 radios
1465 1581 1692 1653 aemularentur,
1714 1602 1763 1643 ue·

99 1673 225 1742 venisti,
252 1673 380 1733 Domine
399 1672 455 1747 mi,
480 1669 611 1733 Maxime
630 1671 817 1749 Patriarcba‚
842 1690 903 1733 nna
958 1681 1018 1751 qne
1055 1677 1257 1730 oruamentum
1294 1667 1385 1729 ullum
1418 1669 1500 1731 aliud
1533 1674 1580 1732 rel
1613 1674 1763 1736 minimum

99 1784 167 1825 cum
201 1765 292 1827 fratre
320 1770 373 1825 tno
403 1764 482 1826 Jobo
511 1784 618 1825 recens
643 1766 672 1826 in
700 1763 902 1827 Patriarcbanr
958 1763 1132 1843 gestabant,
1157 1762 1376 1832 siccantem,
1401 1762 1467 1823 sive
1487 1765 1668 1827 coccineum.
1708 1767 1764 1828 lbi-

100 1857 214 1929 elccto,
251 1859 420 1938 ceterisque
450 1857 630 1939 Episcopis;
668 1864 759 1940 atque
789 1860 902 1919 utinam
958 1854 1026 1917 den
1045 1854 1218 1917 admiranda
1242 1854 1400 1917 simulacra
1420 1854 1521 1917 vidore
1548 1863 1612 1918 erat
1632 1861 1762 1940 praeclu-

98 1951 186 2012 Dcus
215 1970 314 2012 eorum
345 1971 454 2033 preces
483 1950 630 2012 exaudiat.
681 1951 748 2013 laur
781 1957 812 2012 te
841 1971 903 2023 oro,
958 1949 1000 2009 ris
1019 1951 1209 2025 ornamentis,
1230 1950 1376 2028 lectisque
1394 1948 1504 2028 lapillis
1516 1950 1682 2031 splendida,
1700 1975 1766 2036 pre·

100 2045 302 2124 obtestorque,
321 2049 355 2106 nt
374 2043 443 2104 nibi
464 2043 563 2106 fausta
582 2045 723 2125 preceris,
743 2050 833 2124 atque
853 2045 903 2105 bo
958 2043 1106 2122 tiosisqus
1125 2042 1286 2123 stylobatis
1306 2044 1503 2123 superposita.
1526 2042 1612 2106 'lunc
1630 2048 1764 2109 mcundo

99 2136 295 2199 nedictiouerr
321 2138 510 2219 impertiaris,
535 2157 612 2216 quae
637 2158 786 2218 nunquam
811 2159 830 2200 a
856 2157 903 2198 nra
959 2140 1093 2196 reserata
1124 2139 1174 2196 ost
1203 2155 1293 2195 aurea
1320 2134 1370 2195 illa
1391 2138 1502 2217 janua,
1531 2137 1612 2199 uude
1630 2139 1764 2202 Μιιιιίιιιο

98 2230 229 2291 recedat.
251 2230 423 2292 Patriarcba
440 2230 569 2292 sublatis
587 2232 732 2301 manibus,
755 2236 786 2292 et
804 2231 903 2292 inusta
958 2226 1037 2308 Regi
1058 2227 1134 2288 bace
1154 2227 1328 2288 retulerunt.

101 2329 257 2404 precatus,
295 2323 456 2385 Theodoro
495 2323 611 2396 inclito,
656 2323 784 2385 Maxi-o
824 2323 902 2402 Regi
1034 2319 1121 2382 lrcne
1141 2319 1292 2397 Orientis,
1316 2329 1407 2400 atque
1425 2319 1617 2398 Occidentis,
1644 2323 1764 2388 Volodi·

99 2416 290 2490 Moscoriac,
321 2418 473 2497 totiusque
492 2417 623 2495 regionis
642 2416 903 2497 septentrionalis,
958 2413 1083 2487 moriae,
1103 2413 1299 2490 Muscoriae,
1321 2416 1473 2496 totiusque
1491 2416 1626 2480 Russiue
1646 2417 1765 2500 Regina

99 2509 289 2590 Magnusque
327 2510 461 2572 Russiae
499 2509 658 2571 benedixit.
709 2509 902 2572 Postmodum
958 2512 1105 2589 precatur,
1123 2516 1157 2567 ut
1176 2505 1344 2568 inmediam
1357 2507 1464 2586 aulam,
1483 2511 1535 2573 nbi
1556 2511 1661 2574 eadem
1675 2516 1765 2591 sistit,

99 2601 178 2664 baec
211 2604 302 2667 rerba
332 2602 372 2664 ad
401 2602 517 2682 Regem
546 2601 666 2664 babuit:
695 2604 781 2666 Deus
811 2623 904 2684 super
959 2601 1044 2661 vobis
1057 2601 1175 2683 placeat
1195 2600 1369 2675 concedere,
1389 2607 1490 2666 utros
1512 2605 1627 2666 obviarn
1645 2605 1764 2669 babeat.

101 2696 200 2757 omnia
225 2695 416 2767 benedictus,
447 2696 551 2769 Pater,
581 2696 692 2768 Filius,
722 2706 754 2757 et
772 2696 904 2776 Spiritus
958 2692 1087 2756 Primum
1107 2694 1194 2774 igitur
1214 2695 1370 2773 ingressus
1389 2701 1438 2756 eat
1455 2695 1539 2769 Rex,
1559 2703 1620 2760 tura
1640 2699 1765 2762 Patriar·

100 2788 249 2865 Sanctus,
274 2789 410 2870 aequalis
428 2787 594 2869 dignitatis,
614 2810 673 2851 non
695 2788 821 2850 contusa
840 2787 904 2850 Tri·
961 2786 1052 2858 obae,
1088 2806 1204 2867 uosque
1236 2786 1345 2847 deinde
1381 2787 1541 2871 Episcopi,
1575 2790 1764 2874 ultimusque

101 2884 181 2943 uitas
194 2882 402 2956 sanctissima,
422 2881 638 2944 incolometate
655 2883 904 2965 jugitersorveot,
960 2898 1110 2954 summus,
1136 2878 1399 2960 nobilissimosque
1417 2880 1497 2942 Baro
1518 2880 1613 2961 Regis
1638 2883 1765 2965 legatus,

102 2976 272 3056 firmamque
301 2973 501 3036 valetudinem
531 2979 700 3055 praestent,
730 2980 763 3035 ut
787 2975 904 3056 inperii
959 2979 1068 3053 atquae
1087 2971 1223 3051 Reginae
1243 2969 1380 3047 Μαίμωι
1400 2979 1468 3054 post
1487 2995 1575 3055 quem
1595 2976 1698 3040 clausa
1718 2987 1766 3041 est

101 3069 178 3130 bnes
198 3069 317 3147 longius
336 3065 476 3147 prolerre,
496 3087 661 3148 omnesque
672 3069 726 3129 tibi
745 3067 904 3130 adrorsan·
960 3065 1136 3148 pulcerrima
1155 3067 1266 3148 jaune,
1295 3086 1393 3147 nequo
1425 3067 1474 3128 alii
1507 3069 1633 3149 cuipiam
1665 3070 1765 3133 aditur

100 3167 150 3223 tes
168 3161 317 3243 subjicere
338 3160 450 3222 valeas.
959 3156 1127 3240 patefactus
1153 3165 1212 3219 est.
1254 3160 1297 3220 lbi
1323 3161 1581 3232 venustissimam,
1607 3163 1767 3243 religiosis·

179 3253 293 3316 Postea
312 3251 392 3315 sedit
411 3254 533 3332 prinum
552 3253 633 3332 Rex,
653 3254 762 3316 deinde
781 3255 904 3316 Patriar-
960 3253 1139 3332 sinumque,
1167 3257 1198 3314 ct
1223 3252 1364 3315 Senem·
1392 3252 1538 3332 Reginam
1562 3253 1676 3320 irenem
1695 3260 1766 3320 uitli-

101 3346 162 3410 eba
182 3346 539 3429 constantinopolitanus,
560 3354 622 3410 tum
635 3348 839 3425 Muscvcusis,
858 3368 905 3409 ce·
961 3365 1039 3422 mus,
1059 3364 1212 3424 quaecum
1226 3366 1284 3407 nos
1296 3348 1517 3427 conspexisset,
1536 3348 1615 3410 illico
1628 3354 1767 3430 annexit,

101 3441 217 3516 terique
229 3439 344 3500 denum
356 3440 511 3522 Episcopi,
529 3440 795 3516 Arebinandritae,
815 3447 906 3522 atque
962 3444 993 3500 et
1012 3460 1030 3501 e
1049 3437 1157 3518 Regali
1175 3438 1251 3500 sede
1269 3442 1406 3503 recessit
1430 3440 1700 3506 TuncPatriarcba
1720 3448 1767 3509 sic

100 3530 254 3615 praelecti.
962 3552 1028 3594 ean
1047 3532 1158 3613 alloqui
1177 3535 1285 3614 coepit.

179 3621 286 3685 Adluit
308 3624 397 3684 etlam
416 3623 555 3703 Reginae
575 3625 707 3705 legatus,
733 3628 783 3706 qui
802 3647 907 3688 rocem
1039 3625 1107 3684 Avo
1126 3624 1256 3687 Domina
1279 3625 1372 3698 irene,
1393 3627 1602 3706 religiossime,
1622 3638 1653 3693 ct
1672 3632 1768 3695 blaxi-

103 3737 203 3779 eoram
222 3717 361 3778 omnibus
382 3716 544 3789 extollens,
568 3720 616 3779 sic
635 3717 839 3781 Patrlarebam
859 3739 906 3780 ce·
963 3736 1020 3787 rna,
1042 3717 1256 3797 plurimumque
1275 3718 1342 3780 Deo
1362 3725 1487 3799 accepta
1506 3719 1633 3799 Regina.
1674 3724 1768 3787 Salre

103 3817 232 3872 terarum
243 3810 411 3891 Principem
425 3809 659 3871 Oecnmenicun
679 3811 826 3873 allocutus
846 3817 904 3873 est.
963 3814 1080 3870 ceteras
1100 3809 1176 3870 inter
1194 3809 1330 3888 Reginos
1350 3810 1509 3894 Princeps,
1529 3819 1618 3893 atque
1637 3814 1769 3882 domina·

180 3903 310 3964 Maxime
331 3903 501 3965 Patriarcba
525 3904 618 3965 tutius
638 3904 788 3977 Orientis,
817 3909 908 3986 atque
963 3922 1025 3963 rum
1036 3902 1174 3974 Domina,
1195 3902 1306 3982 gaude
1327 3902 1511 3978 Russorpn,
1530 3914 1620 3988 atquo
1640 3908 1768 3989 Septen·

105 3997 296 4069 Occidentis,
323 3996 667 4078 Constantinopolitano,
695 3997 907 4071 Oecuneniee,
963 3995 1129 4057 trionaliurr
1159 4001 1301 4059 terrarum
1327 3995 1436 4075 decus,
1466 4003 1555 4080 atque
1575 3997 1769 4067 Ortbodoxae

104 4090 191 4152 lrene
212 4090 347 4152 Orientis
365 4085 490 4173 pariter,
519 4096 608 4171 atque
628 4089 821 4164 Occidentis,
847 4091 906 4152 Vo-
962 4088 1032 4150 bdei
1058 4094 1178 4151 nostrae
1203 4089 1393 4171 praesidium.
1433 4091 1506 4152 Mox
1535 4091 1687 4158 dexteram
1717 4119 1768 4161 cx·

103 4183 477 4258 lodi-erinabloscoviae,
488 4185 640 4263 totiusque
649 4184 792 4258 Russiac,
804 4185 907 4247 Astra·
962 4183 1081 4260 tollens,
1101 4192 1133 4244 et
1152 4183 1252 4245 fausta
1272 4191 1422 4262 precatus,
1441 4183 1578 4265 Reginae
1590 4187 1769 4253 Mnedietio·

104 4274 207 4352 cbani,
228 4275 350 4354 Omani,
369 4277 559 4357 Magoaeque
577 4277 799 4357 Novognrdiac,
819 4284 908 4340 terra·
962 4297 1030 4338 nen
1049 4276 1173 4357 largitus
1192 4281 1250 4338 est.

104 4389 167 4430 ιιιι
188 4366 487 4449 septentrionalium,
517 4376 607 4451 atque
627 4370 764 4434 Siberine
788 4370 909 4450 Regina
1040 4368 1183 4431 Secundo
1210 4369 1276 4430 loco
1296 4389 1403 4432 recens
1424 4372 1541 4437 electus
1560 4372 1695 4441 Russiae
1714 4381 1769 4442 Pa·

104 4463 296 4544 dcprccatur,
320 4467 351 4523 et
370 4464 524 4540 obsecrat,
550 4471 583 4525 ut
602 4464 641 4527 ad
662 4484 730 4526 cam
750 4484 816 4525 cun
836 4463 908 4547 Epi·
963 4462 1092 4524 triarcba
1122 4462 1221 4524 eidem
1246 4462 1384 4543 Reginae
1416 4464 1516 4530 fauna
1540 4480 1681 4547 precatus
1712 4479 1769 4547 est,

103 4557 206 4637 scopis
231 4556 351 4632 venias,
380 4562 470 4636 atquo
496 4558 734 4619 benedictionem
765 4557 906 4637 largiaris.
964 4557 1044 4638 quod
1064 4563 1095 4619 et
1115 4558 1206 4618 ceteri
1227 4557 1337 4620 deindo
1356 4557 1510 4640 Episcopi,
1531 4579 1567 4620 er
1587 4562 1689 4625 ordine
1709 4567 1771 4626 sin·

106 4649 265 4730 Quaque
291 4648 367 4710 baec
392 4649 534 4722 dixisset,
560 4653 704 4733 praestito
723 4654 908 4713 reverentiae
963 4651 1024 4730 guli
1056 4649 1257 4714 venerabundi
1288 4652 1516 4733 praestiterunt,
1555 4653 1709 4735 multaque
1740 4659 1770 4719 in

105 4743 202 4815 cultu,
233 4742 414 4823 detectoque
438 4745 535 4825 capite
567 4746 596 4805 in
623 4744 720 4807 nediu
743 4745 842 4812 stetit.
873 4752 908 4805 ut
965 4748 1032 4828 ejus
1062 4744 1179 4806 lauden
1204 4744 1412 4823 unusquisque
1444 4743 1649 4825 proterebant,
1680 4758 1771 4833 etque

107 4835 295 4897 Petriarebae
324 4856 503 4917 responsam
537 4839 694 4919 acciperet.
743 4836 908 4898 Confestim
965 4838 1250 4918 praestantissimam
1279 4835 1428 4915 Βοςῖιιιιιι
1464 4836 1513 4898 bis
1545 4837 1639 4901 ferme
1671 4846 1771 4908 verbis

106 4929 233 4988 surrexit
245 4929 378 5009 Magnus
397 4929 578 5006 Patriareba,
596 4951 715 5012 unaque
731 4929 910 4992 Theodorus
967 4930 1192 5012 compellabant
1231 4930 1298 4990 Ave
1319 4929 1448 4992 Domina
1468 4933 1563 5004 irene,
1583 4934 1771 5014 religiosissi-

105 5017 910 5103 MuguaeRussiaeRexatquePatriarcbabloseren·
966 5043 1030 5096 rna,
1060 5032 1092 5083 et
1110 5022 1267 5104 plurimum
1287 5022 1355 5083 Deo
1375 5029 1500 5106 accepta
1518 5025 1646 5104 Regina.
1686 5031 1771 5093 [leus

107 5113 162 5187 sis,
181 5115 332 5194 ceterique
350 5117 510 5200 Episcopi,
530 5115 799 5194 Arebinandritae,
818 5125 911 5198 atque
967 5108 1060 5199 super
1081 5118 1180 5177 omnia
1200 5114 1392 5191 benedictus,
1419 5118 1468 5196 qui
1496 5125 1604 5182 cuncta
1627 5123 1695 5183 sinu
1716 5145 1771 5185 sno

105 5204 267 5290 praetecti3
290 5214 323 5270 et
339 5210 492 5275 linimus
510 5210 683 5274 Patriarcbe
701 5228 807 5274 rocem
831 5207 911 5273 bauo
969 5211 1061 5286 leret,
1080 5209 1223 5292 optinum
1243 5209 1297 5270 tibi
1315 5208 1423 5272 salutis
1441 5214 1568 5287 statua,
1588 5213 1771 5295 allusu-quo
