3742 5626
818 228 1002 287 auteurs.
1706 225 1741 283 tl

77 384 230 445 tirenorurn
252 406 360 465 rvgmeu
380 382 528 457 incidunt,
549 389 598 465 qut
613 387 707 465 raptis
717 382 880 461 virginibus
939 389 1036 443 castra
1058 392 1211 457 metantur,
1235 385 1367 466 quotidie
1385 404 1443 446 sex
1468 389 1520 445 aut
1544 392 1659 463 septen
1679 382 1741 443 ue·

77 486 107 537 et
127 476 259 549 laterinis,
290 478 357 538 illus
378 476 489 549 vividos,
516 480 652 556 omuirpre
672 485 797 555 argento
812 496 881 556 spo·
938 473 1093 535 tbcuorum
1113 476 1220 537 vexillo
1238 477 1276 537 ed
1295 480 1396 538 urbem
1416 478 1553 538 emicant.
1587 476 1741 537 cancell·-

77 569 164 630 liatos
186 569 335 631 dimittunt
347 569 527 631 Teutonicus
540 569 689 648 Magister
701 568 880 630 deditionem
939 568 1001 627 rius
1021 566 1227 648 Toqmteusis,
1246 589 1311 628 cum
1332 568 1506 650 quibusdam
1520 570 1697 629 consiliariis
1709 576 1742 629 et

78 662 185 723 laetam
207 664 389 741 intelligens,
411 667 453 723 ira
474 663 564 722 simul·
582 684 618 723 ac
639 662 742 723 dolore
762 679 880 722 exacer·
940 660 1097 720 nobilibus.
1115 660 1296 742 Episcopum
1308 663 1461 731 accedunt,
1473 662 1613 723 simulant
1622 684 1658 722 sc
1668 662 1743 723 urbe

70 756 181 837 batus,
203 758 338 815 t'astrum
350 755 491 835 Episcopi
503 754 708 835 Torpratensis,
738 755 880 832 Kieriepc
940 772 1125 831 egressuros,
1145 759 1176 813 et
1195 754 1330 813 cominus
1350 773 1415 812 cum
1435 752 1524 812 boeto
1544 755 1740 816 conflictares.

76 852 146 926 igne
167 844 330 907 succendit.
361 846 552 908 Praeclarum
574 848 631 907 boc
649 846 758 907 fuisset
777 853 807 907 et
820 844 880 922 glo·

79 943 121 999 ria
142 938 273 1017 dignum,
293 940 319 999 si
340 937 456 999 lacinus
477 938 587 1000 illudiu
599 940 713 1002 bostem
725 937 880 1015 designas·

79 1041 137 1092 set.
170 1031 345 1112 Expugnata
356 1034 525 1109 igiturercc
540 1032 737 1111 Nyenbusen,
757 1038 880 1111 etprae-

80 1124 158 1185 sidio
177 1127 301 1195 nrrrnita,
322 1122 390 1183 ltux
410 1127 557 1185 exereitus
570 1122 728 1184 lintbenici
741 1144 806 1184 cum
819 1114 881 1182 uni·

79 1236 164 1275 verso
188 1219 306 1293 agmine
331 1214 369 1277 ed
395 1216 589 1277 Teutonicum
616 1216 791 1293 Magistrum
816 1234 881 1295 per·

77 1311 134 1385 git,
168 1308 310 1388 praelium
338 1330 404 1369 eum
424 1330 460 1370 eo
483 1312 665 1369 committere
686 1311 881 1371 constituens.

76 1400 225 1478 Magister
243 1422 276 1461 rc
296 1402 459 1473 intellecta,
486 1405 570 1461 ocius
596 1401 665 1479 luga
677 1409 795 1482 arrepta
831 1397 881 1459 de·

77 1501 216 1573 serioque
226 1495 394 1574 Episcopo,
416 1516 432 1554 a
449 1493 628 1575 Torpatcnsi
642 1497 793 1573 provincia
804 1512 881 1574 peuc

77 1583 116 1645 ad
136 1588 240 1663 viginti
261 1589 388 1666 quinque
410 1586 543 1647 milliaria
564 1584 689 1646 secedit.

153 1678 284 1739 Rntbeni
304 1683 420 1759 equites
439 1699 560 1739 rrrrrrrcro
580 1681 700 1757 triginta
710 1677 801 1739 millia
815 1696 879 1760 per·

76 1778 151 1850 garrit
171 1774 200 1829 in
225 1770 439 1853 Torpatensem
460 1773 648 1853 provinciam,
668 1770 774 1831 obvios
793 1790 880 1851 quos·

77 1882 136 1943 que
156 1862 321 1926 Germanos
341 1862 504 1935 trucidant,
538 1864 615 1923 alios
635 1863 745 1944 plebeji
766 1862 880 1924 ordinis

75 1955 227 2029 bomine-s,
248 1966 391 2038 ‹prrotquot
411 1961 506 2038 parati
524 1964 622 2029 eraut,
642 1976 750 2034 magno
762 1956 881 2018 Mosco·

76 2052 143 2110 viae
158 2050 235 2111 lluci
255 2049 379 2130 subjici,
402 2050 443 2109 illi
464 2070 568 2131 parcre
579 2058 611 2111 et
619 2047 815 2130 jurejurando
829 2048 880 2109 ob·

76 2146 199 2221 stringi,
233 2142 288 2203 bos
315 2146 345 2202 in
367 2146 491 2221 gratiam
511 2144 667 2223 recipiunt.
717 2141 882 2222 Imperator

76 2234 296 2307 Euthenorum,
318 2239 455 2315 quoniam
476 2239 543 2317 ipse
562 2234 641 2295 bello
660 2254 721 2294 non
730 2237 881 2307 intererat,

76 2328 263 2410 praefecerat
288 2331 426 2388 exercitui
453 2327 567 2388 Ducem
595 2325 740 2406 qrrendam
760 2326 880 2387 Mosco·

76 2425 170 2495 vium,
191 2424 237 2481 cui
258 2440 363 2479 nonren
386 2420 475 2480 Petro
489 2417 706 2497 Sisegaleider,
726 2440 744 2480 a
764 2427 879 2500 septem

77 2513 261 2575 'l'rirernibus
283 2512 456 2585 (laleaceis,
477 2513 584 2594 quibus
605 2516 634 2572 in
655 2516 726 2573 rnari
745 2512 879 2593 praclue-

75 2614 136 2678 rat,
168 2614 199 2665 ct
228 2608 382 2687 piraticam
415 2613 601 2677 excreuerat,
633 2608 674 2665 ita
699 2606 877 2687 appellatus.

74 2698 134 2759 llic
160 2718 225 2757 curn
252 2702 391 2759 urdverso
417 2702 559 2770 exercitu,
592 2696 731 2759 videlicet
755 2708 880 2778 quatuor

76 2790 243 2868 agminibus
264 2790 465 2851 llutbcuorum
486 2811 541 2850 scu
561 2790 795 2861 Moscoviorum,
820 2810 879 2849 rino

77 2883 284 2953 Tartaroruur,
315 2902 437 2962 uirorum
463 2891 548 2942 eraut
572 2885 692 2960 triginta
713 2882 817 2945 millia.
849 2890 880 2943 et

76 2974 171 3035 altero
195 2978 449 3035 tomncutariorum
473 2994 528 3033 seu
547 2974 810 3054 scolopetariorum
831 2977 880 3054 qui

939 846 982 906 illi
1003 847 1097 923 portis
1118 846 1237 915 emissi,
1263 844 1382 905 deserto
1407 844 1574 925 Episcopo,
1600 846 1742 911 derelicta
1779 836 1789 847 ⁸

939 940 1067 1011 civitate,
1087 941 1191 1021 perlidi
1213 945 1244 999 ct
1267 936 1380 1016 profugi
1402 936 1507 1017 Rigam
1537 940 1615 997 omni
1641 941 1741 1001 celcri-

937 1040 1001 1092 tatc
1020 1052 1056 1093 se
1069 1035 1219 1112 rccipiunt.
1242 1032 1317 1093 Eam
1329 1031 1452 1111 patriae,
1472 1030 1653 1109 parentibus,
1671 1034 1742 1092 eml-

940 1126 994 1196 cis,
1014 1127 1204 1197 concivibus,
1229 1126 1290 1185 aris
1315 1132 1347 1183 ct
1367 1122 1445 1183 iocis
1471 1121 1557 1181 tidem
1579 1130 1742 1202 praestare,

940 1238 978 1278 cx
998 1216 1171 1280 Lutberuna
1189 1218 1248 1278 lide
1267 1216 1440 1277 didicerant.
1481 1215 1597 1274 Civium
1624 1236 1742 1296 quoque

940 1311 1016 1369 Ιιιιιιιι
1036 1331 1116 1391 pars,
1135 1330 1209 1389 opes
1230 1316 1261 1370 et
1279 1328 1394 1369 merces
1415 1328 1489 1369 suas
1508 1306 1614 1385 liigam
1635 1316 1667 1367 et
1691 1306 1742 1368 Ri-

939 1404 1044 1463 valiam
1065 1405 1213 1473 miserant,
1232 1411 1264 1463 et
1283 1403 1421 1482 paulatim
1442 1422 1479 1462 ex
1505 1402 1579 1461 urbe
1604 1420 1743 1460 secesse-

939 1496 1018 1555 daut.
1060 1494 1167 1556 Morbo
1187 1495 1276 1553 ctiam
1299 1514 1317 1553 a
1336 1495 1456 1555 Pascha
1482 1494 1521 1555 ad
1541 1494 1743 1554 Pentecosten

938 1590 1104 1667 grassante,
1125 1587 1238 1667 plurimi
1257 1587 1365 1646 sublati
1386 1594 1479 1660 erant,
1497 1599 1531 1648 ut
1544 1588 1629 1668 pauci
1642 1585 1742 1647 admo-

939 1682 1016 1753 dum,
1037 1683 1086 1762 qui
1106 1681 1206 1740 urbem
1227 1678 1449 1751 defensitareut,
1470 1686 1678 1761 superessent.
1701 1680 1743 1740 Ei

939 1780 1023 1835 crant
1043 1773 1233 1835 cathedralis
1252 1771 1412 1832 Ecclesiae
1428 1772 1570 1832 Canonici
1591 1778 1622 1833 ct
1635 1772 1742 1832 Sacer·

939 1867 1042 1939 dotes,
1066 1887 1133 1929 cum
1162 1866 1315 1947 Episcopo
1341 1870 1372 1925 et
1396 1866 1499 1942 paucis
1521 1863 1684 1935 nobilibus,
1711 1870 1743 1925 et

937 1961 1088 2042 plerisque
1099 1960 1148 2039 qui
1161 1961 1190 2019 in
1202 1958 1355 2019 catholica
1366 1958 1508 2036 religione
1517 1964 1743 2035 perseverantes

939 2056 1016 2115 brtro
1034 2055 1244 2113 immunitatem
1270 2051 1328 2129 (ut
1346 2051 1476 2127 vocant)
1502 2049 1659 2112 Ecclesiae
1685 2050 1743 2111 Ce-

938 2144 1083 2207 tbedralie
1101 2144 1290 2207 babitabant:
1317 2162 1413 2224 neque
1439 2146 1515 2204 enim
1540 2151 1664 2205 senatus
1690 2151 1743 2205 ent

939 2242 1021 2299 cives
1040 2239 1130 2299 ullum
1156 2241 1185 2299 in
1213 2241 1334 2299 civitate
1353 2236 1529 2308 tolerabant,
1556 2238 1605 2317 qui
1625 2235 1742 2315 religio·

938 2352 1005 2392 ncm
1027 2331 1212 2393 catholicam
1232 2350 1290 2390 non
1312 2329 1479 2410 abjurabat.
1505 2330 1641 2410 Septima
1660 2348 1741 2389 men·

937 2428 983 2486 sis
992 2424 1063 2484 dolii
1075 2424 1216 2485 Centurio
1229 2420 1348 2503 qrridam
1359 2422 1741 2502 Groningeusiscunreexa·

938 2522 1021 2597 ginta
1041 2516 1183 2577 militibus
1196 2515 1359 2595 Torpratum
1377 2519 1469 2588 venit,
1489 2515 1527 2575 ub
1543 2515 1695 2594 Episcopo
1709 2516 1740 2575 iu

937 2608 1117 2689 praesidium
1137 2611 1309 2688 suscipitur,
1329 2604 1399 2669 inde
1419 2629 1455 2667 ex
1465 2605 1622 2687 opificibus
1640 2615 1671 2667 et
1680 2606 1742 2687 ple·

937 2702 1016 2781 bejis
1037 2700 1134 2761 adbuc
1154 2707 1272 2761 centum
1293 2690 1469 2775 allegunturss
1494 2696 1659 2757 Undecimo
1669 2698 1741 2759 dulii

936 2793 1122 2855 Rutlrenicus
1134 2794 1291 2863 exercitus,
1313 2789 1476 2871 'l'orpaturu
1495 2788 1741 2850 adobsidcndam

940 2885 1043 2945 urbem
1064 2888 1169 2965 pergit.
1193 2882 1279 2944 Trrrre
1298 2885 1427 2943 omnium
1437 2880 1665 2963 'l'orpatensium
1680 2882 1742 2941 aui·

939 2996 1004 3037 uros
1024 2979 1130 3054 ingens
1151 2984 1246 3036 ructus
1267 2984 1297 3036 et
1316 2971 1442 3035 formido
1464 2970 1585 3046 invadit,
1612 2982 1645 3035 ut
1669 2970 1742 3053 qrrid

76 3064 234 3126 duodecim
260 3066 348 3127 millia
375 3066 610 3138 constituebant,
638 3065 783 3126 machinis
810 3086 879 3146 quo·
935 3072 1099 3149 inceptare,
1119 3067 1190 3149 quid
1211 3069 1305 3128 moliri
1325 3066 1478 3138 deberent,
1498 3064 1591 3139 dubii,
1612 3070 1689 3128 arixii
1709 3074 1742 3128 et

76 3180 134 3239 epu
160 3167 191 3219 ct
219 3163 374 3219 tormentis
395 3163 491 3220 aereis
512 3156 764 3240 praegrandibus,
796 3168 880 3221 teuto

77 3256 210 3331 inquam,
237 3272 303 3311 cum
325 3254 469 3324 exercitu,
490 3250 526 3312 ad
549 3249 746 3311 obsidendum
766 3250 878 3333 Tarpa·

75 3354 136 3403 tum
163 3342 359 3424 progreditur.
413 3346 528 3405 interea
547 3342 691 3424 qrvusdam
712 3342 880 3413 Germanos

74 3434 315 3517 deprehendens,
344 3440 424 3497 viros
451 3436 581 3498 brachiis
601 3444 734 3509 truncat,
760 3436 878 3499 leminis

937 3160 1045 3243 trepidi
1065 3182 1170 3233 rerum,
1192 3160 1270 3223 baud
1290 3164 1366 3223 satis
1385 3158 1508 3219 definire
1527 3167 1663 3238 possent.
1683 3158 1740 3219 Ce-

937 3258 1036 3315 noniei
1057 3262 1211 3337 assumpto
1224 3256 1311 3317 Duce
1324 3252 1525 3331 Groningeusi
1545 3259 1576 3311 et
1591 3250 1742 3332 pictisque

937 3346 1102 3421 nobilibus,
1126 3351 1157 3408 iu
1184 3351 1334 3409 civitatem
1360 3344 1399 3407 ad
1424 3344 1519 3407 lorum
1545 3341 1740 3417 descendunt,

937 3440 1091 3503 bortantur
1102 3447 1134 3501 et
1145 3440 1306 3502 obsecrant
1316 3442 1409 3510 cives,
1417 3446 1450 3498 ut
1459 3439 1618 3518 resumptis
1632 3438 1741 3499 animis

75 3529 165 3590 ubera
194 3538 224 3590 et
249 3550 336 3590 stares
362 3529 525 3591 abscindit.
561 3528 617 3587 bos
641 3536 701 3588 tam
721 3533 829 3592 nrisere
848 3538 880 3593 ct
935 3534 1062 3595 viriiiter
1080 3533 1209 3593 bostium
1235 3538 1375 3614 impetum
1396 3533 1574 3601 sustineant,
1599 3550 1644 3603 se,
1672 3548 1745 3595 arxe«.

75 3622 234 3683 errulcliter
252 3620 447 3693 deformatos,
465 3620 627 3700 Trvrpatum
639 3625 809 3700 praemittit,
829 3618 879 3685 de·

74 3718 191 3775 nuruiat
211 3723 242 3773 ut
261 3718 409 3775 civitatem
429 3711 555 3784 dedant,
576 3715 605 3771 in
625 3710 774 3773 Moscovii
796 3712 878 3775 Prin·

936 3646 995 3698 rcs,
1014 3626 1135 3699 liberos,
1156 3632 1187 3685 et
1205 3628 1339 3705 petuam,
1357 3623 1502 3685 adversus
1513 3620 1740 3683 haereditarium

938 3718 1101 3779 Christiani
1121 3720 1249 3777 nominis
1269 3718 1385 3778 bostem
1410 3714 1526 3775 fortiter
1559 3723 1591 3775 et
1614 3712 1742 3775 tideliter

75 3810 151 3888 cipis
176 3810 329 3887 imperium
358 3804 538 3877 concedant,
569 3807 598 3863 ni
619 3803 744 3877 iaciant,
774 3824 879 3867 omnes
936 3818 1076 3881 tutentur,
1095 3808 1183 3871 facile
1203 3810 1308 3870 bostes
1325 3826 1418 3889 posse
1433 3805 1608 3886 propulsari,
1627 3807 1654 3863 si
1671 3823 1741 3865 une·

75 3898 179 3961 eadem
200 3906 231 3959 et
251 3901 377 3977 graviori
398 3918 494 3977 poena
515 3894 701 3977 plectendos.
737 3898 878 3959 Rutbcni·
937 3906 1049 3974 ninus,
1069 3900 1269 3963 concordibus
1289 3903 1396 3963 animis
1417 3906 1449 3960 et
1467 3899 1573 3969 armis,
1603 3916 1658 3976 pro
1677 3898 1740 3959 eris

74 4012 130 4052 eus
151 3994 297 4052 exercitus
317 4010 371 4049 sex
392 3988 554 4049 miliaribus
576 4010 594 4049 a
614 3988 747 4070 Torpatc
766 3998 878 4052 castra·
937 4004 969 4056 st
987 3994 1064 4055 locis
1084 3991 1235 4054 dimicent.
1280 3991 1332 4053 Ad
1353 3992 1428 4052 baec
1448 3988 1574 4049 Consul.
1595 3988 1632 4049 Si
1652 3988 1741 4071 Epis·

75 4088 211 4142 tradatur.
254 4082 419 4143 Universus
439 4080 560 4141 militum
580 4100 734 4156 uumerus,
752 4091 786 4143 ut
804 4082 878 4143 iere·
938 4106 1033 4167 copus
1052 4084 1240 4148 Hermanuus
1260 4092 1292 4146 et
1312 4085 1457 4144 Canonicl
1476 4081 1614 4145 Romano
1638 4080 1740 4144 Perdi·

75 4174 177 4245 batur,
208 4180 378 4234 trecentena
410 4174 499 4234 millia
514 4174 736 4237 constituebat.
789 4174 879 4235 Cives
937 4179 986 4242 lici
1005 4180 1189 4250 renuncient,
1216 4176 1387 4258 Papistieas
1411 4176 1644 4258 superstitiones
1669 4174 1740 4239 abo·

76 4266 281 4347 'l‘erpatcnscs
301 4272 332 4324 et
347 4264 451 4346 reliqui
463 4270 609 4347 eqrrestris
621 4265 746 4327 Ordinis
759 4270 879 4346 cognite
937 4272 1028 4342 leant,
1053 4278 1085 4331 ct
1110 4270 1310 4332 butberanum
1341 4268 1537 4347 Evangelium
1561 4268 1740 4350 amplectan-

76 4355 879 4441 obsidionc,CatbedralemEcclesiamclauduntpree·
937 4372 994 4437 tur,
1012 4362 1089 4424 velle
1108 4367 1193 4445 ipsos
1214 4367 1364 4426 civitatem
1383 4366 1463 4425 serio
1475 4370 1506 4423 ct
1520 4360 1643 4422 viriliter
1652 4364 1740 4423 tueri.

75 4453 222 4532 cipieutes
249 4451 465 4531 nequisquam
490 4452 607 4513 Missae
639 4472 757 4513 sacrum
787 4455 817 4513 in
842 4472 880 4513 ee
937 4455 1136 4537 Respondent
1155 4456 1310 4531 canonici,
1330 4478 1420 4539 grave
1445 4457 1502 4517 boc
1528 4462 1560 4514 ct
1584 4455 1742 4513 exitiosiore

76 4555 206 4621 peragat,
228 4545 498 4621 praevaricantibus
518 4553 681 4605 extromum
701 4544 879 4625 supplicium
938 4557 999 4611 tum
1028 4550 1104 4623 sibi,
1136 4560 1196 4613 tum
1223 4555 1299 4635 ipsis
1330 4552 1472 4621 laturum,
1503 4542 1742 4625 pandoqnidsn

76 4639 307 4697 iutemrinautur.
328 4639 446 4715 -lugcns
465 4656 541 4697 saue
561 4646 592 4695 ct
612 4636 758 4699 borrenda
779 4640 879 4719 pepuli
936 4642 1172 4707 animadvertant
1198 4654 1271 4726 post
1303 4651 1486 4723 assrrmptmn
1520 4634 1644 4695 botheri
1670 4632 1741 4695 doc·

75 4731 217 4799 caecitas,
238 4730 333 4789 dicam
356 4750 393 4789 ne
413 4750 451 4791 au
464 4730 602 4807 impietas
622 4731 652 4788 iu
670 4738 730 4788 tare
742 4750 879 4809 praescu-
938 4740 1043 4799 niveam
1064 4742 1162 4799 omma
1183 4738 1242 4799 ittig
1260 4732 1494 4800 adommim
1514 4746 1662 4807 nruupram
1677 4734 1740 4787 tae·

75 4828 164 4882 tanco
185 4822 364 4893 (incrimine,
384 4824 475 4884 robus
499 4823 540 4881 ita
562 4821 734 4881 nutantibus
760 4821 879 4882 boetico
937 4838 998 4889 tam
1030 4850 1047 4890 a
1076 4830 1234 4891 Moscovio
1259 4826 1374 4889 cladem
1401 4823 1575 4901 accepisse,
1601 4827 1741 4899 φιιιιιίιιι

75 4916 209 4974 exercitu
230 4918 320 4975 ruuris
339 4919 518 4985 imminente,
539 4932 596 4973 nce
613 4912 673 4973 ullu
684 4912 811 4973 bumana
821 4934 879 4994 ope
938 4930 1009 5000 post
1037 4922 1188 4999 religionis
1215 4924 1408 4983 mutationem
1435 4911 1618 4996 pertulerint
1664 4910 1741 4975 Teu-

74 5006 163 5065 ullam
184 5007 291 5067 salutis
311 5029 395 5090 spem
406 5010 605 5091 promittente,
624 5004 724 5065 Evina
732 5006 880 5083 praesidis
937 5010 1006 5073 dem
1025 5012 1155 5095 Satrapa
1175 5015 1357 5092 pronunciat,
1375 5016 1409 5070 ut
1427 5003 1551 5090 quilibet
1568 5024 1624 5066 Μ
1641 5003 1743 5069 infide

74 5104 134 5158 ten
156 5099 277 5177 profano
295 5104 458 5184 aspernari,
479 5100 575 5163 ridere
594 5104 625 5159 et
643 5098 783 5159 execrari.
937 5124 974 5165 ac
993 5102 1135 5181 religione
1156 5112 1335 5186 permaneat,
1355 5122 1433 5165 nune
1453 5119 1514 5161 non
1533 5095 1572 5159 de
1591 5094 1659 5170 fide,
1677 5094 1736 5160 sed

153 5190 267 5253 luteres
288 5192 358 5255 riom
370 5195 478 5257 bostes
486 5214 544 5256 ecx
557 5192 710 5255 miliariu-
726 5190 879 5253 intervallo
937 5216 991 5279 pro
1010 5200 1115 5279 putria,
1134 5196 1307 5279 perentibus
1333 5206 1365 5261 et
1386 5194 1489 5257 liberis
1514 5186 1736 5254 amdan.
