<?xml version="1.0" encoding="UTF-8"?>
<!DOCTYPE html PUBLIC "-//W3C//DTD XHTML 1.0 Transitional//EN"
    "http://www.w3.org/TR/xhtml1/DTD/xhtml1-transitional.dtd">
<html xmlns="http://www.w3.org/1999/xhtml" xml:lang="en" lang="en">
 <head>
  <title>
</title>
<meta http-equiv="Content-Type" content="text/html;charset=utf-8" />
  <meta name='ocr-system' content='tesseract 3.04.00' />
  <meta name='ocr-capabilities' content='ocr_page ocr_carea ocr_par ocr_line ocrx_word'/>
</head>
<body>
  <div class='ocr_page' id='page_1' title='image "./historiaeruthen00stargoog_0502.png"; bbox 0 0 3742 5626; ppageno 0'>
   <div class='ocr_carea' id='block_1_1' title="bbox 512 212 1726 285">
    <p class='ocr_par' dir='ltr' id='par_1_1' title="bbox 512 212 1726 285">
     <span class='ocr_line' id='line_1_1' title="bbox 512 212 1726 285; baseline 0.002 -12"><span class='ocrx_word' id='word_1_1' title='bbox 512 214 566 277; x_wconf 77' lang='lat' dir='ltr'>nl:</span> <span class='ocrx_word' id='word_1_2' title='bbox 587 212 725 279; x_wconf 82' lang='lat' dir='ltr'>lllthO</span> <span class='ocrx_word' id='word_1_3' title='bbox 736 212 1040 285; x_wconf 75' lang='lat' dir='ltr'>hoscovrrlco,</span> <span class='ocrx_word' id='word_1_4' title='bbox 1057 212 1185 279; x_wconf 78' lang='lat' dir='ltr'>urben</span> <span class='ocrx_word' id='word_1_5' title='bbox 1205 212 1259 276; x_wconf 81' lang='lat' dir='ltr'>vl.</span> <span class='ocrx_word' id='word_1_6' title='bbox 1672 214 1726 275; x_wconf 78' lang='lat' dir='ltr'>li‘l</span> 
     </span>
    </p>
   </div>
   <div class='ocr_carea' id='block_1_2' title="bbox 54 372 1736 5184">
    <p class='ocr_par' dir='ltr' id='par_1_2' title="bbox 54 372 1736 5184">
     <span class='ocr_line' id='line_1_2' title="bbox 55 372 1723 455; baseline 0.001 -20"><span class='ocrx_word' id='word_1_7' title='bbox 55 397 115 437; x_wconf 91' lang='lat' dir='ltr'>ruar</span> <span class='ocrx_word' id='word_1_8' title='bbox 134 376 174 435; x_wconf 89' lang='lat' dir='ltr'>iis</span> <span class='ocrx_word' id='word_1_9' title='bbox 194 374 324 451; x_wconf 81' lang='lat' dir='ltr'>Regeru,</span> <span class='ocrx_word' id='word_1_10' title='bbox 351 372 398 435; x_wconf 83' lang='lat' dir='ltr'>rel</span> <span class='ocrx_word' id='word_1_11' title='bbox 418 375 508 437; x_wconf 84' lang='lat' dir='ltr'>eliaru</span> <span class='ocrx_word' id='word_1_12' title='bbox 528 396 651 455; x_wconf 82' lang='lat' dir='ltr'>pacem,</span> <span class='ocrx_word' id='word_1_13' title='bbox 670 376 697 435; x_wconf 90' lang='lat' dir='ltr'>si</span> <span class='ocrx_word' id='word_1_14' title='bbox 718 374 747 435; x_wconf 95' lang='lat' dir='ltr'>id</span> <span class='ocrx_word' id='word_1_15' title='bbox 769 375 861 453; x_wconf 86' lang='lat' dir='ltr'>beret,</span> <span class='ocrx_word' id='word_1_16' title='bbox 919 374 1035 450; x_wconf 84' lang='lat' dir='ltr'>dimus,</span> <span class='ocrx_word' id='word_1_17' title='bbox 1063 374 1178 435; x_wconf 82' lang='lat' dir='ltr'>l&#39;ilnara</span> <span class='ocrx_word' id='word_1_18' title='bbox 1200 375 1267 437; x_wconf 81' lang='lat' dir='ltr'>lles</span> <span class='ocrx_word' id='word_1_19' title='bbox 1289 376 1441 455; x_wconf 85' lang='lat' dir='ltr'>prolectas</span> <span class='ocrx_word' id='word_1_20' title='bbox 1460 375 1525 437; x_wconf 87' lang='lat' dir='ltr'>luit.</span> <span class='ocrx_word' id='word_1_21' title='bbox 1565 374 1609 437; x_wconf 93' lang='lat' dir='ltr'>lbi</span> <span class='ocrx_word' id='word_1_22' title='bbox 1627 374 1723 455; x_wconf 84' lang='lat' dir='ltr'>Lege·</span> 
     </span>
     <span class='ocr_line' id='line_1_3' title="bbox 55 466 1723 548; baseline 0.001 -20"><span class='ocrx_word' id='word_1_23' title='bbox 55 474 147 529; x_wconf 89' lang='lat' dir='ltr'>rataar</span> <span class='ocrx_word' id='word_1_24' title='bbox 173 466 341 529; x_wconf 80' lang='lat' dir='ltr'>habiturum</span> <span class='ocrx_word' id='word_1_25' title='bbox 367 466 608 529; x_wconf 78' lang='lat' dir='ltr'>testificarentur.</span> <span class='ocrx_word' id='word_1_26' title='bbox 654 467 702 529; x_wconf 88' lang='lat' dir='ltr'>lle</span> <span class='ocrx_word' id='word_1_27' title='bbox 732 468 861 547; x_wconf 77' lang='lat' dir='ltr'>captiuis</span> <span class='ocrx_word' id='word_1_28' title='bbox 918 469 1027 529; x_wconf 87' lang='lat' dir='ltr'>tiorrcur</span> <span class='ocrx_word' id='word_1_29' title='bbox 1054 467 1234 529; x_wconf 85' lang='lat' dir='ltr'>Tartaricaur</span> <span class='ocrx_word' id='word_1_30' title='bbox 1260 468 1387 541; x_wconf 79' lang='lat' dir='ltr'>ourhrit,</span> <span class='ocrx_word' id='word_1_31' title='bbox 1417 488 1494 548; x_wconf 88' lang='lat' dir='ltr'>quae</span> <span class='ocrx_word' id='word_1_32' title='bbox 1514 488 1534 531; x_wconf 91' lang='lat' dir='ltr'>a</span> <span class='ocrx_word' id='word_1_33' title='bbox 1552 466 1723 531; x_wconf 85' lang='lat' dir='ltr'>hlahoruete</span> 
     </span>
     <span class='ocr_line' id='line_1_4' title="bbox 55 558 1723 643; baseline -0.001 -20"><span class='ocrx_word' id='word_1_34' title='bbox 55 562 125 641; x_wconf 86' lang='lat' dir='ltr'>quia</span> <span class='ocrx_word' id='word_1_35' title='bbox 150 568 219 623; x_wconf 89' lang='lat' dir='ltr'>anle</span> <span class='ocrx_word' id='word_1_36' title='bbox 240 558 368 621; x_wconf 89' lang='lat' dir='ltr'>llloscus</span> <span class='ocrx_word' id='word_1_37' title='bbox 391 559 571 637; x_wconf 85' lang='lat' dir='ltr'>postularat,</span> <span class='ocrx_word' id='word_1_38' title='bbox 596 566 628 621; x_wconf 94' lang='lat' dir='ltr'>ul</span> <span class='ocrx_word' id='word_1_39' title='bbox 654 562 791 642; x_wconf 90' lang='lat' dir='ltr'>utrinque</span> <span class='ocrx_word' id='word_1_40' title='bbox 810 580 860 641; x_wconf 86' lang='lat' dir='ltr'>pa·</span> <span class='ocrx_word' id='word_1_41' title='bbox 920 558 1022 640; x_wconf 82' lang='lat' dir='ltr'>Gireja</span> <span class='ocrx_word' id='word_1_42' title='bbox 1072 560 1304 623; x_wconf 81' lang='lat' dir='ltr'>&#39;l&#39;auricanorunr</span> <span class='ocrx_word' id='word_1_43' title='bbox 1347 560 1534 623; x_wconf 81' lang='lat' dir='ltr'>Tartaroruru</span> <span class='ocrx_word' id='word_1_44' title='bbox 1584 559 1723 643; x_wconf 88' lang='lat' dir='ltr'>Principe</span> 
     </span>
     <span class='ocr_line' id='line_1_5' title="bbox 54 650 1724 735; baseline 0 -20"><span class='ocrx_word' id='word_1_45' title='bbox 54 655 124 716; x_wconf 90' lang='lat' dir='ltr'>riter</span> <span class='ocrx_word' id='word_1_46' title='bbox 145 653 255 735; x_wconf 78' lang='lat' dir='ltr'>captiui</span> <span class='ocrx_word' id='word_1_47' title='bbox 276 652 484 724; x_wconf 78' lang='lat' dir='ltr'>redderentur,</span> <span class='ocrx_word' id='word_1_48' title='bbox 505 674 563 714; x_wconf 89' lang='lat' dir='ltr'>rron</span> <span class='ocrx_word' id='word_1_49' title='bbox 583 674 683 735; x_wconf 82' lang='lat' dir='ltr'>parcae</span> <span class='ocrx_word' id='word_1_50' title='bbox 705 656 861 733; x_wconf 91' lang='lat' dir='ltr'>utriusque</span> <span class='ocrx_word' id='word_1_51' title='bbox 919 652 1000 713; x_wconf 88' lang='lat' dir='ltr'>haud</span> <span class='ocrx_word' id='word_1_52' title='bbox 1025 654 1115 715; x_wconf 84' lang='lat' dir='ltr'>multe</span> <span class='ocrx_word' id='word_1_53' title='bbox 1146 660 1216 715; x_wconf 89' lang='lat' dir='ltr'>eote</span> <span class='ocrx_word' id='word_1_54' title='bbox 1241 657 1371 713; x_wconf 77' lang='lat' dir='ltr'>uenerat.</span> <span class='ocrx_word' id='word_1_55' title='bbox 1410 650 1539 713; x_wconf 79' lang='lat' dir='ltr'>Petebat</span> <span class='ocrx_word' id='word_1_56' title='bbox 1569 652 1724 717; x_wconf 76' lang='lat' dir='ltr'>donativa:</span> 
     </span>
     <span class='ocr_line' id='line_1_6' title="bbox 56 744 1722 826; baseline 0.001 -20"><span class='ocrx_word' id='word_1_57' title='bbox 56 746 238 826; x_wconf 76' lang='lat' dir='ltr'>captivorum</span> <span class='ocrx_word' id='word_1_58' title='bbox 258 747 401 807; x_wconf 84' lang='lat' dir='ltr'>rationem</span> <span class='ocrx_word' id='word_1_59' title='bbox 421 766 493 807; x_wconf 84' lang='lat' dir='ltr'>esee</span> <span class='ocrx_word' id='word_1_60' title='bbox 512 747 721 815; x_wconf 83' lang='lat' dir='ltr'>ostenderent;</span> <span class='ocrx_word' id='word_1_61' title='bbox 742 768 810 809; x_wconf 88' lang='lat' dir='ltr'>cunr</span> <span class='ocrx_word' id='word_1_62' title='bbox 831 748 860 807; x_wconf 92' lang='lat' dir='ltr'>in</span> <span class='ocrx_word' id='word_1_63' title='bbox 920 744 958 805; x_wconf 93' lang='lat' dir='ltr'>de</span> <span class='ocrx_word' id='word_1_64' title='bbox 985 744 1170 812; x_wconf 84' lang='lat' dir='ltr'>Cesucorum</span> <span class='ocrx_word' id='word_1_65' title='bbox 1197 748 1313 826; x_wconf 86' lang='lat' dir='ltr'>injuriis</span> <span class='ocrx_word' id='word_1_66' title='bbox 1340 750 1369 805; x_wconf 90' lang='lat' dir='ltr'>ct</span> <span class='ocrx_word' id='word_1_67' title='bbox 1396 746 1601 807; x_wconf 83' lang='lat' dir='ltr'>rcxetiorrllrus</span> <span class='ocrx_word' id='word_1_68' title='bbox 1620 768 1722 825; x_wconf 89' lang='lat' dir='ltr'>quere·</span> 
     </span>
     <span class='ocr_line' id='line_1_7' title="bbox 54 838 1722 921; baseline 0 -22"><span class='ocrx_word' id='word_1_69' title='bbox 54 838 151 917; x_wconf 80' lang='lat' dir='ltr'>Regis</span> <span class='ocrx_word' id='word_1_70' title='bbox 177 842 328 921; x_wconf 73' lang='lat' dir='ltr'>potestate</span> <span class='ocrx_word' id='word_1_71' title='bbox 354 838 504 919; x_wconf 74' lang='lat' dir='ltr'>praecipui</span> <span class='ocrx_word' id='word_1_72' title='bbox 531 840 627 918; x_wconf 87' lang='lat' dir='ltr'>ipsius</span> <span class='ocrx_word' id='word_1_73' title='bbox 653 838 794 902; x_wconf 90' lang='lat' dir='ltr'>ductores</span> <span class='ocrx_word' id='word_1_74' title='bbox 813 860 860 901; x_wconf 87' lang='lat' dir='ltr'>es·</span> <span class='ocrx_word' id='word_1_75' title='bbox 921 840 1021 913; x_wconf 76' lang='lat' dir='ltr'>batur3</span> <span class='ocrx_word' id='word_1_76' title='bbox 1048 860 1126 919; x_wconf 90' lang='lat' dir='ltr'>quae</span> <span class='ocrx_word' id='word_1_77' title='bbox 1145 838 1265 918; x_wconf 85' lang='lat' dir='ltr'>quidena</span> <span class='ocrx_word' id='word_1_78' title='bbox 1290 838 1349 897; x_wconf 70' lang='lat' dir='ltr'>etsi</span> <span class='ocrx_word' id='word_1_79' title='bbox 1375 838 1533 899; x_wconf 74' lang='lat' dir='ltr'>extiterant</span> <span class='ocrx_word' id='word_1_80' title='bbox 1559 859 1616 898; x_wconf 91' lang='lat' dir='ltr'>uon</span> <span class='ocrx_word' id='word_1_81' title='bbox 1636 838 1722 899; x_wconf 79' lang='lat' dir='ltr'>iulre</span> 
     </span>
     <span class='ocr_line' id='line_1_8' title="bbox 55 928 1723 1012; baseline 0.001 -20"><span class='ocrx_word' id='word_1_82' title='bbox 55 940 140 1003; x_wconf 79' lang='lat' dir='ltr'>sent3</span> <span class='ocrx_word' id='word_1_83' title='bbox 169 930 210 993; x_wconf 94' lang='lat' dir='ltr'>illi</span> <span class='ocrx_word' id='word_1_84' title='bbox 242 952 281 991; x_wconf 83' lang='lat' dir='ltr'>ex</span> <span class='ocrx_word' id='word_1_85' title='bbox 312 929 421 1009; x_wconf 87' lang='lat' dir='ltr'>llegiis</span> <span class='ocrx_word' id='word_1_86' title='bbox 450 932 638 1010; x_wconf 73' lang='lat' dir='ltr'>insigniorem</span> <span class='ocrx_word' id='word_1_87' title='bbox 669 932 796 993; x_wconf 79' lang='lat' dir='ltr'>rrullurrr</span> <span class='ocrx_word' id='word_1_88' title='bbox 824 953 861 993; x_wconf 85' lang='lat' dir='ltr'>ea</span> <span class='ocrx_word' id='word_1_89' title='bbox 920 940 1064 1012; x_wconf 86' lang='lat' dir='ltr'>queolesr</span> <span class='ocrx_word' id='word_1_90' title='bbox 1083 932 1377 1009; x_wconf 84' lang='lat' dir='ltr'>augebanturtaurcu</span> <span class='ocrx_word' id='word_1_91' title='bbox 1397 950 1437 991; x_wconf 82' lang='lat' dir='ltr'>ex</span> <span class='ocrx_word' id='word_1_92' title='bbox 1459 928 1604 993; x_wconf 86' lang='lat' dir='ltr'>industria</span> <span class='ocrx_word' id='word_1_93' title='bbox 1622 930 1723 993; x_wconf 82' lang='lat' dir='ltr'>a&#39;l&#39;er·</span> 
     </span>
     <span class='ocr_line' id='line_1_9' title="bbox 55 1024 1725 1108; baseline 0 -23"><span class='ocrx_word' id='word_1_94' title='bbox 55 1024 216 1086; x_wconf 73' lang='lat' dir='ltr'>Nobilitate</span> <span class='ocrx_word' id='word_1_95' title='bbox 235 1043 365 1102; x_wconf 81' lang='lat' dir='ltr'>paucosr</span> <span class='ocrx_word' id='word_1_96' title='bbox 384 1024 514 1103; x_wconf 85' lang='lat' dir='ltr'>reliques</span> <span class='ocrx_word' id='word_1_97' title='bbox 535 1028 753 1108; x_wconf 83' lang='lat' dir='ltr'>eaprourlscua</span> <span class='ocrx_word' id='word_1_98' title='bbox 772 1025 861 1106; x_wconf 93' lang='lat' dir='ltr'>plebe</span> <span class='ocrx_word' id='word_1_99' title='bbox 919 1032 1000 1087; x_wconf 76' lang='lat' dir='ltr'>tarot</span> <span class='ocrx_word' id='word_1_100' title='bbox 1026 1048 1085 1107; x_wconf 90' lang='lat' dir='ltr'>quo</span> <span class='ocrx_word' id='word_1_101' title='bbox 1111 1024 1268 1087; x_wconf 88' lang='lat' dir='ltr'>doruestici</span> <span class='ocrx_word' id='word_1_102' title='bbox 1293 1030 1406 1093; x_wconf 81' lang='lat' dir='ltr'>metus,</span> <span class='ocrx_word' id='word_1_103' title='bbox 1430 1042 1468 1085; x_wconf 90' lang='lat' dir='ltr'>ac</span> <span class='ocrx_word' id='word_1_104' title='bbox 1488 1024 1575 1085; x_wconf 81' lang='lat' dir='ltr'>ricini</span> <span class='ocrx_word' id='word_1_105' title='bbox 1601 1024 1725 1103; x_wconf 85' lang='lat' dir='ltr'>periculi</span> 
     </span>
     <span class='ocr_line' id='line_1_10' title="bbox 55 1115 1724 1197; baseline -0.001 -18"><span class='ocrx_word' id='word_1_106' title='bbox 55 1118 188 1181; x_wconf 87' lang='lat' dir='ltr'>heberet.</span> <span class='ocrx_word' id='word_1_107' title='bbox 207 1120 313 1197; x_wconf 83' lang='lat' dir='ltr'>ltaque</span> <span class='ocrx_word' id='word_1_108' title='bbox 333 1122 367 1179; x_wconf 92' lang='lat' dir='ltr'>ut</span> <span class='ocrx_word' id='word_1_109' title='bbox 386 1118 433 1179; x_wconf 83' lang='lat' dir='ltr'>cel</span> <span class='ocrx_word' id='word_1_110' title='bbox 448 1118 640 1181; x_wconf 81' lang='lat' dir='ltr'>Zarulecieru</span> <span class='ocrx_word' id='word_1_111' title='bbox 659 1116 861 1189; x_wconf 83' lang='lat' dir='ltr'>acNerclaru,</span> <span class='ocrx_word' id='word_1_112' title='bbox 919 1118 1107 1181; x_wconf 79' lang='lat' dir='ltr'>siuralaliooe</span> <span class='ocrx_word' id='word_1_113' title='bbox 1126 1118 1314 1195; x_wconf 80' lang='lat' dir='ltr'>longinquare</span> <span class='ocrx_word' id='word_1_114' title='bbox 1330 1116 1483 1179; x_wconf 87' lang='lat' dir='ltr'>Persicaar</span> <span class='ocrx_word' id='word_1_115' title='bbox 1503 1117 1633 1179; x_wconf 74' lang='lat' dir='ltr'>militiam</span> <span class='ocrx_word' id='word_1_116' title='bbox 1653 1115 1724 1177; x_wconf 85' lang='lat' dir='ltr'>ellu·</span> 
     </span>
     <span class='ocr_line' id='line_1_11' title="bbox 56 1208 1725 1293; baseline -0.001 -22"><span class='ocrx_word' id='word_1_117' title='bbox 56 1216 108 1271; x_wconf 92' lang='lat' dir='ltr'>nut</span> <span class='ocrx_word' id='word_1_118' title='bbox 126 1210 300 1273; x_wconf 78' lang='lat' dir='ltr'>alterutrant</span> <span class='ocrx_word' id='word_1_119' title='bbox 313 1210 422 1271; x_wconf 85' lang='lat' dir='ltr'>saltora</span> <span class='ocrx_word' id='word_1_120' title='bbox 440 1232 539 1272; x_wconf 85' lang='lat' dir='ltr'>earuur</span> <span class='ocrx_word' id='word_1_121' title='bbox 552 1212 630 1291; x_wconf 79' lang='lat' dir='ltr'>llegi</span> <span class='ocrx_word' id='word_1_122' title='bbox 651 1232 703 1293; x_wconf 89' lang='lat' dir='ltr'>pro</span> <span class='ocrx_word' id='word_1_123' title='bbox 725 1210 786 1271; x_wconf 90' lang='lat' dir='ltr'>illis</span> <span class='ocrx_word' id='word_1_124' title='bbox 799 1230 861 1289; x_wconf 88' lang='lat' dir='ltr'>per·</span> <span class='ocrx_word' id='word_1_125' title='bbox 919 1220 1013 1289; x_wconf 85' lang='lat' dir='ltr'>geret,</span> <span class='ocrx_word' id='word_1_126' title='bbox 1033 1212 1169 1291; x_wconf 85' lang='lat' dir='ltr'>laquear</span> <span class='ocrx_word' id='word_1_127' title='bbox 1188 1232 1206 1269; x_wconf 89' lang='grc' dir='ltr'>ιι</span> <span class='ocrx_word' id='word_1_128' title='bbox 1228 1210 1389 1271; x_wconf 84' lang='lat' dir='ltr'>&#39;l&#39;urceruur</span> <span class='ocrx_word' id='word_1_129' title='bbox 1410 1208 1548 1287; x_wconf 82' lang='lat' dir='ltr'>Principe</span> <span class='ocrx_word' id='word_1_130' title='bbox 1566 1210 1624 1271; x_wconf 87' lang='lat' dir='ltr'>sub</span> <span class='ocrx_word' id='word_1_131' title='bbox 1645 1208 1725 1269; x_wconf 88' lang='lat' dir='ltr'>idenr</span> 
     </span>
     <span class='ocr_line' id='line_1_12' title="bbox 58 1302 1725 1384; baseline -0.001 -21"><span class='ocrx_word' id='word_1_132' title='bbox 58 1305 197 1374; x_wconf 89' lang='lat' dir='ltr'>ruitlerel,</span> <span class='ocrx_word' id='word_1_133' title='bbox 229 1302 432 1383; x_wconf 87' lang='lat' dir='ltr'>postularenl;</span> <span class='ocrx_word' id='word_1_134' title='bbox 465 1324 531 1365; x_wconf 86' lang='lat' dir='ltr'>curu</span> <span class='ocrx_word' id='word_1_135' title='bbox 557 1310 628 1365; x_wconf 89' lang='lat' dir='ltr'>aute</span> <span class='ocrx_word' id='word_1_136' title='bbox 653 1304 862 1381; x_wconf 86' lang='lat' dir='ltr'>irrlegrieribus</span> <span class='ocrx_word' id='word_1_137' title='bbox 921 1316 1040 1384; x_wconf 85' lang='lat' dir='ltr'>ternpus</span> <span class='ocrx_word' id='word_1_138' title='bbox 1067 1304 1256 1365; x_wconf 70' lang='lat' dir='ltr'>evocabatur.</span> <span class='ocrx_word' id='word_1_139' title='bbox 1296 1302 1489 1382; x_wconf 82' lang='lat' dir='ltr'>llespoasurn</span> <span class='ocrx_word' id='word_1_140' title='bbox 1516 1302 1641 1381; x_wconf 86' lang='lat' dir='ltr'>allego</span> <span class='ocrx_word' id='word_1_141' title='bbox 1660 1302 1725 1373; x_wconf 83' lang='lat' dir='ltr'>fuit,</span> 
     </span>
     <span class='ocr_line' id='line_1_13' title="bbox 58 1394 1725 1478; baseline -0.001 -21"><span class='ocrx_word' id='word_1_142' title='bbox 58 1396 158 1457; x_wconf 81' lang='lat' dir='ltr'>adbuc</span> <span class='ocrx_word' id='word_1_143' title='bbox 179 1396 269 1457; x_wconf 85' lang='lat' dir='ltr'>rebus</span> <span class='ocrx_word' id='word_1_144' title='bbox 289 1396 355 1455; x_wconf 86' lang='lat' dir='ltr'>suis</span> <span class='ocrx_word' id='word_1_145' title='bbox 378 1416 431 1477; x_wconf 91' lang='lat' dir='ltr'>pro</span> <span class='ocrx_word' id='word_1_146' title='bbox 452 1396 638 1475; x_wconf 83' lang='lat' dir='ltr'>paucioribus</span> <span class='ocrx_word' id='word_1_147' title='bbox 658 1398 785 1477; x_wconf 83' lang='lat' dir='ltr'>captivis</span> <span class='ocrx_word' id='word_1_148' title='bbox 804 1394 862 1458; x_wconf 85' lang='lat' dir='ltr'>Ue·</span> <span class='ocrx_word' id='word_1_149' title='bbox 920 1395 1058 1457; x_wconf 74' lang='lat' dir='ltr'>donativa</span> <span class='ocrx_word' id='word_1_150' title='bbox 1085 1416 1164 1457; x_wconf 87' lang='lat' dir='ltr'>ruere</span> <span class='ocrx_word' id='word_1_151' title='bbox 1191 1398 1330 1478; x_wconf 88' lang='lat' dir='ltr'>urajorunr</span> <span class='ocrx_word' id='word_1_152' title='bbox 1356 1395 1459 1459; x_wconf 87' lang='lat' dir='ltr'>daturu</span> <span class='ocrx_word' id='word_1_153' title='bbox 1484 1396 1535 1469; x_wconf 88' lang='lat' dir='ltr'>iri;</span> <span class='ocrx_word' id='word_1_154' title='bbox 1560 1394 1725 1475; x_wconf 78' lang='lat' dir='ltr'>iisdemque</span> 
     </span>
     <span class='ocr_line' id='line_1_14' title="bbox 57 1484 1725 1570; baseline -0.003 -19"><span class='ocrx_word' id='word_1_155' title='bbox 57 1490 165 1551; x_wconf 83' lang='lat' dir='ltr'>viataur</span> <span class='ocrx_word' id='word_1_156' title='bbox 180 1508 218 1551; x_wconf 91' lang='lat' dir='ltr'>ae</span> <span class='ocrx_word' id='word_1_157' title='bbox 235 1484 432 1549; x_wconf 83' lang='lat' dir='ltr'>leseriseiaur</span> <span class='ocrx_word' id='word_1_158' title='bbox 453 1487 622 1563; x_wconf 86' lang='lat' dir='ltr'>obtulisset,</span> <span class='ocrx_word' id='word_1_159' title='bbox 643 1510 766 1570; x_wconf 91' lang='lat' dir='ltr'>quaruru</span> <span class='ocrx_word' id='word_1_160' title='bbox 786 1488 861 1551; x_wconf 90' lang='lat' dir='ltr'>haee</span> <span class='ocrx_word' id='word_1_161' title='bbox 921 1489 1030 1570; x_wconf 88' lang='lat' dir='ltr'>quibus</span> <span class='ocrx_word' id='word_1_162' title='bbox 1054 1494 1143 1551; x_wconf 86' lang='lat' dir='ltr'>soleo</span> <span class='ocrx_word' id='word_1_163' title='bbox 1169 1488 1293 1563; x_wconf 78' lang='lat' dir='ltr'>luisset,</span> <span class='ocrx_word' id='word_1_164' title='bbox 1314 1488 1447 1567; x_wconf 86' lang='lat' dir='ltr'>legibus,</span> <span class='ocrx_word' id='word_1_165' title='bbox 1465 1508 1568 1569; x_wconf 83' lang='lat' dir='ltr'>pecore</span> <span class='ocrx_word' id='word_1_166' title='bbox 1589 1506 1656 1547; x_wconf 89' lang='lat' dir='ltr'>curu</span> <span class='ocrx_word' id='word_1_167' title='bbox 1674 1486 1725 1547; x_wconf 92' lang='lat' dir='ltr'>illo</span> 
     </span>
     <span class='ocr_line' id='line_1_15' title="bbox 58 1580 1726 1662; baseline 0 -21"><span class='ocrx_word' id='word_1_168' title='bbox 58 1582 186 1643; x_wconf 84' lang='lat' dir='ltr'>nondum</span> <span class='ocrx_word' id='word_1_169' title='bbox 215 1590 279 1643; x_wconf 89' lang='lat' dir='ltr'>tuor</span> <span class='ocrx_word' id='word_1_170' title='bbox 309 1582 338 1641; x_wconf 90' lang='lat' dir='ltr'>in</span> <span class='ocrx_word' id='word_1_171' title='bbox 372 1586 550 1662; x_wconf 82' lang='lat' dir='ltr'>potestatem</span> <span class='ocrx_word' id='word_1_172' title='bbox 584 1582 681 1661; x_wconf 80' lang='lat' dir='ltr'>llegis</span> <span class='ocrx_word' id='word_1_173' title='bbox 713 1584 863 1656; x_wconf 68' lang='lat' dir='ltr'>reabsel3</span> <span class='ocrx_word' id='word_1_174' title='bbox 921 1583 1058 1643; x_wconf 78' lang='lat' dir='ltr'>lutunra.</span> <span class='ocrx_word' id='word_1_175' title='bbox 1096 1580 1146 1642; x_wconf 83' lang='lat' dir='ltr'>lle</span> <span class='ocrx_word' id='word_1_176' title='bbox 1171 1582 1299 1643; x_wconf 81' lang='lat' dir='ltr'>Cosacis</span> <span class='ocrx_word' id='word_1_177' title='bbox 1324 1582 1402 1641; x_wconf 89' lang='lat' dir='ltr'>idern</span> <span class='ocrx_word' id='word_1_178' title='bbox 1422 1582 1526 1652; x_wconf 81' lang='lat' dir='ltr'>eben,</span> <span class='ocrx_word' id='word_1_179' title='bbox 1558 1580 1637 1661; x_wconf 85' lang='lat' dir='ltr'>quod</span> <span class='ocrx_word' id='word_1_180' title='bbox 1656 1586 1726 1641; x_wconf 87' lang='lat' dir='ltr'>aute</span> 
     </span>
     <span class='ocr_line' id='line_1_16' title="bbox 57 1672 1726 1756; baseline -0.001 -21"><span class='ocrx_word' id='word_1_181' title='bbox 57 1674 105 1737; x_wconf 82' lang='lat' dir='ltr'>rel</span> <span class='ocrx_word' id='word_1_182' title='bbox 127 1696 193 1735; x_wconf 86' lang='lat' dir='ltr'>cura</span> <span class='ocrx_word' id='word_1_183' title='bbox 214 1674 282 1755; x_wconf 85' lang='lat' dir='ltr'>ipse</span> <span class='ocrx_word' id='word_1_184' title='bbox 308 1678 378 1735; x_wconf 91' lang='lat' dir='ltr'>oute</span> <span class='ocrx_word' id='word_1_185' title='bbox 398 1672 582 1751; x_wconf 86' lang='lat' dir='ltr'>Sigisnrundi</span> <span class='ocrx_word' id='word_1_186' title='bbox 603 1676 734 1753; x_wconf 84' lang='lat' dir='ltr'>Augusti</span> <span class='ocrx_word' id='word_1_187' title='bbox 754 1680 863 1756; x_wconf 85' lang='lat' dir='ltr'>leupo·</span> <span class='ocrx_word' id='word_1_188' title='bbox 921 1674 1079 1754; x_wconf 84' lang='lat' dir='ltr'>aliquoties</span> <span class='ocrx_word' id='word_1_189' title='bbox 1104 1684 1274 1735; x_wconf 79' lang='lat' dir='ltr'>ostensum:</span> <span class='ocrx_word' id='word_1_190' title='bbox 1304 1693 1421 1733; x_wconf 82' lang='lat' dir='ltr'>raanan</span> <span class='ocrx_word' id='word_1_191' title='bbox 1445 1672 1595 1735; x_wconf 84' lang='lat' dir='ltr'>horriuura</span> <span class='ocrx_word' id='word_1_192' title='bbox 1618 1696 1658 1735; x_wconf 67' lang='grc' dir='ltr'>ιιι</span> <span class='ocrx_word' id='word_1_193' title='bbox 1684 1674 1726 1735; x_wconf 91' lang='lat' dir='ltr'>di·</span> 
     </span>
     <span class='ocr_line' id='line_1_17' title="bbox 57 1766 1725 1849; baseline 0 -22"><span class='ocrx_word' id='word_1_194' title='bbox 57 1769 140 1829; x_wconf 90' lang='lat' dir='ltr'>ribus</span> <span class='ocrx_word' id='word_1_195' title='bbox 165 1775 247 1831; x_wconf 88' lang='lat' dir='ltr'>certe</span> <span class='ocrx_word' id='word_1_196' title='bbox 278 1767 373 1845; x_wconf 85' lang='lat' dir='ltr'>pretia</span> <span class='ocrx_word' id='word_1_197' title='bbox 398 1767 428 1827; x_wconf 92' lang='lat' dir='ltr'>iu</span> <span class='ocrx_word' id='word_1_198' title='bbox 459 1768 578 1845; x_wconf 81' lang='lat' dir='ltr'>singula</span> <span class='ocrx_word' id='word_1_199' title='bbox 612 1772 710 1849; x_wconf 86' lang='lat' dir='ltr'>capita</span> <span class='ocrx_word' id='word_1_200' title='bbox 742 1770 864 1847; x_wconf 76' lang='lat' dir='ltr'>exigere</span> <span class='ocrx_word' id='word_1_201' title='bbox 922 1788 1072 1828; x_wconf 83' lang='lat' dir='ltr'>rersarura</span> <span class='ocrx_word' id='word_1_202' title='bbox 1104 1767 1237 1845; x_wconf 85' lang='lat' dir='ltr'>gentium</span> <span class='ocrx_word' id='word_1_203' title='bbox 1271 1766 1399 1826; x_wconf 81' lang='lat' dir='ltr'>cellurio</span> <span class='ocrx_word' id='word_1_204' title='bbox 1426 1772 1580 1838; x_wconf 70' lang='lat' dir='ltr'>werna,</span> <span class='ocrx_word' id='word_1_205' title='bbox 1609 1786 1725 1845; x_wconf 82' lang='lat' dir='ltr'>ragorn,</span> 
     </span>
     <span class='ocr_line' id='line_1_18' title="bbox 57 1857 1727 1945; baseline -0.001 -25"><span class='ocrx_word' id='word_1_206' title='bbox 57 1861 166 1923; x_wconf 85' lang='lat' dir='ltr'>solitus</span> <span class='ocrx_word' id='word_1_207' title='bbox 186 1860 310 1935; x_wconf 86' lang='lat' dir='ltr'>luisset,</span> <span class='ocrx_word' id='word_1_208' title='bbox 334 1857 439 1919; x_wconf 84' lang='lat' dir='ltr'>cedern</span> <span class='ocrx_word' id='word_1_209' title='bbox 458 1862 594 1943; x_wconf 83' lang='lat' dir='ltr'>exemplu</span> <span class='ocrx_word' id='word_1_210' title='bbox 612 1882 669 1921; x_wconf 90' lang='lat' dir='ltr'>suo</span> <span class='ocrx_word' id='word_1_211' title='bbox 689 1880 764 1923; x_wconf 90' lang='lat' dir='ltr'>suos</span> <span class='ocrx_word' id='word_1_212' title='bbox 785 1880 863 1922; x_wconf 89' lang='lat' dir='ltr'>nunc</span> <span class='ocrx_word' id='word_1_213' title='bbox 921 1882 958 1923; x_wconf 88' lang='lat' dir='ltr'>nc</span> <span class='ocrx_word' id='word_1_214' title='bbox 985 1860 1074 1922; x_wconf 87' lang='lat' dir='ltr'>nullia</span> <span class='ocrx_word' id='word_1_215' title='bbox 1098 1862 1190 1921; x_wconf 87' lang='lat' dir='ltr'>certis</span> <span class='ocrx_word' id='word_1_216' title='bbox 1210 1858 1337 1921; x_wconf 81' lang='lat' dir='ltr'>scdbus</span> <span class='ocrx_word' id='word_1_217' title='bbox 1362 1858 1590 1945; x_wconf 52' lang='lat' dir='ltr'>consislealeg,</span> <span class='ocrx_word' id='word_1_218' title='bbox 1616 1858 1727 1919; x_wconf 88' lang='lat' dir='ltr'>nullius</span> 
     </span>
     <span class='ocr_line' id='line_1_19' title="bbox 58 1952 1726 2033; baseline -0.001 -20"><span class='ocrx_word' id='word_1_219' title='bbox 58 1953 225 2015; x_wconf 80' lang='lat' dir='ltr'>redimeret.</span> <span class='ocrx_word' id='word_1_220' title='bbox 264 1952 394 2013; x_wconf 80' lang='lat' dir='ltr'>llerenit</span> <span class='ocrx_word' id='word_1_221' title='bbox 419 1952 478 2013; x_wconf 90' lang='lat' dir='ltr'>sub</span> <span class='ocrx_word' id='word_1_222' title='bbox 508 1952 586 2015; x_wconf 90' lang='lat' dir='ltr'>idenr</span> <span class='ocrx_word' id='word_1_223' title='bbox 613 1960 731 2031; x_wconf 87' lang='lat' dir='ltr'>ternpus</span> <span class='ocrx_word' id='word_1_224' title='bbox 754 1953 863 2033; x_wconf 88' lang='lat' dir='ltr'>lligaru</span> <span class='ocrx_word' id='word_1_225' title='bbox 921 1956 1010 2017; x_wconf 89' lang='lat' dir='ltr'>etioua</span> <span class='ocrx_word' id='word_1_226' title='bbox 1036 1956 1066 2015; x_wconf 92' lang='lat' dir='ltr'>iu</span> <span class='ocrx_word' id='word_1_227' title='bbox 1097 1959 1246 2033; x_wconf 77' lang='lat' dir='ltr'>potestate</span> <span class='ocrx_word' id='word_1_228' title='bbox 1276 1972 1365 2015; x_wconf 82' lang='lat' dir='ltr'>esser</span> <span class='ocrx_word' id='word_1_229' title='bbox 1395 1958 1427 2013; x_wconf 88' lang='lat' dir='ltr'>ut</span> <span class='ocrx_word' id='word_1_230' title='bbox 1456 1958 1554 2013; x_wconf 74' lang='lat' dir='ltr'>bueo</span> <span class='ocrx_word' id='word_1_231' title='bbox 1583 1954 1726 2030; x_wconf 83' lang='lat' dir='ltr'>quauturu</span> 
     </span>
     <span class='ocr_line' id='line_1_20' title="bbox 57 2043 1726 2129; baseline -0.002 -22"><span class='ocrx_word' id='word_1_232' title='bbox 57 2068 77 2107; x_wconf 89' lang='lat' dir='ltr'>a</span> <span class='ocrx_word' id='word_1_233' title='bbox 95 2044 202 2107; x_wconf 86' lang='lat' dir='ltr'>hloseo</span> <span class='ocrx_word' id='word_1_234' title='bbox 222 2043 261 2105; x_wconf 94' lang='lat' dir='ltr'>ad</span> <span class='ocrx_word' id='word_1_235' title='bbox 281 2044 397 2125; x_wconf 80' lang='lat' dir='ltr'>Regem</span> <span class='ocrx_word' id='word_1_236' title='bbox 417 2044 614 2115; x_wconf 85' lang='lat' dir='ltr'>Passerinus,</span> <span class='ocrx_word' id='word_1_237' title='bbox 634 2046 734 2107; x_wconf 85' lang='lat' dir='ltr'>uultis</span> <span class='ocrx_word' id='word_1_238' title='bbox 754 2048 863 2107; x_wconf 85' lang='lat' dir='ltr'>incera-</span> <span class='ocrx_word' id='word_1_239' title='bbox 922 2048 985 2109; x_wconf 92' lang='lat' dir='ltr'>lieri</span> <span class='ocrx_word' id='word_1_240' title='bbox 1013 2049 1081 2129; x_wconf 87' lang='lat' dir='ltr'>ejus</span> <span class='ocrx_word' id='word_1_241' title='bbox 1105 2050 1226 2124; x_wconf 85' lang='lat' dir='ltr'>posset,</span> <span class='ocrx_word' id='word_1_242' title='bbox 1257 2047 1296 2106; x_wconf 94' lang='lat' dir='ltr'>ab</span> <span class='ocrx_word' id='word_1_243' title='bbox 1326 2047 1442 2127; x_wconf 86' lang='lat' dir='ltr'>injuriis</span> <span class='ocrx_word' id='word_1_244' title='bbox 1471 2050 1502 2105; x_wconf 90' lang='lat' dir='ltr'>ct</span> <span class='ocrx_word' id='word_1_245' title='bbox 1533 2044 1726 2105; x_wconf 84' lang='lat' dir='ltr'>iuleeteliuue</span> 
     </span>
     <span class='ocr_line' id='line_1_21' title="bbox 58 2136 1726 2219; baseline -0.001 -20"><span class='ocrx_word' id='word_1_246' title='bbox 58 2137 153 2199; x_wconf 81' lang='lat' dir='ltr'>uadis</span> <span class='ocrx_word' id='word_1_247' title='bbox 167 2143 198 2199; x_wconf 92' lang='lat' dir='ltr'>et</span> <span class='ocrx_word' id='word_1_248' title='bbox 216 2140 366 2201; x_wconf 79' lang='lat' dir='ltr'>aerumnis</span> <span class='ocrx_word' id='word_1_249' title='bbox 381 2138 617 2219; x_wconf 83' lang='lat' dir='ltr'>peregrinatione</span> <span class='ocrx_word' id='word_1_250' title='bbox 630 2160 666 2198; x_wconf 89' lang='lat' dir='ltr'>eo</span> <span class='ocrx_word' id='word_1_251' title='bbox 680 2138 862 2219; x_wconf 80' lang='lat' dir='ltr'>perfunctus.</span> <span class='ocrx_word' id='word_1_252' title='bbox 921 2139 1161 2219; x_wconf 83' lang='lat' dir='ltr'>prohiberentur,</span> <span class='ocrx_word' id='word_1_253' title='bbox 1186 2136 1293 2199; x_wconf 88' lang='lat' dir='ltr'>scdulo</span> <span class='ocrx_word' id='word_1_254' title='bbox 1313 2160 1351 2201; x_wconf 91' lang='lat' dir='ltr'>ne</span> <span class='ocrx_word' id='word_1_255' title='bbox 1371 2158 1439 2199; x_wconf 90' lang='lat' dir='ltr'>curu</span> <span class='ocrx_word' id='word_1_256' title='bbox 1459 2137 1517 2199; x_wconf 90' lang='lat' dir='ltr'>lide</span> <span class='ocrx_word' id='word_1_257' title='bbox 1536 2156 1655 2219; x_wconf 79' lang='lat' dir='ltr'>operare</span> <span class='ocrx_word' id='word_1_258' title='bbox 1676 2136 1726 2197; x_wconf 90' lang='lat' dir='ltr'>da·</span> 
     </span>
     <span class='ocr_line' id='line_1_22' title="bbox 58 2229 1727 2311; baseline 0.001 -21"><span class='ocrx_word' id='word_1_259' title='bbox 58 2231 224 2293; x_wconf 69' lang='lat' dir='ltr'>lralrorarst</span> <span class='ocrx_word' id='word_1_260' title='bbox 252 2229 302 2291; x_wconf 91' lang='lat' dir='ltr'>hie</span> <span class='ocrx_word' id='word_1_261' title='bbox 334 2232 519 2311; x_wconf 79' lang='lat' dir='ltr'>potissimum</span> <span class='ocrx_word' id='word_1_262' title='bbox 548 2229 628 2311; x_wconf 90' lang='lat' dir='ltr'>apud</span> <span class='ocrx_word' id='word_1_263' title='bbox 656 2232 794 2293; x_wconf 84' lang='lat' dir='ltr'>llloseuer</span> <span class='ocrx_word' id='word_1_264' title='bbox 823 2230 864 2293; x_wconf 89' lang='lat' dir='ltr'>de</span> <span class='ocrx_word' id='word_1_265' title='bbox 922 2239 984 2293; x_wconf 89' lang='lat' dir='ltr'>turn</span> <span class='ocrx_word' id='word_1_266' title='bbox 1008 2234 1053 2293; x_wconf 91' lang='lat' dir='ltr'>iri.</span> <span class='ocrx_word' id='word_1_267' title='bbox 1093 2230 1274 2291; x_wconf 71' lang='lat' dir='ltr'>lucelentius</span> <span class='ocrx_word' id='word_1_268' title='bbox 1299 2231 1330 2291; x_wconf 93' lang='lat' dir='ltr'>id</span> <span class='ocrx_word' id='word_1_269' title='bbox 1360 2251 1379 2291; x_wconf 90' lang='lat' dir='ltr'>a</span> <span class='ocrx_word' id='word_1_270' title='bbox 1408 2230 1544 2291; x_wconf 83' lang='lat' dir='ltr'>barbaris</span> <span class='ocrx_word' id='word_1_271' title='bbox 1571 2242 1727 2309; x_wconf 87' lang='lat' dir='ltr'>ecceptuur</span> 
     </span>
     <span class='ocr_line' id='line_1_23' title="bbox 59 2322 1727 2427; baseline 0 -44"><span class='ocrx_word' id='word_1_272' title='bbox 59 2324 263 2397; x_wconf 78' lang='lat' dir='ltr'>dissensione,</span> <span class='ocrx_word' id='word_1_273' title='bbox 283 2342 341 2402; x_wconf 88' lang='lat' dir='ltr'>qua</span> <span class='ocrx_word' id='word_1_274' title='bbox 360 2322 527 2385; x_wconf 87' lang='lat' dir='ltr'>elloruana</span> <span class='ocrx_word' id='word_1_275' title='bbox 547 2322 697 2399; x_wconf 78' lang='lat' dir='ltr'>Ecclesia,</span> <span class='ocrx_word' id='word_1_276' title='bbox 715 2324 795 2385; x_wconf 87' lang='lat' dir='ltr'>sicut</span> <span class='ocrx_word' id='word_1_277' title='bbox 815 2346 863 2385; x_wconf 95' lang='lat' dir='ltr'>ce·</span> <span class='ocrx_word' id='word_1_278' title='bbox 889 2380 893 2427; x_wconf 83' lang='lat' dir='ltr'>l</span> <span class='ocrx_word' id='word_1_279' title='bbox 922 2326 993 2401; x_wconf 87' lang='lat' dir='ltr'>luit,</span> <span class='ocrx_word' id='word_1_280' title='bbox 1012 2344 1217 2404; x_wconf 78' lang='lat' dir='ltr'>responsoque</span> <span class='ocrx_word' id='word_1_281' title='bbox 1237 2323 1358 2399; x_wconf 88' lang='lat' dir='ltr'>audite,</span> <span class='ocrx_word' id='word_1_282' title='bbox 1383 2322 1532 2403; x_wconf 81' lang='lat' dir='ltr'>Princeps</span> <span class='ocrx_word' id='word_1_283' title='bbox 1551 2322 1727 2401; x_wconf 76' lang='lat' dir='ltr'>begaliuuis</span> 
     </span>
     <span class='ocr_line' id='line_1_24' title="bbox 59 2414 1728 2499; baseline 0.001 -24"><span class='ocrx_word' id='word_1_284' title='bbox 59 2417 114 2475; x_wconf 81' lang='lat' dir='ltr'>teri</span> <span class='ocrx_word' id='word_1_285' title='bbox 145 2414 318 2477; x_wconf 87' lang='lat' dir='ltr'>Orientales</span> <span class='ocrx_word' id='word_1_286' title='bbox 355 2416 485 2497; x_wconf 73' lang='lat' dir='ltr'>plerique</span> <span class='ocrx_word' id='word_1_287' title='bbox 521 2416 562 2477; x_wconf 88' lang='lat' dir='ltr'>ila</span> <span class='ocrx_word' id='word_1_288' title='bbox 591 2416 716 2479; x_wconf 87' lang='lat' dir='ltr'>llloscus</span> <span class='ocrx_word' id='word_1_289' title='bbox 746 2438 864 2497; x_wconf 88' lang='lat' dir='ltr'>quoque</span> <span class='ocrx_word' id='word_1_290' title='bbox 889 2440 893 2457; x_wconf 91' lang='lat'><strong>·</strong></span> <span class='ocrx_word' id='word_1_291' title='bbox 921 2422 951 2480; x_wconf 89' lang='lat' dir='ltr'>in</span> <span class='ocrx_word' id='word_1_292' title='bbox 971 2421 1039 2499; x_wconf 88' lang='lat' dir='ltr'>ipse</span> <span class='ocrx_word' id='word_1_293' title='bbox 1058 2418 1145 2499; x_wconf 78' lang='lat' dir='ltr'>quasi</span> <span class='ocrx_word' id='word_1_294' title='bbox 1166 2416 1306 2479; x_wconf 80' lang='lat' dir='ltr'>discessu</span> <span class='ocrx_word' id='word_1_295' title='bbox 1325 2417 1442 2498; x_wconf 90' lang='lat' dir='ltr'>publice</span> <span class='ocrx_word' id='word_1_296' title='bbox 1467 2416 1649 2479; x_wconf 85' lang='lat' dir='ltr'>rcslilicalus</span> <span class='ocrx_word' id='word_1_297' title='bbox 1669 2422 1728 2493; x_wconf 82' lang='lat' dir='ltr'>cst,</span> 
     </span>
     <span class='ocr_line' id='line_1_25' title="bbox 59 2500 1728 2588; baseline 0 -19"><span class='ocrx_word' id='word_1_298' title='bbox 59 2509 204 2581; x_wconf 81' lang='lat' dir='ltr'>dissidet,</span> <span class='ocrx_word' id='word_1_299' title='bbox 225 2508 372 2571; x_wconf 83' lang='lat' dir='ltr'>tollenda:</span> <span class='ocrx_word' id='word_1_300' title='bbox 398 2514 488 2588; x_wconf 91' lang='lat' dir='ltr'>alque</span> <span class='ocrx_word' id='word_1_301' title='bbox 507 2508 666 2571; x_wconf 80' lang='lat' dir='ltr'>Ecclesiae</span> <span class='ocrx_word' id='word_1_302' title='bbox 688 2512 863 2571; x_wconf 80' lang='lat' dir='ltr'>cemurunie·</span> <span class='ocrx_word' id='word_1_303' title='bbox 889 2500 892 2529; x_wconf 84' lang='lat'><strong>¹</strong></span> <span class='ocrx_word' id='word_1_304' title='bbox 922 2524 954 2573; x_wconf 86' lang='lat' dir='ltr'>ut</span> <span class='ocrx_word' id='word_1_305' title='bbox 973 2512 1074 2573; x_wconf 90' lang='lat' dir='ltr'>eruuia</span> <span class='ocrx_word' id='word_1_306' title='bbox 1100 2512 1218 2581; x_wconf 91' lang='lat' dir='ltr'>liercot,</span> <span class='ocrx_word' id='word_1_307' title='bbox 1248 2511 1305 2571; x_wconf 83' lang='lat' dir='ltr'>uisi</span> <span class='ocrx_word' id='word_1_308' title='bbox 1325 2521 1425 2571; x_wconf 78' lang='lat' dir='ltr'>tanea</span> <span class='ocrx_word' id='word_1_309' title='bbox 1446 2511 1557 2571; x_wconf 65' lang='lat' dir='ltr'>Cesaci</span> <span class='ocrx_word' id='word_1_310' title='bbox 1578 2508 1608 2569; x_wconf 91' lang='lat' dir='ltr'>iu</span> <span class='ocrx_word' id='word_1_311' title='bbox 1628 2506 1728 2569; x_wconf 85' lang='lat' dir='ltr'>cilicie</span> 
     </span>
     <span class='ocr_line' id='line_1_26' title="bbox 60 2600 1728 2683; baseline 0.001 -22"><span class='ocrx_word' id='word_1_312' title='bbox 60 2624 125 2663; x_wconf 82' lang='lat' dir='ltr'>uem</span> <span class='ocrx_word' id='word_1_313' title='bbox 148 2602 254 2663; x_wconf 92' lang='lat' dir='ltr'>codenr</span> <span class='ocrx_word' id='word_1_314' title='bbox 275 2600 463 2663; x_wconf 84' lang='lat' dir='ltr'>reducendo:</span> <span class='ocrx_word' id='word_1_315' title='bbox 489 2608 550 2661; x_wconf 89' lang='lat' dir='ltr'>lunr</span> <span class='ocrx_word' id='word_1_316' title='bbox 576 2622 629 2683; x_wconf 94' lang='lat' dir='ltr'>pro</span> <span class='ocrx_word' id='word_1_317' title='bbox 650 2624 705 2663; x_wconf 89' lang='lat' dir='ltr'>sue</span> <span class='ocrx_word' id='word_1_318' title='bbox 724 2604 755 2663; x_wconf 91' lang='lat' dir='ltr'>iu</span> <span class='ocrx_word' id='word_1_319' title='bbox 774 2602 865 2663; x_wconf 87' lang='lat' dir='ltr'>lleaa·</span> <span class='ocrx_word' id='word_1_320' title='bbox 887 2610 893 2683; x_wconf 75' lang='grc'>·,</span> <span class='ocrx_word' id='word_1_321' title='bbox 922 2607 1155 2673; x_wconf 88' lang='lat' dir='ltr'>continerentur,</span> <span class='ocrx_word' id='word_1_322' title='bbox 1179 2622 1282 2683; x_wconf 87' lang='lat' dir='ltr'>paecrn</span> <span class='ocrx_word' id='word_1_323' title='bbox 1301 2624 1339 2662; x_wconf 86' lang='lat' dir='ltr'>se</span> <span class='ocrx_word' id='word_1_324' title='bbox 1359 2624 1418 2663; x_wconf 90' lang='lat' dir='ltr'>uuo</span> <span class='ocrx_word' id='word_1_325' title='bbox 1437 2616 1620 2663; x_wconf 74' lang='lat' dir='ltr'>servaturos.</span> <span class='ocrx_word' id='word_1_326' title='bbox 1657 2601 1728 2663; x_wconf 82' lang='lat' dir='ltr'>laur</span> 
     </span>
     <span class='ocr_line' id='line_1_27' title="bbox 59 2686 1727 2775; baseline 0.001 -22"><span class='ocrx_word' id='word_1_327' title='bbox 59 2696 206 2775; x_wconf 86' lang='lat' dir='ltr'>publicoru</span> <span class='ocrx_word' id='word_1_328' title='bbox 236 2693 436 2755; x_wconf 80' lang='lat' dir='ltr'>Christianam</span> <span class='ocrx_word' id='word_1_329' title='bbox 465 2694 565 2755; x_wconf 91' lang='lat' dir='ltr'>studio</span> <span class='ocrx_word' id='word_1_330' title='bbox 596 2694 727 2757; x_wconf 76' lang='lat' dir='ltr'>foederis</span> <span class='ocrx_word' id='word_1_331' title='bbox 761 2702 864 2757; x_wconf 88' lang='lat' dir='ltr'>contra</span> <span class='ocrx_word' id='word_1_332' title='bbox 888 2686 892 2757; x_wconf 80' lang='lat' dir='ltr'>i</span> <span class='ocrx_word' id='word_1_333' title='bbox 922 2708 993 2759; x_wconf 88' lang='lat' dir='ltr'>ente</span> <span class='ocrx_word' id='word_1_334' title='bbox 1017 2697 1145 2759; x_wconf 89' lang='lat' dir='ltr'>illineris</span> <span class='ocrx_word' id='word_1_335' title='bbox 1163 2695 1323 2769; x_wconf 89' lang='lat' dir='ltr'>Polorriae,</span> <span class='ocrx_word' id='word_1_336' title='bbox 1348 2714 1386 2755; x_wconf 88' lang='lat' dir='ltr'>ac</span> <span class='ocrx_word' id='word_1_337' title='bbox 1408 2694 1543 2757; x_wconf 81' lang='lat' dir='ltr'>llussiae</span> <span class='ocrx_word' id='word_1_338' title='bbox 1569 2694 1727 2764; x_wconf 72' lang='lat' dir='ltr'>Nobilitas,</span> 
     </span>
     <span class='ocr_line' id='line_1_28' title="bbox 59 2786 1728 2867; baseline -0.001 -18"><span class='ocrx_word' id='word_1_339' title='bbox 59 2787 215 2849; x_wconf 76' lang='lat' dir='ltr'>&#39;rarumu</span> <span class='ocrx_word' id='word_1_340' title='bbox 238 2786 402 2863; x_wconf 87' lang='lat' dir='ltr'>curullege</span> <span class='ocrx_word' id='word_1_341' title='bbox 414 2786 570 2849; x_wconf 87' lang='lat' dir='ltr'>sanciendi</span> <span class='ocrx_word' id='word_1_342' title='bbox 591 2786 666 2849; x_wconf 90' lang='lat' dir='ltr'>ultre</span> <span class='ocrx_word' id='word_1_343' title='bbox 686 2790 862 2848; x_wconf 79' lang='lat' dir='ltr'>meudoneur</span> <span class='ocrx_word' id='word_1_344' title='bbox 889 2808 892 2845; x_wconf 72' lang='grc' dir='ltr'>ι</span> <span class='ocrx_word' id='word_1_345' title='bbox 923 2790 1049 2867; x_wconf 86' lang='lat' dir='ltr'>Legalis</span> <span class='ocrx_word' id='word_1_346' title='bbox 1067 2789 1187 2858; x_wconf 81' lang='lat' dir='ltr'>ruisais,</span> <span class='ocrx_word' id='word_1_347' title='bbox 1212 2788 1251 2847; x_wconf 89' lang='lat' dir='ltr'>de</span> <span class='ocrx_word' id='word_1_348' title='bbox 1271 2787 1378 2846; x_wconf 86' lang='lat' dir='ltr'>tribule</span> <span class='ocrx_word' id='word_1_349' title='bbox 1398 2790 1427 2847; x_wconf 94' lang='lat' dir='ltr'>in</span> <span class='ocrx_word' id='word_1_350' title='bbox 1447 2790 1514 2849; x_wconf 86' lang='lat' dir='ltr'>suis</span> <span class='ocrx_word' id='word_1_351' title='bbox 1532 2788 1728 2847; x_wconf 85' lang='lat' dir='ltr'>concentibus</span> 
     </span>
     <span class='ocr_line' id='line_1_29' title="bbox 60 2854 1727 2961; baseline 0 -22"><span class='ocrx_word' id='word_1_352' title='bbox 60 2878 215 2951; x_wconf 80' lang='lat' dir='ltr'>intulerat3</span> <span class='ocrx_word' id='word_1_353' title='bbox 246 2878 376 2959; x_wconf 88' lang='lat' dir='ltr'>quidque</span> <span class='ocrx_word' id='word_1_354' title='bbox 405 2879 495 2939; x_wconf 88' lang='lat' dir='ltr'>anirai</span> <span class='ocrx_word' id='word_1_355' title='bbox 518 2878 645 2939; x_wconf 80' lang='lat' dir='ltr'>hloscns</span> <span class='ocrx_word' id='word_1_356' title='bbox 675 2879 714 2939; x_wconf 90' lang='lat' dir='ltr'>de</span> <span class='ocrx_word' id='word_1_357' title='bbox 743 2882 863 2961; x_wconf 90' lang='lat' dir='ltr'>conjun-</span> <span class='ocrx_word' id='word_1_358' title='bbox 889 2854 893 2947; x_wconf 83' lang='grc'>1</span> <span class='ocrx_word' id='word_1_359' title='bbox 923 2904 941 2941; x_wconf 88' lang='grc' dir='ltr'>ιι</span> <span class='ocrx_word' id='word_1_360' title='bbox 965 2902 1001 2941; x_wconf 88' lang='lat' dir='ltr'>se</span> <span class='ocrx_word' id='word_1_361' title='bbox 1027 2878 1149 2941; x_wconf 85' lang='lat' dir='ltr'>decreto</span> <span class='ocrx_word' id='word_1_362' title='bbox 1174 2880 1326 2939; x_wconf 78' lang='lat' dir='ltr'>certiorare</span> <span class='ocrx_word' id='word_1_363' title='bbox 1353 2876 1467 2955; x_wconf 85' lang='lat' dir='ltr'>llcgeru</span> <span class='ocrx_word' id='word_1_364' title='bbox 1493 2879 1614 2939; x_wconf 84' lang='lat' dir='ltr'>lecerat.</span> <span class='ocrx_word' id='word_1_365' title='bbox 1659 2878 1727 2941; x_wconf 87' lang='lat' dir='ltr'>lloc</span> 
     </span>
     <span class='ocr_line' id='line_1_30' title="bbox 58 2969 1729 3053; baseline 0.001 -22"><span class='ocrx_word' id='word_1_366' title='bbox 58 2969 157 3051; x_wconf 87' lang='lat' dir='ltr'>gendo</span> <span class='ocrx_word' id='word_1_367' title='bbox 177 2976 282 3031; x_wconf 87' lang='lat' dir='ltr'>eorrtra</span> <span class='ocrx_word' id='word_1_368' title='bbox 302 2970 444 3031; x_wconf 88' lang='lat' dir='ltr'>barbaros</span> <span class='ocrx_word' id='word_1_369' title='bbox 468 2970 546 3030; x_wconf 91' lang='lat' dir='ltr'>belle</span> <span class='ocrx_word' id='word_1_370' title='bbox 566 2970 704 3047; x_wconf 80' lang='lat' dir='ltr'>heberet,</span> <span class='ocrx_word' id='word_1_371' title='bbox 731 2972 864 3051; x_wconf 81' lang='lat' dir='ltr'>explere·</span> <span class='ocrx_word' id='word_1_372' title='bbox 890 2972 893 2993; x_wconf 94' lang='lat'>&#39;</span> <span class='ocrx_word' id='word_1_373' title='bbox 923 2973 971 3035; x_wconf 89' lang='lat' dir='ltr'>rcl</span> <span class='ocrx_word' id='word_1_374' title='bbox 995 2978 1127 3053; x_wconf 79' lang='lat' dir='ltr'>ternpore</span> <span class='ocrx_word' id='word_1_375' title='bbox 1153 2972 1320 3050; x_wconf 84' lang='lat' dir='ltr'>priusquaur</span> <span class='ocrx_word' id='word_1_376' title='bbox 1348 2969 1437 3031; x_wconf 80' lang='lat' dir='ltr'>l’ilua</span> <span class='ocrx_word' id='word_1_377' title='bbox 1464 2972 1532 3035; x_wconf 80' lang='lat' dir='ltr'>llex</span> <span class='ocrx_word' id='word_1_378' title='bbox 1557 2971 1729 3033; x_wconf 86' lang='lat' dir='ltr'>discederet</span> 
     </span>
     <span class='ocr_line' id='line_1_31' title="bbox 60 3061 1728 3161; baseline 0.001 -36"><span class='ocrx_word' id='word_1_379' title='bbox 60 3070 115 3125; x_wconf 88' lang='lat' dir='ltr'>ret.</span> <span class='ocrx_word' id='word_1_380' title='bbox 156 3062 203 3124; x_wconf 87' lang='lat' dir='ltr'>De</span> <span class='ocrx_word' id='word_1_381' title='bbox 228 3070 360 3125; x_wconf 78' lang='lat' dir='ltr'>extreme</span> <span class='ocrx_word' id='word_1_382' title='bbox 380 3062 438 3123; x_wconf 90' lang='lat' dir='ltr'>hoc</span> <span class='ocrx_word' id='word_1_383' title='bbox 458 3061 630 3123; x_wconf 82' lang='lat' dir='ltr'>ostenderat</span> <span class='ocrx_word' id='word_1_384' title='bbox 649 3065 789 3135; x_wconf 83' lang='lat' dir='ltr'>llloscua,</span> <span class='ocrx_word' id='word_1_385' title='bbox 816 3086 863 3145; x_wconf 88' lang='lat' dir='ltr'>pa·</span> <span class='ocrx_word' id='word_1_386' title='bbox 890 3090 894 3161; x_wconf 72' lang='lat' dir='ltr'>q</span> <span class='ocrx_word' id='word_1_387' title='bbox 923 3065 1086 3147; x_wconf 85' lang='lat' dir='ltr'>alllajoris</span> <span class='ocrx_word' id='word_1_388' title='bbox 1104 3062 1387 3145; x_wconf 81' lang='lat' dir='ltr'>qrroquel&#39;olouiae,</span> <span class='ocrx_word' id='word_1_389' title='bbox 1406 3064 1626 3127; x_wconf 80' lang='lat' dir='ltr'>dioscoritieao</span> <span class='ocrx_word' id='word_1_390' title='bbox 1646 3066 1728 3137; x_wconf 82' lang='lat' dir='ltr'>itere,</span> 
     </span>
     <span class='ocr_line' id='line_1_32' title="bbox 60 3154 1728 3239; baseline 0.001 -22"><span class='ocrx_word' id='word_1_391' title='bbox 60 3178 126 3217; x_wconf 91' lang='lat' dir='ltr'>eeur</span> <span class='ocrx_word' id='word_1_392' title='bbox 142 3156 206 3239; x_wconf 89' lang='lat' dir='ltr'>janr</span> <span class='ocrx_word' id='word_1_393' title='bbox 226 3176 292 3217; x_wconf 85' lang='lat' dir='ltr'>cura</span> <span class='ocrx_word' id='word_1_394' title='bbox 314 3154 440 3217; x_wconf 82' lang='lat' dir='ltr'>Tartaro</span> <span class='ocrx_word' id='word_1_395' title='bbox 459 3176 496 3217; x_wconf 88' lang='lat' dir='ltr'>se</span> <span class='ocrx_word' id='word_1_396' title='bbox 515 3156 637 3219; x_wconf 80' lang='lat' dir='ltr'>secisse.</span> <span class='ocrx_word' id='word_1_397' title='bbox 667 3156 785 3217; x_wconf 76' lang='lat' dir='ltr'>Venere</span> <span class='ocrx_word' id='word_1_398' title='bbox 805 3180 865 3220; x_wconf 89' lang='lat' dir='ltr'>una</span> <span class='ocrx_word' id='word_1_399' title='bbox 921 3180 959 3219; x_wconf 91' lang='lat' dir='ltr'>ac</span> <span class='ocrx_word' id='word_1_400' title='bbox 983 3157 1181 3235; x_wconf 81' lang='lat' dir='ltr'>Pediassicae</span> <span class='ocrx_word' id='word_1_401' title='bbox 1201 3156 1371 3221; x_wconf 71' lang='lat' dir='ltr'>Nobilitatur</span> <span class='ocrx_word' id='word_1_402' title='bbox 1399 3156 1524 3235; x_wconf 83' lang='lat' dir='ltr'>Legatia</span> <span class='ocrx_word' id='word_1_403' title='bbox 1548 3156 1666 3229; x_wconf 81' lang='lat' dir='ltr'>aditus,</span> <span class='ocrx_word' id='word_1_404' title='bbox 1688 3156 1728 3219; x_wconf 89' lang='lat' dir='ltr'>de</span> 
     </span>
     <span class='ocr_line' id='line_1_33' title="bbox 59 3246 1727 3335; baseline 0.001 -25"><span class='ocrx_word' id='word_1_405' title='bbox 59 3270 125 3310; x_wconf 73' lang='lat' dir='ltr'>cun</span> <span class='ocrx_word' id='word_1_406' title='bbox 145 3248 314 3311; x_wconf 85' lang='lat' dir='ltr'>Posserioe</span> <span class='ocrx_word' id='word_1_407' title='bbox 335 3246 454 3327; x_wconf 81' lang='lat' dir='ltr'>Legati,</span> <span class='ocrx_word' id='word_1_408' title='bbox 473 3247 677 3311; x_wconf 86' lang='lat' dir='ltr'>udSururnunr</span> <span class='ocrx_word' id='word_1_409' title='bbox 689 3250 864 3311; x_wconf 80' lang='lat' dir='ltr'>Poulidceea</span> <span class='ocrx_word' id='word_1_410' title='bbox 891 3274 895 3335; x_wconf 83' lang='lat'>!</span> <span class='ocrx_word' id='word_1_411' title='bbox 922 3252 1011 3313; x_wconf 85' lang='lat' dir='ltr'>siarili</span> <span class='ocrx_word' id='word_1_412' title='bbox 1032 3252 1141 3311; x_wconf 90' lang='lat' dir='ltr'>tributo</span> <span class='ocrx_word' id='word_1_413' title='bbox 1166 3252 1195 3311; x_wconf 92' lang='lat' dir='ltr'>iu</span> <span class='ocrx_word' id='word_1_414' title='bbox 1223 3250 1284 3311; x_wconf 86' lang='lat' dir='ltr'>illis</span> <span class='ocrx_word' id='word_1_415' title='bbox 1304 3270 1422 3330; x_wconf 88' lang='lat' dir='ltr'>queque</span> <span class='ocrx_word' id='word_1_416' title='bbox 1442 3252 1638 3313; x_wconf 76' lang='lat' dir='ltr'>coercentibus</span> <span class='ocrx_word' id='word_1_417' title='bbox 1658 3270 1727 3313; x_wconf 89' lang='lat' dir='ltr'>sau·</span> 
     </span>
     <span class='ocr_line' id='line_1_34' title="bbox 60 3340 1729 3445; baseline 0.001 -42"><span class='ocrx_word' id='word_1_418' title='bbox 60 3362 97 3403; x_wconf 91' lang='lat' dir='ltr'>ac</span> <span class='ocrx_word' id='word_1_419' title='bbox 114 3340 305 3423; x_wconf 85' lang='lat' dir='ltr'>Rudolpbuur</span> <span class='ocrx_word' id='word_1_420' title='bbox 324 3340 490 3402; x_wconf 81' lang='lat' dir='ltr'>Romanurn</span> <span class='ocrx_word' id='word_1_421' title='bbox 510 3340 865 3422; x_wconf 77' lang='lat' dir='ltr'>inperatorearalllerco</span> <span class='ocrx_word' id='word_1_422' title='bbox 891 3346 895 3445; x_wconf 62' lang='grc' dir='ltr'>ἰ</span> <span class='ocrx_word' id='word_1_423' title='bbox 923 3346 984 3405; x_wconf 88' lang='lat' dir='ltr'>citu</span> <span class='ocrx_word' id='word_1_424' title='bbox 1002 3343 1167 3423; x_wconf 85' lang='lat' dir='ltr'>cognoscit.</span> <span class='ocrx_word' id='word_1_425' title='bbox 1207 3342 1330 3403; x_wconf 80' lang='lat' dir='ltr'>Gratiae</span> <span class='ocrx_word' id='word_1_426' title='bbox 1349 3344 1484 3423; x_wconf 85' lang='lat' dir='ltr'>utrisque</span> <span class='ocrx_word' id='word_1_427' title='bbox 1504 3350 1606 3419; x_wconf 88' lang='lat' dir='ltr'>actae,</span> <span class='ocrx_word' id='word_1_428' title='bbox 1631 3342 1729 3424; x_wconf 88' lang='lat' dir='ltr'>deque</span> 
     </span>
     <span class='ocr_line' id='line_1_35' title="bbox 60 3434 1729 3517; baseline 0 -20"><span class='ocrx_word' id='word_1_429' title='bbox 60 3436 161 3497; x_wconf 78' lang='lat' dir='ltr'>arisair</span> <span class='ocrx_word' id='word_1_430' title='bbox 186 3438 263 3497; x_wconf 85' lang='lat' dir='ltr'>alter</span> <span class='ocrx_word' id='word_1_431' title='bbox 282 3436 351 3495; x_wconf 88' lang='lat' dir='ltr'>lteaa</span> <span class='ocrx_word' id='word_1_432' title='bbox 371 3455 458 3514; x_wconf 86' lang='lat' dir='ltr'>quera</span> <span class='ocrx_word' id='word_1_433' title='bbox 484 3434 773 3515; x_wconf 84' lang='lat' dir='ltr'>Curratenlinopeliru</span> <span class='ocrx_word' id='word_1_434' title='bbox 798 3458 864 3499; x_wconf 90' lang='lat' dir='ltr'>cura</span> <span class='ocrx_word' id='word_1_435' title='bbox 924 3439 1021 3499; x_wconf 85' lang='lat' dir='ltr'>orriruo</span> <span class='ocrx_word' id='word_1_436' title='bbox 1048 3438 1078 3497; x_wconf 94' lang='lat' dir='ltr'>iu</span> <span class='ocrx_word' id='word_1_437' title='bbox 1104 3436 1329 3517; x_wconf 85' lang='lat' dir='ltr'>llerrrpublicanr</span> <span class='ocrx_word' id='word_1_438' title='bbox 1355 3434 1449 3514; x_wconf 87' lang='lat' dir='ltr'>Regis</span> <span class='ocrx_word' id='word_1_439' title='bbox 1474 3438 1585 3517; x_wconf 85' lang='lat' dir='ltr'>opliaae</span> <span class='ocrx_word' id='word_1_440' title='bbox 1614 3436 1729 3517; x_wconf 89' lang='lat' dir='ltr'>sperari</span> 
     </span>
     <span class='ocr_line' id='line_1_36' title="bbox 60 3526 1729 3612; baseline 0 -23"><span class='ocrx_word' id='word_1_441' title='bbox 60 3530 250 3601; x_wconf 83' lang='lat' dir='ltr'>muneribus,</span> <span class='ocrx_word' id='word_1_442' title='bbox 282 3528 393 3607; x_wconf 89' lang='lat' dir='ltr'>quibus</span> <span class='ocrx_word' id='word_1_443' title='bbox 419 3526 543 3589; x_wconf 87' lang='lat' dir='ltr'>caedem</span> <span class='ocrx_word' id='word_1_444' title='bbox 567 3528 619 3589; x_wconf 87' lang='lat' dir='ltr'>lilii</span> <span class='ocrx_word' id='word_1_445' title='bbox 644 3530 794 3606; x_wconf 78' lang='lat' dir='ltr'>expiaret,</span> <span class='ocrx_word' id='word_1_446' title='bbox 825 3529 865 3591; x_wconf 91' lang='lat' dir='ltr'>ad</span> <span class='ocrx_word' id='word_1_447' title='bbox 919 3532 1000 3612; x_wconf 85' lang='lat' dir='ltr'>jussi</span> <span class='ocrx_word' id='word_1_448' title='bbox 1019 3530 1153 3601; x_wconf 87' lang='lat' dir='ltr'>luerunt,</span> <span class='ocrx_word' id='word_1_449' title='bbox 1174 3532 1261 3611; x_wconf 89' lang='lat' dir='ltr'>eujus</span> <span class='ocrx_word' id='word_1_450' title='bbox 1280 3528 1508 3589; x_wconf 84' lang='lat' dir='ltr'>crrrrstituuudae</span> <span class='ocrx_word' id='word_1_451' title='bbox 1526 3550 1563 3589; x_wconf 92' lang='lat' dir='ltr'>ac</span> <span class='ocrx_word' id='word_1_452' title='bbox 1583 3528 1729 3589; x_wconf 74' lang='lat' dir='ltr'>bisaciae</span> 
     </span>
     <span class='ocr_line' id='line_1_37' title="bbox 61 3618 1729 3702; baseline -0.001 -19"><span class='ocrx_word' id='word_1_453' title='bbox 61 3620 263 3691; x_wconf 82' lang='lat' dir='ltr'>l&#39;atriareharu</span> <span class='ocrx_word' id='word_1_454' title='bbox 305 3618 665 3701; x_wconf 65' lang='lat' dir='ltr'>Condanliaepolitanunr</span> <span class='ocrx_word' id='word_1_455' title='bbox 704 3620 865 3697; x_wconf 81' lang='lat' dir='ltr'>ablegaret.</span> <span class='ocrx_word' id='word_1_456' title='bbox 924 3623 1126 3702; x_wconf 79' lang='lat' dir='ltr'>sinul,quurn</span> <span class='ocrx_word' id='word_1_457' title='bbox 1147 3620 1595 3695; x_wconf 69' lang='lat' dir='ltr'>cem-uuiouruiuurcunsilie,</span> <span class='ocrx_word' id='word_1_458' title='bbox 1614 3640 1729 3699; x_wconf 84' lang='lat' dir='ltr'>acopo</span> 
     </span>
     <span class='ocr_line' id='line_1_38' title="bbox 60 3709 1729 3797; baseline -0.002 -20"><span class='ocrx_word' id='word_1_459' title='bbox 60 3714 205 3795; x_wconf 82' lang='lat' dir='ltr'>Utrisque</span> <span class='ocrx_word' id='word_1_460' title='bbox 224 3716 341 3775; x_wconf 86' lang='lat' dir='ltr'>litterae</span> <span class='ocrx_word' id='word_1_461' title='bbox 360 3724 546 3773; x_wconf 77' lang='lat' dir='ltr'>conmeatus</span> <span class='ocrx_word' id='word_1_462' title='bbox 566 3712 677 3793; x_wconf 88' lang='lat' dir='ltr'>publici</span> <span class='ocrx_word' id='word_1_463' title='bbox 696 3709 784 3773; x_wconf 86' lang='lat' dir='ltr'>datae</span> <span class='ocrx_word' id='word_1_464' title='bbox 805 3712 866 3773; x_wconf 85' lang='lat' dir='ltr'>lue·</span> <span class='ocrx_word' id='word_1_465' title='bbox 924 3722 1055 3797; x_wconf 68' lang='lat' dir='ltr'>larteso,</span> <span class='ocrx_word' id='word_1_466' title='bbox 1086 3716 1232 3775; x_wconf 87' lang='lat' dir='ltr'>corrrrauni</span> <span class='ocrx_word' id='word_1_467' title='bbox 1255 3716 1344 3775; x_wconf 88' lang='lat' dir='ltr'>etiaor</span> <span class='ocrx_word' id='word_1_468' title='bbox 1366 3712 1510 3773; x_wconf 86' lang='lat' dir='ltr'>Ordiouar</span> <span class='ocrx_word' id='word_1_469' title='bbox 1524 3711 1640 3794; x_wconf 86' lang='lat' dir='ltr'>judicio</span> <span class='ocrx_word' id='word_1_470' title='bbox 1658 3712 1729 3775; x_wconf 83' lang='lat' dir='ltr'>llea</span> 
     </span>
     <span class='ocr_line' id='line_1_39' title="bbox 61 3804 1729 3885; baseline -0.002 -17"><span class='ocrx_word' id='word_1_471' title='bbox 61 3814 137 3869; x_wconf 88' lang='lat' dir='ltr'>runt.</span> <span class='ocrx_word' id='word_1_472' title='bbox 176 3806 307 3869; x_wconf 82' lang='lat' dir='ltr'>Remisit</span> <span class='ocrx_word' id='word_1_473' title='bbox 336 3804 440 3865; x_wconf 73' lang='lat' dir='ltr'>liade·</span> <span class='ocrx_word' id='word_1_474' title='bbox 470 3806 558 3865; x_wconf 87' lang='lat' dir='ltr'>etiarn</span> <span class='ocrx_word' id='word_1_475' title='bbox 591 3804 654 3867; x_wconf 84' lang='lat' dir='ltr'>lere</span> <span class='ocrx_word' id='word_1_476' title='bbox 685 3806 866 3885; x_wconf 80' lang='lat' dir='ltr'>temporibus</span> <span class='ocrx_word' id='word_1_477' title='bbox 926 3812 1124 3881; x_wconf 88' lang='lat' dir='ltr'>reaerrasael,</span> <span class='ocrx_word' id='word_1_478' title='bbox 1143 3806 1324 3869; x_wconf 89' lang='lat' dir='ltr'>ordinandae</span> <span class='ocrx_word' id='word_1_479' title='bbox 1339 3824 1431 3865; x_wconf 81' lang='lat' dir='ltr'>causa</span> <span class='ocrx_word' id='word_1_480' title='bbox 1450 3807 1526 3867; x_wconf 88' lang='lat' dir='ltr'>iutra</span> <span class='ocrx_word' id='word_1_481' title='bbox 1544 3824 1614 3865; x_wconf 90' lang='lat' dir='ltr'>euru</span> <span class='ocrx_word' id='word_1_482' title='bbox 1633 3806 1729 3883; x_wconf 71' lang='lat' dir='ltr'>ipsun</span> 
     </span>
     <span class='ocr_line' id='line_1_40' title="bbox 61 3894 1731 3979; baseline -0.002 -17"><span class='ocrx_word' id='word_1_483' title='bbox 61 3900 99 3962; x_wconf 91' lang='lat' dir='ltr'>ad</span> <span class='ocrx_word' id='word_1_484' title='bbox 120 3901 236 3979; x_wconf 81' lang='lat' dir='ltr'>Regem</span> <span class='ocrx_word' id='word_1_485' title='bbox 255 3897 411 3959; x_wconf 83' lang='lat' dir='ltr'>llellhiera</span> <span class='ocrx_word' id='word_1_486' title='bbox 431 3894 632 3969; x_wconf 70' lang='lat' dir='ltr'>l&#39;reroalium</span> <span class='ocrx_word' id='word_1_487' title='bbox 656 3899 706 3977; x_wconf 94' lang='lat' dir='ltr'>qui</span> <span class='ocrx_word' id='word_1_488' title='bbox 732 3920 800 3957; x_wconf 86' lang='lat' dir='ltr'>cura</span> <span class='ocrx_word' id='word_1_489' title='bbox 823 3900 867 3959; x_wconf 87' lang='lat' dir='ltr'>lil-</span> <span class='ocrx_word' id='word_1_490' title='bbox 894 3936 897 3977; x_wconf 59' lang='lat' dir='ltr'>q</span> <span class='ocrx_word' id='word_1_491' title='bbox 926 3920 1035 3961; x_wconf 88' lang='lat' dir='ltr'>uurruru</span> <span class='ocrx_word' id='word_1_492' title='bbox 1056 3900 1185 3961; x_wconf 75' lang='lat' dir='ltr'>(bullio</span> <span class='ocrx_word' id='word_1_493' title='bbox 1204 3898 1318 3975; x_wconf 85' lang='lat' dir='ltr'>llegear</span> <span class='ocrx_word' id='word_1_494' title='bbox 1349 3898 1514 3959; x_wconf 86' lang='lat' dir='ltr'>habitururn</span> <span class='ocrx_word' id='word_1_495' title='bbox 1534 3899 1563 3957; x_wconf 92' lang='lat' dir='ltr'>in</span> <span class='ocrx_word' id='word_1_496' title='bbox 1584 3918 1731 3979; x_wconf 85' lang='lat' dir='ltr'>responsu</span> 
     </span>
     <span class='ocr_line' id='line_1_41' title="bbox 61 3988 1731 4137; baseline 0.001 -86"><span class='ocrx_word' id='word_1_497' title='bbox 61 3994 152 4063; x_wconf 81' lang='lat' dir='ltr'>teria,</span> <span class='ocrx_word' id='word_1_498' title='bbox 172 3992 280 4071; x_wconf 87' lang='lat' dir='ltr'>quibus</span> <span class='ocrx_word' id='word_1_499' title='bbox 300 3991 395 4067; x_wconf 85' lang='lat' dir='ltr'>ipsius</span> <span class='ocrx_word' id='word_1_500' title='bbox 416 3988 486 4049; x_wconf 82' lang='lat' dir='ltr'>ilex</span> <span class='ocrx_word' id='word_1_501' title='bbox 506 3988 721 4068; x_wconf 86' lang='lat' dir='ltr'>respondebat,</span> <span class='ocrx_word' id='word_1_502' title='bbox 748 3989 786 4050; x_wconf 89' lang='lat' dir='ltr'>de</span> <span class='ocrx_word' id='word_1_503' title='bbox 806 3992 867 4071; x_wconf 89' lang='lat' dir='ltr'>qui·</span> <span class='ocrx_word' id='word_1_504' title='bbox 894 3994 899 4137; x_wconf 71' lang='lat' dir='ltr'>q</span> <span class='ocrx_word' id='word_1_505' title='bbox 927 3993 1039 4053; x_wconf 85' lang='lat' dir='ltr'>ulliaeis</span> <span class='ocrx_word' id='word_1_506' title='bbox 1062 3992 1148 4053; x_wconf 83' lang='lat' dir='ltr'>bisce</span> <span class='ocrx_word' id='word_1_507' title='bbox 1175 3990 1245 4053; x_wconf 87' lang='lat' dir='ltr'>dale</span> <span class='ocrx_word' id='word_1_508' title='bbox 1272 3989 1420 4069; x_wconf 82' lang='lat' dir='ltr'>adjectura</span> <span class='ocrx_word' id='word_1_509' title='bbox 1447 3988 1511 4049; x_wconf 85' lang='lat' dir='ltr'>l&#39;uil.</span> <span class='ocrx_word' id='word_1_510' title='bbox 1552 3990 1672 4061; x_wconf 80' lang='lat' dir='ltr'>Quibus</span> <span class='ocrx_word' id='word_1_511' title='bbox 1691 3990 1731 4051; x_wconf 90' lang='lat' dir='ltr'>de</span> 
     </span>
     <span class='ocr_line' id='line_1_42' title="bbox 62 4080 1731 4163; baseline 0.002 -20"><span class='ocrx_word' id='word_1_512' title='bbox 62 4088 120 4145; x_wconf 86' lang='lat' dir='ltr'>bua</span> <span class='ocrx_word' id='word_1_513' title='bbox 140 4104 232 4163; x_wconf 82' lang='lat' dir='ltr'>supro</span> <span class='ocrx_word' id='word_1_514' title='bbox 250 4082 362 4143; x_wconf 79' lang='lat' dir='ltr'>dicture</span> <span class='ocrx_word' id='word_1_515' title='bbox 387 4087 449 4151; x_wconf 88' lang='lat' dir='ltr'>eat,</span> <span class='ocrx_word' id='word_1_516' title='bbox 472 4080 637 4142; x_wconf 76' lang='lat' dir='ltr'>Zanclaeis</span> <span class='ocrx_word' id='word_1_517' title='bbox 654 4082 694 4143; x_wconf 88' lang='lat' dir='ltr'>ad</span> <span class='ocrx_word' id='word_1_518' title='bbox 713 4104 779 4143; x_wconf 89' lang='lat' dir='ltr'>curn</span> <span class='ocrx_word' id='word_1_519' title='bbox 801 4086 869 4145; x_wconf 87' lang='lat' dir='ltr'>aris·</span> <span class='ocrx_word' id='word_1_520' title='bbox 928 4087 1045 4156; x_wconf 59' lang='lat' dir='ltr'>cauus,</span> <span class='ocrx_word' id='word_1_521' title='bbox 1074 4084 1243 4163; x_wconf 78' lang='lat' dir='ltr'>quibusque</span> <span class='ocrx_word' id='word_1_522' title='bbox 1267 4102 1334 4141; x_wconf 86' lang='lat' dir='ltr'>cura</span> <span class='ocrx_word' id='word_1_523' title='bbox 1353 4080 1500 4143; x_wconf 80' lang='lat' dir='ltr'>uarrdalis</span> <span class='ocrx_word' id='word_1_524' title='bbox 1525 4088 1587 4145; x_wconf 92' lang='lat' dir='ltr'>turu</span> <span class='ocrx_word' id='word_1_525' title='bbox 1605 4084 1645 4145; x_wconf 90' lang='lat' dir='ltr'>ad</span> <span class='ocrx_word' id='word_1_526' title='bbox 1664 4082 1731 4147; x_wconf 91' lang='lat' dir='ltr'>lllu·</span> 
     </span>
     <span class='ocr_line' id='line_1_43' title="bbox 63 4173 1732 4258; baseline 0.002 -23"><span class='ocrx_word' id='word_1_527' title='bbox 63 4196 117 4235; x_wconf 84' lang='lat' dir='ltr'>sus</span> <span class='ocrx_word' id='word_1_528' title='bbox 144 4174 257 4235; x_wconf 78' lang='lat' dir='ltr'>luerat:</span> <span class='ocrx_word' id='word_1_529' title='bbox 287 4180 318 4235; x_wconf 90' lang='lat' dir='ltr'>et</span> <span class='ocrx_word' id='word_1_530' title='bbox 341 4180 541 4245; x_wconf 82' lang='lat' dir='ltr'>mercatores,</span> <span class='ocrx_word' id='word_1_531' title='bbox 572 4194 648 4252; x_wconf 86' lang='lat' dir='ltr'>quoa</span> <span class='ocrx_word' id='word_1_532' title='bbox 674 4196 725 4254; x_wconf 91' lang='lat' dir='ltr'>per</span> <span class='ocrx_word' id='word_1_533' title='bbox 750 4184 867 4258; x_wconf 81' lang='lat' dir='ltr'>leupus</span> <span class='ocrx_word' id='word_1_534' title='bbox 926 4197 1012 4239; x_wconf 84' lang='lat' dir='ltr'>scurra</span> <span class='ocrx_word' id='word_1_535' title='bbox 1039 4175 1207 4253; x_wconf 79' lang='lat' dir='ltr'>Visgerdus</span> <span class='ocrx_word' id='word_1_536' title='bbox 1231 4173 1414 4244; x_wconf 81' lang='lat' dir='ltr'>hillruauue,</span> <span class='ocrx_word' id='word_1_537' title='bbox 1445 4186 1506 4237; x_wconf 70' lang='lat' dir='ltr'>lun</span> <span class='ocrx_word' id='word_1_538' title='bbox 1533 4176 1573 4239; x_wconf 89' lang='lat' dir='ltr'>ad</span> <span class='ocrx_word' id='word_1_539' title='bbox 1600 4178 1732 4239; x_wconf 65' lang='lat' dir='ltr'>auectas</span> 
     </span>
     <span class='ocr_line' id='line_1_44' title="bbox 62 4266 1733 4351; baseline 0.003 -23"><span class='ocrx_word' id='word_1_540' title='bbox 62 4267 134 4329; x_wconf 87' lang='lat' dir='ltr'>belli</span> <span class='ocrx_word' id='word_1_541' title='bbox 154 4267 323 4329; x_wconf 87' lang='lat' dir='ltr'>retinuerat.</span> <span class='ocrx_word' id='word_1_542' title='bbox 362 4266 412 4329; x_wconf 80' lang='lat' dir='ltr'>Ad</span> <span class='ocrx_word' id='word_1_543' title='bbox 432 4266 545 4327; x_wconf 86' lang='lat' dir='ltr'>litteras</span> <span class='ocrx_word' id='word_1_544' title='bbox 570 4268 675 4345; x_wconf 82' lang='lat' dir='ltr'>paucis</span> <span class='ocrx_word' id='word_1_545' title='bbox 701 4270 870 4347; x_wconf 78' lang='lat' dir='ltr'>respendit3</span> <span class='ocrx_word' id='word_1_546' title='bbox 927 4270 1041 4347; x_wconf 79' lang='lat' dir='ltr'>llcgear</span> <span class='ocrx_word' id='word_1_547' title='bbox 1062 4266 1509 4345; x_wconf 81' lang='lat' dir='ltr'>Alaruooniusellegeraissua</span> <span class='ocrx_word' id='word_1_548' title='bbox 1526 4270 1623 4345; x_wconf 86' lang='lat' dir='ltr'>luerit,</span> <span class='ocrx_word' id='word_1_549' title='bbox 1641 4292 1733 4351; x_wconf 82' lang='lat' dir='ltr'>supra</span> 
     </span>
     <span class='ocr_line' id='line_1_45' title="bbox 63 4357 1733 4443; baseline 0.002 -21"><span class='ocrx_word' id='word_1_550' title='bbox 63 4360 228 4437; x_wconf 90' lang='lat' dir='ltr'>inlelligere</span> <span class='ocrx_word' id='word_1_551' title='bbox 249 4382 283 4419; x_wconf 88' lang='lat' dir='ltr'>so</span> <span class='ocrx_word' id='word_1_552' title='bbox 304 4380 357 4421; x_wconf 86' lang='lat' dir='ltr'>eas</span> <span class='ocrx_word' id='word_1_553' title='bbox 386 4360 415 4421; x_wconf 92' lang='lat' dir='ltr'>iu</span> <span class='ocrx_word' id='word_1_554' title='bbox 435 4358 534 4421; x_wconf 89' lang='lat' dir='ltr'>ruediu</span> <span class='ocrx_word' id='word_1_555' title='bbox 554 4357 659 4419; x_wconf 90' lang='lat' dir='ltr'>ardere</span> <span class='ocrx_word' id='word_1_556' title='bbox 685 4360 756 4421; x_wconf 82' lang='lat' dir='ltr'>belli</span> <span class='ocrx_word' id='word_1_557' title='bbox 774 4362 814 4421; x_wconf 88' lang='lat' dir='ltr'>nd</span> <span class='ocrx_word' id='word_1_558' title='bbox 833 4384 869 4423; x_wconf 90' lang='lat' dir='ltr'>se</span> <span class='ocrx_word' id='word_1_559' title='bbox 928 4362 1124 4425; x_wconf 80' lang='lat' dir='ltr'>ostendimus.</span> <span class='ocrx_word' id='word_1_560' title='bbox 1163 4360 1292 4423; x_wconf 89' lang='lat' dir='ltr'>Illoacus</span> <span class='ocrx_word' id='word_1_561' title='bbox 1310 4360 1418 4423; x_wconf 74' lang='lat' dir='ltr'>irruas</span> <span class='ocrx_word' id='word_1_562' title='bbox 1437 4360 1544 4441; x_wconf 80' lang='lat' dir='ltr'>Regis,</span> <span class='ocrx_word' id='word_1_563' title='bbox 1560 4364 1681 4443; x_wconf 91' lang='lat' dir='ltr'>quibus,</span> <span class='ocrx_word' id='word_1_564' title='bbox 1701 4372 1733 4425; x_wconf 92' lang='lat' dir='ltr'>ut</span> 
     </span>
     <span class='ocr_line' id='line_1_46' title="bbox 63 4452 1733 4537; baseline 0.001 -22"><span class='ocrx_word' id='word_1_565' title='bbox 63 4455 167 4524; x_wconf 83' lang='lat' dir='ltr'>delas,</span> <span class='ocrx_word' id='word_1_566' title='bbox 199 4454 334 4532; x_wconf 89' lang='lat' dir='ltr'>asperius</span> <span class='ocrx_word' id='word_1_567' title='bbox 361 4452 510 4533; x_wconf 86' lang='lat' dir='ltr'>aliquante</span> <span class='ocrx_word' id='word_1_568' title='bbox 536 4453 663 4532; x_wconf 84' lang='lat' dir='ltr'>scriptas</span> <span class='ocrx_word' id='word_1_569' title='bbox 692 4472 778 4515; x_wconf 80' lang='lat' dir='ltr'>ease:</span> <span class='ocrx_word' id='word_1_570' title='bbox 806 4456 870 4537; x_wconf 87' lang='lat' dir='ltr'>jara</span> <span class='ocrx_word' id='word_1_571' title='bbox 929 4478 948 4517; x_wconf 90' lang='lat' dir='ltr'>a</span> <span class='ocrx_word' id='word_1_572' title='bbox 973 4454 1073 4517; x_wconf 83' lang='lat' dir='ltr'>Narra</span> <span class='ocrx_word' id='word_1_573' title='bbox 1099 4455 1269 4533; x_wconf 81' lang='lat' dir='ltr'>celerisque</span> <span class='ocrx_word' id='word_1_574' title='bbox 1292 4453 1446 4517; x_wconf 82' lang='lat' dir='ltr'>hicouieis</span> <span class='ocrx_word' id='word_1_575' title='bbox 1464 4458 1624 4537; x_wconf 83' lang='lat' dir='ltr'>praesidiis</span> <span class='ocrx_word' id='word_1_576' title='bbox 1641 4458 1733 4517; x_wconf 85' lang='lat' dir='ltr'>absli·</span> 
     </span>
     <span class='ocr_line' id='line_1_47' title="bbox 64 4544 1732 4627; baseline 0.001 -20"><span class='ocrx_word' id='word_1_577' title='bbox 64 4568 129 4607; x_wconf 78' lang='lat' dir='ltr'>cura</span> <span class='ocrx_word' id='word_1_578' title='bbox 149 4566 210 4627; x_wconf 88' lang='lat' dir='ltr'>pax</span> <span class='ocrx_word' id='word_1_579' title='bbox 232 4552 323 4625; x_wconf 89' lang='lat' dir='ltr'>atque</span> <span class='ocrx_word' id='word_1_580' title='bbox 343 4544 474 4607; x_wconf 86' lang='lat' dir='ltr'>auricilla</span> <span class='ocrx_word' id='word_1_581' title='bbox 492 4546 628 4625; x_wconf 84' lang='lat' dir='ltr'>utrinque</span> <span class='ocrx_word' id='word_1_582' title='bbox 649 4546 786 4607; x_wconf 86' lang='lat' dir='ltr'>restituta</span> <span class='ocrx_word' id='word_1_583' title='bbox 799 4549 870 4619; x_wconf 89' lang='lat' dir='ltr'>siut,</span> <span class='ocrx_word' id='word_1_584' title='bbox 930 4555 1022 4619; x_wconf 89' lang='lat' dir='ltr'>aeret,</span> <span class='ocrx_word' id='word_1_585' title='bbox 1042 4547 1179 4609; x_wconf 88' lang='lat' dir='ltr'>hortatus</span> <span class='ocrx_word' id='word_1_586' title='bbox 1199 4566 1269 4607; x_wconf 83' lang='lat' dir='ltr'>curn</span> <span class='ocrx_word' id='word_1_587' title='bbox 1289 4546 1358 4609; x_wconf 84' lang='lat' dir='ltr'>ilex</span> <span class='ocrx_word' id='word_1_588' title='bbox 1378 4548 1489 4623; x_wconf 85' lang='lat' dir='ltr'>luerat,</span> <span class='ocrx_word' id='word_1_589' title='bbox 1508 4551 1608 4609; x_wconf 73' lang='lat' dir='ltr'>stati·</span> <span class='ocrx_word' id='word_1_590' title='bbox 1628 4570 1732 4609; x_wconf 75' lang='lat' dir='ltr'>aesca·</span> 
     </span>
     <span class='ocr_line' id='line_1_48' title="bbox 63 4637 1734 4721; baseline -0.002 -18"><span class='ocrx_word' id='word_1_591' title='bbox 63 4638 104 4703; x_wconf 86' lang='lat' dir='ltr'>ad</span> <span class='ocrx_word' id='word_1_592' title='bbox 122 4660 191 4709; x_wconf 85' lang='lat' dir='ltr'>eus,</span> <span class='ocrx_word' id='word_1_593' title='bbox 212 4658 291 4719; x_wconf 86' lang='lat' dir='ltr'>quas</span> <span class='ocrx_word' id='word_1_594' title='bbox 312 4637 423 4699; x_wconf 86' lang='lat' dir='ltr'>bellura</span> <span class='ocrx_word' id='word_1_595' title='bbox 443 4642 502 4697; x_wconf 89' lang='lat' dir='ltr'>lura</span> <span class='ocrx_word' id='word_1_596' title='bbox 524 4637 657 4698; x_wconf 87' lang='lat' dir='ltr'>nonnihil</span> <span class='ocrx_word' id='word_1_597' title='bbox 676 4640 872 4720; x_wconf 82' lang='lat' dir='ltr'>exasperarit,</span> <span class='ocrx_word' id='word_1_598' title='bbox 928 4664 984 4703; x_wconf 85' lang='lat' dir='ltr'>sus</span> <span class='ocrx_word' id='word_1_599' title='bbox 1004 4641 1068 4703; x_wconf 88' lang='lat' dir='ltr'>luit.</span> <span class='ocrx_word' id='word_1_600' title='bbox 1108 4638 1200 4721; x_wconf 80' lang='lat' dir='ltr'>Apud</span> <span class='ocrx_word' id='word_1_601' title='bbox 1220 4640 1355 4701; x_wconf 67' lang='lat' dir='ltr'>Succusa</span> <span class='ocrx_word' id='word_1_602' title='bbox 1382 4642 1497 4718; x_wconf 86' lang='lat' dir='ltr'>ingrata</span> <span class='ocrx_word' id='word_1_603' title='bbox 1516 4642 1642 4719; x_wconf 77' lang='lat' dir='ltr'>lregalie</span> <span class='ocrx_word' id='word_1_604' title='bbox 1661 4640 1734 4701; x_wconf 76' lang='lat' dir='ltr'>tau:</span> 
     </span>
     <span class='ocr_line' id='line_1_49' title="bbox 66 4728 1734 4813; baseline 0.003 -22"><span class='ocrx_word' id='word_1_605' title='bbox 66 4732 148 4810; x_wconf 85' lang='lat' dir='ltr'>pacis</span> <span class='ocrx_word' id='word_1_606' title='bbox 167 4736 302 4813; x_wconf 86' lang='lat' dir='ltr'>ternpore</span> <span class='ocrx_word' id='word_1_607' title='bbox 322 4728 503 4811; x_wconf 84' lang='lat' dir='ltr'>respondere</span> <span class='ocrx_word' id='word_1_608' title='bbox 524 4748 652 4791; x_wconf 81' lang='lat' dir='ltr'>necesse</span> <span class='ocrx_word' id='word_1_609' title='bbox 672 4734 729 4793; x_wconf 88' lang='lat' dir='ltr'>sibi</span> <span class='ocrx_word' id='word_1_610' title='bbox 750 4753 807 4792; x_wconf 92' lang='lat' dir='ltr'>noo</span> <span class='ocrx_word' id='word_1_611' title='bbox 826 4754 871 4795; x_wconf 91' lang='lat' dir='ltr'>ar·</span> <span class='ocrx_word' id='word_1_612' title='bbox 930 4756 985 4797; x_wconf 87' lang='lat' dir='ltr'>uec</span> <span class='ocrx_word' id='word_1_613' title='bbox 1010 4736 1132 4795; x_wconf 79' lang='lat' dir='ltr'>multura</span> <span class='ocrx_word' id='word_1_614' title='bbox 1159 4736 1188 4793; x_wconf 92' lang='lat' dir='ltr'>in</span> <span class='ocrx_word' id='word_1_615' title='bbox 1217 4732 1332 4808; x_wconf 74' lang='lat' dir='ltr'>liegina</span> <span class='ocrx_word' id='word_1_616' title='bbox 1358 4734 1446 4793; x_wconf 85' lang='lat' dir='ltr'>elisur</span> <span class='ocrx_word' id='word_1_617' title='bbox 1475 4732 1514 4793; x_wconf 91' lang='lat' dir='ltr'>ad</span> <span class='ocrx_word' id='word_1_618' title='bbox 1543 4732 1734 4807; x_wconf 83' lang='lat' dir='ltr'>mirigerrdura</span> 
     </span>
     <span class='ocr_line' id='line_1_50' title="bbox 67 4821 1734 4905; baseline 0.002 -23"><span class='ocrx_word' id='word_1_619' title='bbox 67 4824 182 4898; x_wconf 79' lang='lat' dir='ltr'>bitrari3</span> <span class='ocrx_word' id='word_1_620' title='bbox 202 4824 282 4903; x_wconf 88' lang='lat' dir='ltr'>qued</span> <span class='ocrx_word' id='word_1_621' title='bbox 299 4846 367 4885; x_wconf 85' lang='lat' dir='ltr'>euna</span> <span class='ocrx_word' id='word_1_622' title='bbox 388 4824 486 4889; x_wconf 88' lang='lat' dir='ltr'>cliaur,</span> <span class='ocrx_word' id='word_1_623' title='bbox 506 4822 556 4899; x_wconf 83' lang='lat' dir='ltr'>qui</span> <span class='ocrx_word' id='word_1_624' title='bbox 576 4821 689 4883; x_wconf 88' lang='lat' dir='ltr'>litterar</span> <span class='ocrx_word' id='word_1_625' title='bbox 710 4826 870 4895; x_wconf 85' lang='lat' dir='ltr'>attulisset,</span> <span class='ocrx_word' id='word_1_626' title='bbox 929 4830 1057 4889; x_wconf 82' lang='lat' dir='ltr'>arrirauaa</span> <span class='ocrx_word' id='word_1_627' title='bbox 1082 4828 1149 4905; x_wconf 86' lang='lat' dir='ltr'>ejus</span> <span class='ocrx_word' id='word_1_628' title='bbox 1177 4824 1320 4904; x_wconf 86' lang='lat' dir='ltr'>praesidii</span> <span class='ocrx_word' id='word_1_629' title='bbox 1346 4824 1414 4885; x_wconf 80' lang='lat' dir='ltr'>lirll:</span> <span class='ocrx_word' id='word_1_630' title='bbox 1437 4844 1503 4883; x_wconf 87' lang='lat' dir='ltr'>cunr</span> <span class='ocrx_word' id='word_1_631' title='bbox 1529 4830 1734 4905; x_wconf 80' lang='lat' dir='ltr'>praeterquam</span> 
     </span>
     <span class='ocr_line' id='line_1_51' title="bbox 66 4912 1734 4999; baseline 0.004 -26"><span class='ocrx_word' id='word_1_632' title='bbox 66 4912 177 4975; x_wconf 77' lang='lat' dir='ltr'>tandiu</span> <span class='ocrx_word' id='word_1_633' title='bbox 206 4919 374 4987; x_wconf 90' lang='lat' dir='ltr'>retinuerit,</span> <span class='ocrx_word' id='word_1_634' title='bbox 404 4936 470 4975; x_wconf 88' lang='lat' dir='ltr'>cuar</span> <span class='ocrx_word' id='word_1_635' title='bbox 500 4918 617 4993; x_wconf 86' lang='lat' dir='ltr'>propter</span> <span class='ocrx_word' id='word_1_636' title='bbox 647 4914 755 4975; x_wconf 87' lang='lat' dir='ltr'>belluar</span> <span class='ocrx_word' id='word_1_637' title='bbox 781 4918 872 4977; x_wconf 82' lang='lat' dir='ltr'>arruia</span> <span class='ocrx_word' id='word_1_638' title='bbox 930 4920 1011 4999; x_wconf 86' lang='lat' dir='ltr'>qued</span> <span class='ocrx_word' id='word_1_639' title='bbox 1032 4916 1183 4981; x_wconf 91' lang='lat' dir='ltr'>iracundia</span> <span class='ocrx_word' id='word_1_640' title='bbox 1202 4920 1269 4997; x_wconf 87' lang='lat' dir='ltr'>ejus</span> <span class='ocrx_word' id='word_1_641' title='bbox 1288 4938 1393 4977; x_wconf 77' lang='lat' dir='ltr'>onnes</span> <span class='ocrx_word' id='word_1_642' title='bbox 1411 4915 1450 4977; x_wconf 91' lang='lat' dir='ltr'>ad</span> <span class='ocrx_word' id='word_1_643' title='bbox 1470 4916 1646 4997; x_wconf 87' lang='lat' dir='ltr'>placeuduar</span> <span class='ocrx_word' id='word_1_644' title='bbox 1667 4940 1734 4981; x_wconf 78' lang='lat' dir='ltr'>eun</span> 
     </span>
     <span class='ocr_line' id='line_1_52' title="bbox 66 5006 1736 5091; baseline 0.005 -24"><span class='ocrx_word' id='word_1_645' title='bbox 66 5008 134 5069; x_wconf 85' lang='lat' dir='ltr'>riae</span> <span class='ocrx_word' id='word_1_646' title='bbox 153 5028 258 5071; x_wconf 89' lang='lat' dir='ltr'>earnes</span> <span class='ocrx_word' id='word_1_647' title='bbox 278 5012 427 5073; x_wconf 83' lang='lat' dir='ltr'>obsessae</span> <span class='ocrx_word' id='word_1_648' title='bbox 448 5006 571 5077; x_wconf 83' lang='lat' dir='ltr'>luerint,</span> <span class='ocrx_word' id='word_1_649' title='bbox 601 5006 662 5067; x_wconf 88' lang='lat' dir='ltr'>lieri</span> <span class='ocrx_word' id='word_1_650' title='bbox 688 5008 773 5069; x_wconf 89' lang='lat' dir='ltr'>aliter</span> <span class='ocrx_word' id='word_1_651' title='bbox 797 5030 815 5069; x_wconf 90' lang='lat' dir='ltr'>a</span> <span class='ocrx_word' id='word_1_652' title='bbox 836 5030 872 5069; x_wconf 88' lang='lat' dir='ltr'>se</span> <span class='ocrx_word' id='word_1_653' title='bbox 931 5012 1031 5073; x_wconf 86' lang='lat' dir='ltr'>aditus</span> <span class='ocrx_word' id='word_1_654' title='bbox 1050 5010 1187 5070; x_wconf 86' lang='lat' dir='ltr'>earnibus</span> <span class='ocrx_word' id='word_1_655' title='bbox 1206 5012 1399 5089; x_wconf 85' lang='lat' dir='ltr'>ebsepserat,</span> <span class='ocrx_word' id='word_1_656' title='bbox 1418 5006 1456 5069; x_wconf 87' lang='lat' dir='ltr'>de</span> <span class='ocrx_word' id='word_1_657' title='bbox 1477 5010 1608 5090; x_wconf 86' lang='lat' dir='ltr'>injuriis,</span> <span class='ocrx_word' id='word_1_658' title='bbox 1627 5014 1736 5091; x_wconf 88' lang='lat' dir='ltr'>quibus</span> 
     </span>
     <span class='ocr_line' id='line_1_53' title="bbox 64 5098 1735 5184; baseline 0.003 -23"><span class='ocrx_word' id='word_1_659' title='bbox 64 5122 124 5161; x_wconf 89' lang='lat' dir='ltr'>nun</span> <span class='ocrx_word' id='word_1_660' title='bbox 145 5106 293 5183; x_wconf 80' lang='lat' dir='ltr'>poluisse.</span> <span class='ocrx_word' id='word_1_661' title='bbox 332 5101 477 5167; x_wconf 81' lang='lat' dir='ltr'>Dimissis</span> <span class='ocrx_word' id='word_1_662' title='bbox 498 5098 639 5178; x_wconf 82' lang='lat' dir='ltr'>Lugalis,</span> <span class='ocrx_word' id='word_1_663' title='bbox 659 5120 737 5181; x_wconf 85' lang='lat' dir='ltr'>quos</span> <span class='ocrx_word' id='word_1_664' title='bbox 763 5102 802 5163; x_wconf 93' lang='lat' dir='ltr'>ad</span> <span class='ocrx_word' id='word_1_665' title='bbox 822 5100 872 5163; x_wconf 88' lang='lat' dir='ltr'>de·</span> <span class='ocrx_word' id='word_1_666' title='bbox 933 5104 971 5163; x_wconf 91' lang='lat' dir='ltr'>oh</span> <span class='ocrx_word' id='word_1_667' title='bbox 997 5122 1055 5161; x_wconf 91' lang='lat' dir='ltr'>oon</span> <span class='ocrx_word' id='word_1_668' title='bbox 1081 5103 1252 5183; x_wconf 77' lang='lat' dir='ltr'>praestitam</span> <span class='ocrx_word' id='word_1_669' title='bbox 1278 5101 1381 5161; x_wconf 84' lang='lat' dir='ltr'>dolero</span> <span class='ocrx_word' id='word_1_670' title='bbox 1409 5101 1661 5184; x_wconf 69' lang='lat' dir='ltr'>hereditatemque</span> <span class='ocrx_word' id='word_1_671' title='bbox 1681 5107 1735 5165; x_wconf 86' lang='lat' dir='ltr'>lra-</span> 
     </span>
    </p>
   </div>
   <div class='ocr_carea' id='block_1_3' title="bbox 62 5192 1736 5357">
    <p class='ocr_par' dir='ltr' id='par_1_3' title="bbox 62 5192 1736 5357">
     <span class='ocr_line' id='line_1_54' title="bbox 62 5192 1736 5277; baseline 0.002 -22"><span class='ocrx_word' id='word_1_672' title='bbox 62 5194 253 5255; x_wconf 76' lang='lat' dir='ltr'>scribendam</span> <span class='ocrx_word' id='word_1_673' title='bbox 266 5194 453 5259; x_wconf 76' lang='lat' dir='ltr'>Provinciam</span> <span class='ocrx_word' id='word_1_674' title='bbox 472 5192 646 5271; x_wconf 83' lang='lat' dir='ltr'>designatos</span> <span class='ocrx_word' id='word_1_675' title='bbox 666 5214 757 5273; x_wconf 79' lang='lat' dir='ltr'>eoque</span> <span class='ocrx_word' id='word_1_676' title='bbox 774 5202 872 5257; x_wconf 70' lang='lat' dir='ltr'>eslere</span> <span class='ocrx_word' id='word_1_677' title='bbox 933 5208 1063 5271; x_wconf 84' lang='lat' dir='ltr'>ternam,</span> <span class='ocrx_word' id='word_1_678' title='bbox 1088 5215 1126 5257; x_wconf 89' lang='lat' dir='ltr'>ac</span> <span class='ocrx_word' id='word_1_679' title='bbox 1151 5216 1209 5257; x_wconf 90' lang='lat' dir='ltr'>uon</span> <span class='ocrx_word' id='word_1_680' title='bbox 1229 5193 1474 5273; x_wconf 78' lang='lat' dir='ltr'>conprehensum</span> <span class='ocrx_word' id='word_1_681' title='bbox 1500 5216 1576 5277; x_wconf 85' lang='lat' dir='ltr'>pace</span> <span class='ocrx_word' id='word_1_682' title='bbox 1600 5200 1736 5261; x_wconf 78' lang='lat' dir='ltr'>meritura</span> 
     </span>
     <span class='ocr_line' id='line_1_55' title="bbox 1346 5298 1381 5357; baseline 0.057 -2"><span class='ocrx_word' id='word_1_683' title='bbox 1346 5298 1381 5357; x_wconf 72' lang='grc'>12</span> 
     </span>
    </p>
   </div>
   <div class='ocr_carea' id='block_1_4' title="bbox 0 0 1888 5626">
    <p class='ocr_par' dir='ltr' id='par_1_4' title="bbox 0 0 1888 5626">
     <span class='ocr_line' id='line_1_56' title="bbox 0 0 1888 5626; baseline 0 0"><span class='ocrx_word' id='word_1_684' title='bbox 0 0 1888 5626; x_wconf 95' lang='lat' dir='ltr'> </span> 
     </span>
    </p>
   </div>
  </div>
 </body>
</html>
