3742 5626
568 224 623 287 lili
643 222 785 289 BELlaO
795 222 1097 297 moscovmtcm
1119 222 1243 291 tinem
1266 224 1317 285 ΙΙΙ.

107 398 244 468 tanquan
264 389 294 449 in
314 386 464 469 triumplm
482 387 574 449 ducti.
600 386 640 449 lli
659 388 745 448 noris
764 385 913 449 mandalia

107 482 284 562 al'riueipo
302 502 359 543 eoo
379 482 525 563 acceptio,
550 480 649 541 denno
675 480 725 541 lric
755 480 794 543 ad
824 479 910 539 collo·

106 578 176 656 quia
195 576 336 649 minimi,
363 576 483 656 prinum
506 572 697 635 Nereleoeea
722 574 911 634 eomttttoma

107 670 268 747 urgebant:
288 669 398 747 quibua
418 670 460 729 rei
478 666 689 747 transigendae
715 666 911 729 alsitlruanie

107 752 304 822 Sedatoribue
322 766 431 821 certam
450 781 534 841 apen
556 760 664 821 laetam
677 760 742 825 ,eibi
756 760 910 831 dicelaantp

104 856 213 935 ‹prilme
232 875 297 915 eurr
317 851 385 915 allis
404 854 571 915 rationibus
589 852 734 925 relutatie,
753 861 816 913 tum
829 851 910 932 qaod

108 946 268 1031 majoribus
287 958 395 1029 poetca
415 946 583 1027 sumptibus
601 945 717 1025 altcgo
737 945 836 1018 lectio,
853 944 910 1005 Za·

106 1042 278 1125 relociaquo
297 1045 386 1121 capta
406 1060 466 1101 tran
485 1040 735 1119 intcgraanpliue
748 1048 910 1101 reeceeetr

105 1136 225 1196 taudem
247 1154 328 1195 nore
347 1154 404 1194 rum
420 1133 472 1194 diu
491 1134 576 1214 priua
593 1132 698 1193 licitati
724 1152 761 1193 eo
781 1132 907 1193 eleeeen·

106 1228 229 1303 dernut,
254 1225 345 1287 ntad
365 1228 537 1305 olimpum
561 1232 632 1287 anto
661 1225 830 1286 obtulerunt
861 1244 908 1285 ca·

106 1322 196 1381 atella
214 1320 373 1391 livoniae,
399 1320 522 1380 urbibus
547 1336 586 1377 ae
611 1318 720 1378 caetris
745 1318 910 1398 potioribun

107 1414 221 1483 Folium,
254 1413 394 1491 nemeto,
423 1412 650 1487 blarienlmrgo,
678 1409 840 1480 Petuaria,
873 1430 909 1470 ac

105 1506 214 1579 Narra,
236 1506 430 1586 Principleuo
451 1505 590 1585 receptis,
620 1503 747 1583 reliquie
772 1503 910 1563 omnibue

106 1599 182 1677 Regi
201 1598 393 1661 decederent.
430 1596 497 1657 Rex
519 1596 576 1657 rriai
596 1597 675 1657 omni
702 1594 828 1657 laivoaie
857 1594 909 1655 bo-

105 1695 165 1753 etio
185 1690 361 1763 decederet,
378 1689 439 1751 alia
457 1689 626 1749 conditione
651 1709 756 1759 pacem
784 1690 842 1750 eibi
869 1688 910 1749 ia·

105 1784 240 1845 eieudmu
261 1806 326 1846 enm
351 1802 388 1843 eo
416 1803 473 1843 noo
493 1782 697 1844 arbitrabatur.
737 1782 824 1844 llaec
842 1804 910 1843 een·

105 1881 197 1941 tantia
216 1877 369 1939 ordinibus
388 1876 549 1956 proponite,
567 1876 686 1956 publico
705 1896 824 1957 qnoque
849 1895 909 1937 om·

106 1974 194 2032 uibus
212 1971 332 2054 placuit.
371 1969 505 2029 Arllrilriti
531 1968 681 2047 eolloprdo
705 1990 771 2029 cuer
794 1969 910 2029 dloecie

106 2066 176 2126 lruie
194 2086 234 2125 ex
254 2062 416 2124 nobilitutie
437 2063 549 2123 rrnotiie
569 2061 682 2141 aliquot
701 2060 830 2137 luerunt,
849 2081 909 2140 epuo

105 2158 350 2237 tergiversatione
360 2154 458 2217 bloaei
477 2158 646 2234 perspecta.
665 2160 727 2215 tota
746 2153 786 2214 de
807 2175 839 2214 re
850 2155 909 2235 ipsi

105 2253 224 2335 plenius
243 2250 377 2325 collegae
394 2266 470 2308 euos
489 2247 617 2307 edocere
637 2252 773 2327 possent.
815 2246 909 2309 Utrin-

106 2366 165 2425 que
185 2347 213 2405 in
234 2341 383 2403 seruientia
404 2340 660 2421 permanentibue,
691 2339 802 2401 inlecta
831 2360 864 2401 ro
889 2358 909 2401 a

105 2438 255 2518 eollmpaio
274 2453 425 2497 recessum
445 2432 510 2493 luit.
549 2432 615 2495 llea
632 2434 675 2493 ita
693 2454 712 2493 a
726 2434 855 2495 comitiis
866 2432 909 2493 di·

105 2532 226 2600 eeeerit,
246 2534 278 2589 ut
298 2526 408 2587 biennii
428 2526 537 2589 tributo
557 2527 596 2586 ab
608 2524 909 2601 Onlinibnaeancito,

105 2646 165 2685 non
184 2625 268 2705 priua
288 2639 389 2699 pacem
410 2638 446 2679 ec
471 2618 616 2681 lucturum
642 2638 709 2679 eum
729 2618 819 2679 boeto
847 2618 910 2701 pal·

104 2719 251 2789 liceretur,
270 2734 357 2794 paron
378 2713 406 2771 ie
425 2712 562 2771 universa
576 2710 910 2773 Lirouiacreeeeisaet.

105 2810 172 2872 Sub
190 2811 279 2869 tiucru
299 2807 481 2867 comitiorum
503 2806 596 2864 nuntii
607 2805 768 2865 nobilitatis
778 2824 832 2884 per
841 2803 909 2864 Sta·

104 2902 232 2962 nielaum
253 2899 472 2967 l'riemieeiuar,
502 2916 588 2974 qrrear
615 2917 635 2956 a
660 2896 738 2957 bello
758 2914 908 2955 reuersum

104 2992 247 3055 nobilitare
266 2991 385 3075 majoris
403 2988 546 3049 Poloniae
570 2989 702 3049 nuntium
722 2992 854 3057 arceret,
877 2992 909 3049 et

104 3093 164 3147 tun
185 3084 351 3145 nuntiorum
371 3081 442 3143 illud
465 3080 627 3143 nobilitatis
646 3080 803 3161 collegium
824 3082 908 3141 initio

102 3180 284 3239 eomtttmu·
316 3173 536 3237 lllarecbalcun
569 3195 589 3233 e
619 3196 699 3235 nore
730 3173 909 3255 prodiderat,

103 3272 189 3351 Rege
207 3269 298 3340 adito,
317 3273 351 3329 ut
369 3268 501 3338 remotio,
521 3267 630 3346 quibua
650 3268 680 3329 in
700 3266 847 3329 Senatum
867 3267 908 3329 in·

103 3362 254 3443 grediendi
270 3363 324 3443 jue
343 3381 402 3421 non
422 3368 524 3430 creet,
548 3359 668 3423 dicendi
694 3366 832 3443 potentes
849 3362 909 3423 emt

103 3460 197 3534 deret,
209 3456 345 3537 petebat:
364 3456 574 3536 reimpetrata,
589 3462 694 3533 rogant
705 3475 826 3533 operam
837 3456 909 3518 dare

103 3552 184 3622 relit,
202 3558 234 3609 ut
254 3568 291 3609 ea
311 3548 504 3630 expeditione
524 3548 633 3609 bellum
658 3548 755 3608 liniat:
796 3548 838 3611 ita
858 3570 908 3611 no·

103 3644 255 3712 bilitatem,
276 3643 404 3701 maxime
430 3638 559 3702 familiae
585 3642 653 3723 ejue
678 3642 818 3712 mentirer,
837 3662 908 3721 ‹pne-

103 3756 167 3797 rum
187 3736 313 3797 salutern
334 3734 403 3793 eine
426 3752 547 3793 ananam
572 3732 702 3812 rpnieqne
728 3734 907 3795 tartunam·

103 3828 278 3891 ‹tetri-enm
299 3826 448 3903 negligere
470 3844 528 3883 nrm
540 3826 647 3904 promit,
667 3827 786 3887 tributio
796 3827 907 3887 erbeu-

102 3928 179 3998 atae,
200 3926 232 3979 nt
254 3918 415 3999 majoritum
434 3916 567 3977 t'ercndie
586 3938 677 3997 parce
693 3920 740 3979 rix
760 3920 820 3978 rint
832 3919 907 3980 lutu-

101 4035 163 4075 rae.
204 4009 371 4089 lleepoudit
391 4008 457 4070 ilex
476 4030 529 4089 per
550 4010 778 4088 Caricellarium,
797 4012 906 4073 bellum

102 4107 189 4186 paeia
208 4124 245 4165 ac
266 4104 403 4184 publicae
422 4102 560 4163 aritium
580 4122 673 4164 cenea
697 4126 716 4165 a
741 4125 778 4164 ec
803 4124 906 4165 euacc·

102 4204 195 4280 prtum,
212 4198 332 4257 minine
350 4216 388 4257 ex
409 4197 544 4258 irretitum
563 4216 581 4257 ι
601 4216 638 4256 eo
657 4197 713 4257 alit
734 4194 851 4257 bootem
869 4218 906 4257 eo

103 4289 267 4362 redactum,
287 4294 334 4361 ut,
354 4289 382 4349 ei
402 4288 510 4350 bellura
530 4290 731 4361 continuetur,
754 4310 811 4349 aon
830 4290 907 4351 adeo

103 4404 207 4461 magno
231 4382 350 4461 negotia
377 4383 482 4442 cantici
507 4384 620 4462 poenit:
659 4400 696 4442 eo
715 4390 815 4445 tamen
837 4402 906 4443 con·

102 4475 300 4537 sentientibus
315 4474 448 4535 ordinum
469 4474 580 4536 studiis
600 4476 726 4535 libenter
746 4496 905 4537 coueceau·

101 4591 181 4631 rum:
203 4570 477 4652 qtronrprimnmtpno
497 4567 536 4627 ad
555 4568 729 4630 tradendam
751 4570 908 4631 eiblbiro·

101 4665 178 4723 niam
190 4662 307 4724 bomem
321 4659 485 4733 adduxerit,
496 4661 665 4743 impetuque
675 4664 744 4745 ejue
755 4684 906 4745 repreeeo,

99 4756 297 4839 Reipublicae
307 4758 368 4815 otio
388 4775 425 4815 ae
445 4756 598 4815 securitati
618 4756 809 4827 consuluerit,
830 4758 906 4837 paci,

100 4869 177 4929 qnae
197 4871 264 4911 cum
286 4850 403 4929 publiea
423 4848 567 4927 dignitate
586 4854 677 4927 atquo
696 4848 822 4908 utilitate
836 4868 905 4907 con·

94 4946 201 5026 jamela
226 4947 280 5015 eit,
311 4942 421 5003 nullan
446 4960 558 5002 moram
586 4941 740 5002 lecturum.
780 4938 906 5001 l'ubliee

99 5036 170 5097 indo
190 5056 269 5096 nare
288 5038 431 5118 majorum
457 5034 534 5113 Regi
562 5033 780 5101 valedicentee,
811 5039 844 5093 ut
865 5032 905 5093 de

98 5126 273 5190 domceticie
293 5131 383 5191 ctiam
402 5125 504 5196 rebor,
522 5146 560 5186 ac
579 5128 730 5189 intretinir
748 5128 906 5188 ineme-

97 5220 147 5283 dia
167 5220 312 5283 amuda
337 5222 547 5299 cogitationem
573 5220 730 5301 eureipere
748 5218 835 5285 velit.
860 5240 903 5280 ro·

1718 220 1772 283 tlt

969 392 1055 463 gant:
1076 388 1245 448 nominatim
1267 387 1305 447 de
1317 387 1433 465 Regum
1454 386 1654 466 eligendorum
1673 384 1773 447 stabili

969 480 1069 559 aliqua
1090 482 1204 541 mtione
1223 480 1433 543 constituenda
1453 487 1566 559 petunt,
1586 478 1774 555 utaueiiode

969 574 1077 645 rebus,
1102 576 1316 653 quamprimum
1340 574 1495 634 eom-odo
1522 572 1718 655 Reipublicae
1742 571 1773 631 id

970 665 1069 727 iacere
1088 668 1196 747 pererit,
1217 667 1343 727 Comitia
1363 665 1474 727 babere
1493 667 1581 735 uelit3
1598 686 1657 746 quo
1677 666 1774 748 njua

968 768 1059 821 antea
1077 756 1236 821 ereetum
1257 758 1442 841 Respublica
1458 758 1574 831 adierit,
1600 780 1666 819 eun
1686 760 1773 841 parti·

968 852 1025 913 laur
1044 854 1074 912 in
1094 852 1212 913 ‹lieeraa
1231 851 1330 915 studia
1349 852 1469 921 scissio,
1488 852 1518 910 iu
1530 850 1607 911 duae
1620 852 1775 931 Principea

967 944 1149 1026 lleapulrlice
1170 945 1311 1007 dictracta
1333 946 1430 1014 luerit,
1449 964 1486 1004 co
1509 964 1599 1019 nune,
1617 948 1774 1025 pomnen

968 1044 1046 1098 netu
1068 1039 1125 1099 boe
1143 1039 1267 1101 liberata
1285 1040 1336 1111 eit,
1358 1058 1396 1098 no
1415 1035 1492 1099 idem
1503 1037 1666 1119 perieulum
1675 1035 1774 1097 ιΙοιιιιιι

967 1132 1083 1197 rubeat.
1114 1132 1284 1211 diligentins
1309 1131 1522 1213 providendum
1552 1150 1626 1191 eree
1650 1128 1770 1190 elocent.

968 1224 1125 1286 decedere
1144 1224 1203 1287 bue
1221 1226 1453 1299 eorrtrorereiae,
1472 1244 1549 1303 qrraa
1560 1224 1635 1284 iuter
1653 1240 1771 1283 eaerum

968 1325 1000 1379 et
1019 1318 1169 1398 prolanura
1195 1318 1327 1380 ordinem
1354 1316 1556 1389 intercedant3
1589 1336 1711 1398 quarum
1740 1320 1772 1375 et

967 1412 1097 1492 ipeamn
1119 1432 1177 1471 mm
1203 1412 1297 1473 leven
1325 1411 1469 1472 rationem
1503 1412 1561 1469 sibi
1595 1406 1771 1477 elucerrdam,

968 1511 1060 1583 utque
1077 1524 1182 1565 orarrce
1202 1505 1319 1565 tandem
1345 1504 1498 1576 tolluntur,
1523 1504 1677 1585 plurimum
1702 1502 1772 1565 llei-

967 1598 1105 1678 publicec
1125 1598 1273 1658 iuteresse
1287 1595 1434 1678 judicent.
1475 1595 1619 1657 (tetendit
1638 1596 1704 1657 ller
1720 1616 1774 1673 per

968 1690 1096 1751 cundem
1110 1690 1339 1764 cancellarium,
1359 1710 1417 1751 nen
1438 1690 1541 1750 nrinuri
1560 1688 1771 1751 etudioaddo·

968 1785 1110 1844 nesticae
1129 1804 1179 1844 ree
1199 1790 1280 1844 reete
1298 1782 1535 1857 conutituendao,
1554 1802 1641 1861 quam
1655 1781 1694 1842 ad
1707 1802 1771 1862 per·

968 1876 1122 1937 ticiendun
1144 1898 1181 1937 er
1202 1878 1350 1937 sententie
1371 1878 1479 1937 bellura
1498 1897 1534 1938 ee
1561 1875 1647 1945 ferri,
1671 1880 1703 1935 ct
1721 1874 1772 1953 rpui

968 1970 1138 2031 bellicarum
1164 1990 1260 2031 rerum
1288 1970 1404 2031 laudem
1427 1990 1485 2030 rma
1510 1974 1702 2050 neperuetur‚
1733 1988 1771 2025 era

967 2064 1071 2144 mejeri
1092 2069 1188 2124 tanco
1208 2062 1287 2123 «lomi
1314 2063 1392 2123 bene
1418 2062 1596 2123 eorretitutae
1619 2060 1771 2143 Reipubli·

968 2176 1022 2217 ceo
1046 2176 1133 2234 ιμιιιι
1161 2157 1288 2217 maxine
1313 2156 1470 2217 diuturnae
1503 2155 1659 2216 memoriae
1685 2154 1770 2215 relin·

967 2247 1105 2328 qnendne
1123 2248 1223 2309 etudio
1242 2270 1279 2309 ec
1303 2251 1412 2321 teneri,
1441 2248 1521 2329 ‹puod
1552 2250 1620 2309 eine
1644 2246 1702 2307 bac
1733 2266 1772 2307 nc

967 2342 1149 2422 superiorem
1170 2340 1288 2421 «paridem
1309 2343 1428 2421 gloriam
1442 2341 1578 2403 stabilem
1591 2346 1772 2421 perpetuae·-

968 2454 1026 2512 que
1045 2454 1118 2495 aaa
1141 2456 1237 2515 poena
1256 2436 1429 2517 perspiciet.
1469 2434 1519 2495 De
1540 2434 1771 2511 interregnorum

969 2528 1082 2589 ratione
1101 2529 1219 2606 quoties
1238 2530 1365 2605 cogitet,
1391 2534 1503 2609 querito
1521 2528 1551 2588 ia
1571 2526 1703 2607 periculo
1722 2546 1771 2587 au·

966 2620 1133 2701 periorilrue
1146 2624 1331 2703 tenporibuu
1342 2622 1529 2703 lleepiublica
1549 2620 1645 2690 luerit,
1664 2619 1773 2700 quibua

968 2713 1147 2773 electionum
1166 2733 1204 2775 ae
1229 2716 1420 2775 ambitionum
1444 2714 1542 2775 etardia
1568 2732 1605 2771 ca
1634 2718 1773 2792 tanquam

967 2804 1076 2865 berctae
1095 2805 1213 2883 quida·
1234 2806 1314 2866 illem
1335 2808 1527 2884 exagitarint:
1553 2824 1621 2864 cara
1642 2826 1701 2865 rrou
1720 2804 1772 2865 mi·

968 2918 1027 2957 nur
1046 2897 1133 2966 bunc,
1153 2916 1240 2977 quam
1261 2900 1291 2959 iu
1311 2919 1370 2979 qua
1390 2908 1479 2959 natrrs
1499 2899 1550 2972 eit,
1569 2898 1650 2957 omni
1670 2897 1771 2959 eludia

967 2990 1026 3051 eibi
1039 2989 1291 3071 amplectendam,
1315 3013 1353 3053 eo
1379 2992 1521 3053 cariorem
1547 2990 1634 3051 etia·
1660 2990 1771 3051 baben·

969 3083 1036 3144 den
1056 3082 1211 3163 intelligat,
1231 3104 1290 3164 qao
1311 3084 1472 3167 majoribus
1492 3081 1655 3145 bonoribue
1680 3088 1771 3164 atquo

967 3178 1149 3238 orna-ontis
1159 3185 1335 3260 eueceptun
1351 3178 1539 3247 aeadecerit,
1558 3176 1772 3239 cohorreeeere

967 3290 1004 3331 oc
1023 3270 1132 3345 animo,
1154 3290 1380 3351 agnoscereque
1399 3291 1458 3331 non
1479 3269 1537 3329 aiei
1556 3269 1698 3349 singulari
1718 3270 1769 3331 be·

968 3364 1113 3443 nignitate
1132 3360 1234 3425 diaioa
1259 3366 1289 3425 ia
1315 3362 1543 3425 commodiorem
1567 3368 1677 3424 etatum
1702 3382 1769 3425 eam

966 3458 1155 3539 perreoieee.
1192 3456 1260 3519 lam
1286 3468 1319 3518 ut
1338 3456 1378 3519 de
1411 3463 1491 3519 certa
1523 3456 1700 3519 electionum
1725 3476 1770 3518 ra·

966 3550 1048 3611 tione
1066 3548 1243 3611 deliberatio
1263 3550 1460 3633 sureeipiatur..
1479 3549 1644 3629 intelligere
1663 3570 1715 3611 oc:
1742 3552 1769 3611 ei

966 3642 996 3703 id
1017 3644 1235 3722 tetamentum
1257 3650 1287 3703 ct
1308 3646 1337 3703 io
1360 3664 1393 3703 re
1413 3646 1479 3725 ipen
1498 3642 1682 3703 difficultatis
1694 3643 1768 3703 lutu-

965 3753 1044 3795 rum:
1064 3736 1122 3795 etri
1142 3735 1220 3814 qnod
1244 3736 1404 3797 verendum
1424 3733 1567 3803 rideatur,
1586 3736 1706 3796 occulta
1718 3734 1769 3795 ali·

965 3845 1023 3904 qua
1043 3826 1238 3905 Reipublicae
1259 3830 1378 3889 uulnera
1405 3849 1440 3888 ea
1460 3827 1567 3901 perdet,
1592 3827 1768 3887 incommodi

965 3918 1034 3979 inde
1056 3918 1244 3979 metuendum
1265 3924 1316 3989 eit,
1337 3942 1421 3980 ιιιιιιι
1443 3919 1561 4002 quidem
1587 3940 1707 3998 operam
1727 3928 1769 3980 at·

964 4032 1025 4091 rpro
1049 4013 1250 4073 auctoritatem
1278 4012 1474 4094 lleipnblicae
1499 4032 1536 4072 ae
1556 4011 1700 4072 tlrdinunr
1720 4032 1769 4073 vo·

964 4103 1069 4165 luntati
1091 4125 1149 4164 non
1169 4104 1317 4165 delatura.
1358 4106 1438 4166 idem
1458 4102 1496 4165 de
1516 4102 1675 4165 eoncordia
1693 4105 1770 4167 inter

964 4198 1201 4259 ecclesiasticen
1228 4204 1258 4257 et
1287 4198 1402 4260 civilem
1429 4198 1560 4259 ordinem
1590 4218 1663 4257 ecoe
1691 4198 1768 4281 judi·

964 4310 1050 4365 care,
1077 4290 1149 4350 nibil
1174 4312 1212 4350 ee
1232 4312 1326 4370 ponec
1346 4294 1457 4372 arrecipi
1478 4290 1594 4365 utilior,
1619 4296 1711 4372 atque
1729 4291 1767 4351 ad

963 4382 1160 4463 Reipublicae
1189 4384 1382 4447 stabilitatem
1415 4388 1510 4467 nugis
1548 4387 1768 4447 rrecceearionr:

962 4476 1020 4537 ned
1037 4482 1188 4557 utramque
1207 4477 1245 4537 nd
1272 4498 1333 4540 reru
1360 4498 1511 4539 consensu
1537 4480 1704 4558 aninirepue
1728 4478 1768 4537 ab

963 4571 1040 4629 omni
1052 4570 1120 4630 odio
1133 4576 1163 4632 et
1174 4570 1441 4633 allectiooer·acuir
1449 4592 1525 4652 opue
1535 4592 1617 4629 erec.
1637 4568 1768 4630 l'roiade

963 4664 1022 4725 eibi
1043 4663 1162 4744 quidem
1182 4684 1318 4725 camurae
1340 4686 1430 4725 curae
1446 4684 1482 4723 ea
1496 4662 1574 4723 iore:
1595 4662 1704 4722 bertari
1717 4680 1767 4721 au·

963 4765 1023 4817 tem
1042 4757 1128 4837 ipeoe
1147 4776 1276 4836 quoque,
1296 4763 1328 4817 ut
1348 4758 1464 4817 animoa
1482 4755 1521 4815 ad
1536 4754 1769 4816 deliberationes

963 4870 1059 4909 renam
1079 4848 1180 4909 barne
1200 4849 1341 4917 eedatoe.
1372 4849 1542 4928 nulliusque
1566 4847 1689 4909 alteriue
1713 4852 1767 4921 rei,

963 4960 1048 5019 quen
1068 4942 1181 5021 patriae
1199 4961 1237 5003 ac
1258 4941 1397 5023 publicae
1423 4943 1532 5002 solutio
1559 4948 1590 5003 et
1615 4941 1767 5021 dignitatis

962 5032 1062 5093 eludia
1080 5032 1199 5096 deditos
1217 5034 1350 5097 afferant.
1391 5032 1536 5095 llortatue
1555 5036 1640 5105 iude,
1665 5056 1765 5117 qnem-

962 5123 1121 5188 admodum
1145 5133 1176 5187 ot
1196 5129 1400 5209 eruperioribna
1430 5130 1613 5208 temporibna
1644 5128 1766 5197 iecerat,

962 5232 995 5281 ut
1015 5238 1067 5299 per
1086 5220 1252 5285 nomnen·
1272 5242 1356 5284 enea
1377 5224 1437 5283 otio
1457 5220 1699 5304 ettraaqailliteti
1712 5240 1765 5303 pe·
