3742 5626
637 208 696 271 1)ss
714 204 855 272 susus
880 204 1196 271 lloscovmcts.
1701 214 1759 275 sm

100 376 157 436 bus
176 372 394 435 mendicitatem
413 372 591 452 exprobrare
610 374 739 437 soleret,
758 371 826 433 lloe
844 388 900 447 ego
957 387 1035 448 nuos
1056 376 1086 431 et
1105 374 1188 431 trnto
1206 370 1301 447 rengis
1320 372 1522 447 eogrrnvimns,
1541 373 1686 453 quedeos
1705 396 1757 457 pn·

100 488 166 528 οιι
185 470 215 529 ln
235 467 430 543 Sererigeno,
449 467 547 546 priore
565 464 604 526 nd
623 464 845 528 Beutitudiueru
866 460 901 525 ll.
955 466 1023 523 sten
1047 464 1076 523 in
1103 465 1202 545 ipsum
1222 461 1365 523 Polouiue
1391 460 1544 541 Regnum,
1566 468 1693 549 jubente
1719 466 1757 531 V.

99 562 286 623 internuncio
305 580 405 619 essen
418 562 571 639 exprertns,
591 558 902 639 cosqueexreliqno·
956 552 1156 627 Beutitudine,
1177 554 1320 617 reducere
1339 557 1478 637 oportuit.
1517 558 1587 630 tlon
1611 582 1678 624 οιιι
1696 560 1759 623 Pri·

99 674 164 715 rum
185 651 402 714 consuetudine
420 651 506 732 pluro
525 650 673 733 ejusmodi
684 651 902 729 cognovissem,
958 666 1008 709 ruo
1036 667 1055 707 e
1080 647 1237 711 Moscorin
1267 649 1520 721 censuissemus,
1546 654 1655 723 rsirnti,
1680 654 1760 737 quod

100 747 249 827 uelletque
274 744 400 807 blesens
425 744 545 806 nttemnr
572 744 767 823 Legatiouem
792 744 822 803 in
848 740 902 804 Ur·
960 760 1065 819 equos,
1086 747 1117 803 et
1135 742 1221 803 cibus
1240 762 1260 805 ι
1279 742 1364 821 Rege
1388 741 1428 801 dn
1452 762 1533 803 more
1556 745 1676 807 obriu-
1701 768 1759 809 uon

101 840 167 900 lren
186 840 358 900 instituere:
377 839 471 909 suusi,
491 856 530 897 ne
550 838 617 915 plus
637 858 725 917 quunr
750 837 904 897 decemve·
959 832 1172 897 offendissent:
1190 854 1369 914 responsum
1378 841 1567 913 occeperunt,
1586 840 1664 901 sutis
1680 858 1760 911 esss,

101 934 207 993 uireut.
247 930 309 994 'l'er
333 932 412 991 enim
437 931 523 991 trium
543 930 662 993 millius
686 948 830 1011 passuum
850 928 905 987 iter
958 926 987 987 si
1006 946 1072 989 cunr
1093 928 1226 989 venirent
1249 928 1289 989 od
1308 927 1439 1007 Regem,
1462 929 1621 991 liber'rliter
1644 934 1761 1015 accipe·

102 1024 225 1097 tnnturo,
245 1045 311 1087 curn
332 1025 425 1105 primo
446 1022 574 1093 Orsum,
593 1022 663 1084 indo
688 1024 717 1083 iu
738 1021 905 1089 lrirouiem,
955 1024 1075 1105 renturr
1103 1020 1347 1083 eonsuebrdincnr
1371 1026 1469 1083 mon
1492 1022 1523 1083 io
1548 1022 1658 1101 legetis
1682 1028 1761 1089 esci·

103 1125 134 1177 et
154 1118 314 1189 Poloninur,
339 1138 377 1179 ne
407 1116 550 1195 deinceps
575 1136 627 1195 per
652 1112 840 1177 Gereonium
874 1113 904 1173 iu
959 1110 1088 1193 piendis,
1108 1116 1158 1194 qui
1183 1135 1203 1175 n
1222 1113 1329 1176 lrloseo
1354 1114 1392 1175 nd
1421 1114 1498 1175 ullos
1521 1116 1678 1197 Principes
1696 1120 1761 1181 nrit·

104 1210 218 1271 ltnlium
238 1211 308 1271 srilri
328 1216 413 1272 esset
433 1206 686 1291 proficiscendum,
707 1204 904 1269 ridebendu·
959 1210 1067 1276 tuntur,
1089 1226 1147 1267 nou
1167 1226 1240 1267 esse
1260 1208 1290 1267 in
1309 1206 1447 1287 Regnum
1467 1208 1672 1271 invehendus.
1709 1210 1762 1273 Ri-

103 1304 208 1363 rinrerrr
236 1303 300 1365 lure
324 1304 522 1385 prorineiom,
546 1303 574 1361 si
595 1307 721 1373 neuma,
747 1300 905 1361 ducentire
931 1314 935 1343 ¹
960 1316 1018 1375 gne
1037 1304 1135 1361 tomen
1156 1302 1233 1361 setis
1253 1301 1390 1379 benigne,
1416 1301 1504 1362 nobis
1530 1304 1718 1380 rogantibus,
1743 1326 1764 1367 ι

104 1394 242 1467 luissent,
261 1398 371 1477 quibus
388 1394 509 1457 aliunde
528 1394 615 1455 cibus
641 1399 727 1455 esset
751 1412 905 1475 procorus
932 1388 935 1497 1
961 1390 1049 1469 sego
1067 1394 1184 1474 nccepti
1202 1400 1282 1455 sunt.
1322 1396 1353 1455 lu
1373 1394 1500 1457 lairenin
1519 1415 1600 1467 rere,
1618 1416 1698 1477 gone
1714 1418 1762 1461 ee·

104 1487 179 1551 dus:
199 1510 235 1549 eo
255 1489 396 1570 periculo,
416 1494 448 1551 ut
473 1488 530 1549 nisi
557 1489 651 1567 gratis
676 1488 775 1548 omnis
798 1485 906 1547 soburi-
933 1520 936 1575 1
961 1482 1059 1546 dibciu
1077 1487 1195 1565 mugnis
1215 1488 1382 1566 sumptibus
1401 1486 1691 1571 ndArelrieplsnnpo
1710 1490 1765 1553 lits

106 1584 309 1653 nistrurentur,
329 1584 484 1661 periisset,
508 1580 650 1663 quiequid
673 1580 780 1650 officii,
805 1577 907 1649 studii,
933 1592 936 1603 “
962 1579 1059 1656 gessi,
1079 1584 1169 1659 utque
1188 1600 1208 1641 e
1226 1578 1380 1659 lllrglstris
1392 1580 1550 1643 Teutonici
1567 1580 1682 1645 ordinis
1700 1583 1763 1645 lun·

106 1674 248 1747 laborum,
266 1680 444 1757 sumptuum,
465 1694 536 1751 erge
554 1675 654 1755 ipsum
671 1672 811 1735 Moseum
831 1670 907 1733 Sen-
936 1744 939 1775 r
961 1677 1027 1733 rnut
1046 1674 1177 1735 excitato
1195 1694 1232 1733 en
1257 1670 1353 1733 diruto
1376 1694 1396 1735 u
1415 1672 1533 1735 llloscis
1556 1677 1765 1756 comperimus,

107 1778 157 1829 ctu
175 1768 352 1849 Apostolicn
373 1768 466 1829 sedes
485 1766 673 1827 contulisset.
712 1766 783 1829 Duo
808 1773 907 1826 nutem
936 1782 939 1815 ε
963 1764 1011 1827 rel
1031 1768 1149 1827 omniun
1168 1768 1282 1827 rniuum
1302 1766 1454 1835 minentis,
1471 1765 1602 1827 sordium
1617 1768 1715 1849 plens,
1735 1776 1765 1831 et

106 1862 256 1942 principes
274 1870 359 1923 erunt
374 1860 559 1939 hugutionis,
578 1880 646 1921 euru
665 1858 774 1938 quibus
793 1856 832 1917 de
850 1878 908 1919 nm·
964 1858 1105 1921 seuestris
1135 1860 1324 1941 petentibus,
1356 1859 1481 1941 injuriae
1513 1860 1588 1923 eneti
1618 1862 1765 1940 exposito.

107 1956 197 2015 rimis
223 1954 327 2025 rebus,
353 1974 390 2015 nc
414 1952 453 2015 de
478 1950 712 2014 Christianorum
738 1949 909 2031 Principum
966 1948 1054 2024 Quae
1080 1971 1145 2013 eurr
1165 1956 1349 2030 spernerent,
1380 1950 1477 2031 ligem
1497 1953 1597 2035 potius
1621 1954 1767 2033 trrgrrrioln

106 2048 248 2118 nmieitie,
267 2068 328 2109 uno
346 2067 462 2108 seeum
482 2054 547 2107 erut
566 2043 725 2123 egendum.
763 2043 841 2105 Huic
860 2063 909 2105 re·
966 2050 1163 2115 extruxerunt,
1184 2046 1214 2105 iu
1234 2046 1353 2125 quibus,
1379 2043 1500 2121 fuligine
1524 2046 1664 2127 oppletis,
1683 2044 1766 2111 bebl-

107 2161 141 2200 ro
159 2138 318 2218 Legrtioni
338 2159 404 2199 curn
424 2130 570 2219 interpres
587 2158 608 2201 s
621 2138 759 2219 Principe
776 2138 909 2215 ussignn·
937 2142 941 2231 1
965 2144 1029 2199 ture
1038 2138 1205 2199 malebantr
1224 2144 1257 2199 nt
1267 2137 1432 2199 Gothorum
1442 2136 1569 2210 clsdenr,
1589 2138 1767 2212 colossaeo,

108 2238 197 2303 retur,
216 2235 265 2313 qni
277 2232 431 2294 Cntlrolien
450 2230 508 2292 lule
528 2229 691 2312 repudiato,
710 2226 910 2291 liutbeniennr
937 2246 941 2333 1
966 2236 1056 2311 utque
1075 2230 1204 2293 urcubns
1223 2230 1460 2313 triurnplrrlilrns,
1478 2230 1595 2293 Reae
1613 2232 1691 2297 nono
1704 2235 1767 2297 nnl-

108 2324 251 2386 Selrismn
276 2334 453 2406 susceperrt
476 2324 562 2400 (licet
580 2325 609 2385 is
627 2322 686 2385 boc
704 2320 743 2385 ud
761 2322 809 2383 sui
825 2340 911 2382 secu·
937 2336 940 2407 j
964 2342 1071 2385 versae
1100 2323 1209 2387 illatore
1240 2322 1428 2395 recordatus,
1452 2326 1517 2407 jorn
1549 2346 1608 2387 nnn
1640 2328 1769 2399 nlrerm,

108 2420 240 2489 ritntes,
265 2424 296 2479 et
319 2419 433 2479 lucrum
456 2415 581 2491 fuceret)
606 2436 673 2477 nnn
700 2416 786 2477 enixo
810 2416 901 2497 rejeci
937 2412 941 2513 ἱ
966 2414 1037 2497 quid
1056 2422 1222 2479 rennueret
1240 2418 1270 2479 in
1290 2416 1430 2481 cordibus
1448 2419 1559 2497 gentis,
1576 2436 1655 2497 quoe
1671 2419 1769 2501 splen·

109 2532 192 2571 mus:
211 2518 302 2593 etque
320 2510 453 2579 nlterum,
473 2516 504 2571 et
524 2508 641 2591 quiden
660 2506 856 2578 Cotlrclicun,
876 2527 912 2567 rc
938 2542 941 2553 =
967 2509 1079 2581 dorem,
1099 2529 1136 2575 ιο
1155 2512 1340 2593 rrujeststerr
1359 2510 1484 2573 eliorum
1503 2511 1676 2593 ,opuloru-
1692 2510 1770 2577 t'erro

110 2603 240 2666 nobilem
257 2604 402 2665 Poleouru
425 2602 595 2687 petivimus,
619 2622 707 2682 quern
732 2606 764 2662 et
787 2600 912 2661 obtinui·
939 2606 942 2669 l
968 2624 1025 2665 non
1046 2613 1164 2684 posset.
1183 2602 1224 2665 lit
1245 2624 1342 2686 noque
1360 2604 1481 2685 publicu
1491 2604 1633 2669 conans
1652 2622 1771 2687 pompe,

112 2718 191 2759 mus.
229 2696 331 2777 lllugni
351 2698 430 2759 eninr
449 2697 607 2767 relerelret,
627 2697 654 2757 si
678 2696 747 2776 quis
767 2692 913 2776 ejusmodi
939 2674 942 2709 ³
967 2698 1017 2779 qui
1046 2704 1110 2757 tum
1136 2696 1304 2774 Augustum
1335 2696 1550 2759 l'lodnlicorun
1580 2698 1620 2759 nd
1652 2698 1771 2781 inperii
1798 2740 1801 2745 -

111 2812 152 2852 cx
171 2812 208 2853 en
221 2790 369 2870 legotione
388 2790 427 2851 nd
439 2791 606 2871 Principem
626 2788 775 2858 rediisset,
795 2787 845 2867 qul
864 2806 912 2845 re·
940 2752 943 2835 Ι
968 2790 1084 2851 comitis
1106 2788 1270 2869 luperinlin
1290 2788 1525 2867 ingrediebntur,
1554 2790 1663 2871 inpelli
1690 2798 1769 2871 pots

111 2884 227 2945 ritnters
246 2902 353 2953 rerum,
372 2904 409 2944 ne
430 2880 651 2943 Crtlmlieorurr
665 2879 834 2959 Principum
861 2877 913 2941 bu·
968 2888 1043 2953 runt,
1063 2888 1096 2943 ut
1115 2900 1181 2943 eum
1201 2880 1327 2943 libenter
1346 2888 1516 2943 cernerent:
1547 2902 1604 2943 nen
1622 2891 1708 2947 toute
1731 2885 1772 2945 el·

112 2978 281 3037 uenientem
306 2981 412 3055 posset
431 2973 542 3037 llloseo
566 2972 691 3045 reterre,
716 2973 744 3035 si
769 2971 841 3051 qnid
866 2992 912 3033 en·
969 2976 1150 3047 vitaturum
1171 2972 1309 3035 nobilius
1329 2974 1501 3037 eelnbritnte
1511 2975 1718 3049 merebuntur,
1737 2984 1772 3039 ut

111 3088 175 3129 ruur
194 3067 298 3146 reliqui
317 3066 472 3127 columniis
491 3064 642 3129 inluseere
661 3070 837 3127 tentussent.
874 3062 915 3125 st
970 3088 1010 3129 ex
1030 3068 1128 3129 uninm
1148 3065 1229 3129 illum
1249 3065 1465 3131 eolbudercnt.

111 3182 133 3221 n
156 3160 350 3238 Sererigeno,
375 3160 441 3221 sire
466 3160 565 3241 potius
589 3160 628 3221 nb
653 3159 721 3241 ejus
740 3158 825 3221 socio
851 3158 914 3239 (qui
1045 3158 1087 3223 m
1105 3158 1182 3221 boec
1201 3158 1319 3239 quidem
1340 3162 1371 3222 in
1382 3158 1536 3231 Bobenia,
1556 3166 1588 3223 et
1598 3160 1772 3227 Gemitu

112 3250 289 3313 Cutlrolicus
315 3250 399 3325 ulier,
424 3258 532 3335 posteo
554 3250 760 3323 hethennus,
786 3248 915 3331 denique
969 3256 1000 3316 in
1019 3274 1079 3335 qun
1096 3252 1235 3335 quiequid
1259 3254 1471 3335 expenderent,
1495 3252 1636 3317 mnndstu
1662 3254 1774 3319 Cnoss-

112 3344 319 3407 Rutbenernnr
339 3344 487 3407 erroribus
496 3344 638 3417 imbutus,
658 3340 763 3405 ltnluru
775 3343 913 3424 iuterpre·
970 3344 1224 3429 rennllIrJestutis
1248 3348 1417 3409 restitutum
1442 3356 1500 3418 est,
1521 3352 1553 3409 et
1571 3366 1646 3411 rnen
1664 3366 1767 3427 ergon·

113 3446 183 3509 ten,
203 3440 253 3517 qui
274 3442 395 3499 reuernt
413 3458 432 3497 e
450 3437 606 3500 dloseoris
625 3438 655 3498 in
677 3435 832 3499 Cerintlrie
856 3440 914 3497 trn·
969 3446 1019 3502 tes
1040 3440 1123 3519 plura
1139 3438 1218 3499 dono
1236 3436 1317 3503 dcto.
1357 3439 1417 3503 Ubi
1441 3460 1512 3503 sero
1540 3440 1645 3505 ltnlien
1670 3460 1774 3523 uppre-

113 3530 240 3608 eidnrut)
266 3550 353 3611 quun
383 3531 506 3609 prinum
530 3531 569 3591 sb
599 3530 646 3591 eis
670 3528 848 3601 discedens,
876 3528 915 3591 sd
941 3564 945 3653 1
969 3532 1186 3617 pinguorirnus,
1205 3542 1236 3593 et
1256 3533 1286 3595 in
1299 3530 1481 3597 Venetorum
1494 3532 1635 3597 ditionem
1651 3533 1775 3597 deseen-

114 3624 252 3687 Cnrolurn
278 3620 481 3685 Archidueem
512 3642 615 3683 essem
639 3620 808 3703 proiectus,
834 3642 914 3685 noer·
972 3625 1080 3697 dimus,
1101 3625 1140 3685 ob
1159 3626 1198 3685 iis
1224 3626 1515 3703 unguillcentissinn
1541 3648 1593 3707 per
1612 3646 1719 3687 ornnes
1736 3629 1774 3689 el·

113 3718 239 3781 bissirno
261 3714 443 3777 occiderent:
469 3735 537 3777 eum
563 3716 614 3778 rix
638 3712 746 3795 pedem
771 3734 809 3775 er
832 3714 917 3777 ltnliu
972 3720 1082 3781 ritntes
1101 3716 1221 3777 luerunt
1241 3721 1373 3799 excepti.
1418 3718 1556 3781 Veronne
1582 3721 1705 3798 prinum
1732 3720 1775 3779 in·

113 3808 301 3879 extulissent,
321 3808 371 3867 ulri
391 3808 519 3869 summis
536 3806 698 3868 bonoribus
712 3806 837 3887 accepti,
856 3825 915 3867 ιιι·
973 3810 1054 3871 rituti
1075 3818 1146 3869 sunt
1165 3809 1203 3869 nd
1223 3828 1311 3871 urens
1329 3810 1513 3883 turisendus,
1532 3830 1624 3892 prope
1635 3830 1712 3890 ques
1723 3813 1774 3873 rni-

114 3904 236 3965 neribns
255 3920 375 3982 quoque
394 3900 562 3977 insignibus
580 3898 682 3961 donrti
702 3898 827 3963 luerent.
872 3896 916 3961 At
971 3902 1053 3963 liturr
1073 3901 1248 3981 trequentes
1265 3901 1404 3963 cobortes
1430 3902 1546 3965 luerent
1571 3902 1730 3975 collectae,
1755 3924 1776 3965 ι

113 3997 208 4059 nlteru
228 3997 287 4055 isto
312 3994 459 4071 legatione
484 4012 581 4071 neque
605 3991 732 4065 euodes,
757 4012 814 4053 nee
838 3992 916 4075 eJ‘us·
973 3995 1081 4075 quibus
1094 3992 1338 4057 honorificentius
1357 3995 1591 4057 admitterentur.
1626 3994 1775 4059 Picentini

113 4088 191 4150 morli
211 4088 280 4148 lites
298 4086 377 4147 ullnn
395 4104 523 4165 unquam
544 4086 792 4155 intercesserunt,
819 4088 853 4145 ut
877 4080 917 4147 sd
972 4087 1043 4150 nibil
1063 4088 1240 4160 omiserunt,
1266 4109 1324 4169 quo
1349 4108 1465 4151 omnen
1491 4089 1720 4161 lrunrunitntem,
1745 4095 1777 4151 et

112 4200 194 4241 nrsrn
214 4180 368 4243 ueniretur.
401 4178 489 4251 Quos
509 4180 575 4239 sinc
595 4178 657 4239 ulls
676 4176 859 4241 dubitatione
869 4196 916 4237 se·
972 4186 1089 4263 proeter
1107 4180 1177 4251 ulio,
1196 4200 1274 4260 nune
1298 4202 1442 4245 sunme-
1462 4181 1642 4245 nobilitatem
1667 4183 1777 4245 urrinn-

112 4282 201 4333 cutue
226 4272 370 4343 luissent,
397 4272 455 4333 nisi
486 4272 670 4331 continenter
703 4270 849 4351 repressi,
879 4289 917 4331 ne
972 4294 1035 4335 rum
1055 4274 1222 4352 sepiebant,
1242 4272 1458 4347 liberulitntem,
1477 4276 1526 4352 (ut
1544 4276 1699 4339 ceolritss
1717 4272 1777 4337 boe

111 4366 200 4428 nodo
219 4370 361 4434 onrnnter,
385 4364 472 4425 rnodn
496 4385 552 4445 spe
579 4384 746 4433 munerum,
771 4362 916 4425 interdum
972 4388 1083 4445 genere
1104 4364 1202 4427 leudis
1221 4367 1487 4443 neximeeseellil)
1507 4368 1693 4433 exhiberent.
1719 4366 1776 4431 Pn-

112 4466 144 4521 et
166 4460 271 4519 timore
297 4456 417 4517 colrilriti
436 4458 493 4517 silri
520 4460 746 4537 teupernssent.
792 4456 917 4517 Persis·
972 4460 1042 4521 terii
1063 4458 1141 4521 iden
1161 4456 1298 4523 ellectum
1319 4471 1377 4521 est.
1423 4458 1498 4523 lude
1516 4460 1662 4523 Venet’us
1686 4480 1776 4541 rppu-

111 4572 183 4615 sum
203 4557 251 4611 est
275 4571 394 4630 quoqne
413 4556 446 4611 ut
471 4548 629 4630 olirpunrnlo
649 4548 688 4609 de
713 4570 769 4609 sun
794 4548 916 4629 bospiti-
972 4553 1070 4623 limus,
1090 4553 1141 4613 rrlri
1160 4553 1298 4615 omnibus
1313 4555 1441 4615 ennium
1461 4574 1600 4633 generu-
1617 4552 1777 4615 olbeiisulr

112 4648 172 4707 bns
190 4643 418 4705 sntisiueerent:
437 4642 515 4723 quod
534 4642 603 4703 licet
629 4642 844 4721 uegrel'errent,
869 4663 915 4705 ve·
972 4666 1010 4709 en
1030 4646 1234 4709 serenissimis
1252 4646 1423 4729 ltepublicn
1447 4653 1518 4707 sunt
1542 4647 1669 4727 trecepti.
1718 4644 1777 4705 llic

112 4738 197 4799 lebet
222 4743 320 4797 tanen
346 4736 385 4797 ool
411 4736 587 4797 bonomium
613 4735 862 4815 cogrrmoondum,
885 4744 917 4795 or
973 4760 1054 4810 vero,
1074 4761 1140 4801 eun
1168 4736 1306 4799 tiromisso
1332 4741 1429 4800 sirius
1457 4738 1507 4799 nis
1533 4738 1624 4799 rebus
1650 4736 1778 4807 amosi,

112 4830 155 4892 nd
176 4831 306 4893 ltslicorn
327 4827 622 4907 Ecclesiostierreque
648 4828 768 4889 ditionis
793 4828 918 4889 liberuli·
972 4834 1070 4893 omnin
1089 4852 1146 4893 suo
1164 4828 1292 4911 Principi
1311 4830 1414 4893 deberi
1433 4829 1602 4901 crederent,
1626 4838 1717 4909 etque
1736 4830 1776 4889 nlr

113 4928 207 4983 tutem
231 4926 306 5003 (qun
332 4942 423 5000 supra
451 4920 490 4991 irl,
518 4922 596 5001 quod
621 4930 781 5002 expectere
808 4920 916 4999 potuis·
972 4925 1114 4987 leuiore·
1136 4924 1222 4985 vitorr
1238 4942 1329 5001 rregre
1348 4924 1467 4995 ferrent,
1487 4924 1545 4983 silri
1564 4926 1594 4983 iu
1609 4922 1777 4985 Dominicu-

112 5020 200 5085 seut,
233 5016 349 5096 excepti
384 5014 514 5089 luerent)
551 5016 661 5075 rectius
695 5010 917 5075 aestimandos.
975 5036 1077 5077 uorum
1117 5018 1294 5077 nrrrnusterio
1332 5016 1602 5079 commodissimum
1641 5016 1777 5095 quum-is

114 5108 183 5171 Eue
215 5110 301 5185 igitur
326 5110 355 5168 in
381 5108 573 5189 profer-tione,
599 5106 771 5167 lllnseorurn
795 5106 920 5177 illorum,
975 5107 1136 5187 bospitiurr
1157 5108 1253 5169 luisse
1271 5112 1467 5189 ossiguotunr,
1486 5132 1547 5173 non
1565 5108 1707 5173 mediocri
1735 5107 1776 5167 di-

116 5222 198 5283 quos
215 5202 415 5264 uddueelrurr.
436 5202 552 5273 inuenio
582 5198 721 5279 liquidius
752 5200 919 5261 innotuere:
974 5200 1103 5279 ligentin,
1123 5204 1304 5281 etpnliorrtiu
1323 5226 1400 5285 opus
1417 5205 1480 5273 tuit,
1498 5212 1531 5267 ut
1550 5202 1690 5265 inclinio
1710 5219 1775 5261 ooo·
