3742 5626
10 40 66 145 ῼ

480 212 485 219 “
609 210 909 269 uouuabbmubtt
932 210 1186 270 domenicus.
1692 214 1729 277 17

57 371 175 454 pientes
192 375 231 434 adr
250 372 324 432 bora
341 374 370 429 u.
392 369 451 429 nisi
472 387 519 426 no
545 386 630 427 nerrs
649 365 735 435 fallit,
753 365 792 425 ad
811 363 862 423 lro·
919 363 975 425 dae
996 364 1147 425 decretam
1166 387 1234 428 cum
1244 368 1432 432 consiliariis
1450 378 1590 453 petentes
1603 374 1727 437 abbora

57 486 118 527 ran
143 468 172 531 1.
195 463 446 547 qmmneridiannm
471 460 539 520 istis
574 460 702 538 negotiis
727 457 863 537 occupati
917 459 946 516 o.
965 457 1005 517 ad
1026 460 1052 516 l.
1073 458 1304 538 pomeridianam
1323 465 1453 542 egimus,
1473 472 1506 526 ut
1526 468 1579 526 tati
1601 470 1727 548 negocio

58 559 185 630 fuerunt,
204 558 315 636 quibas
333 555 472 635 peractis,
500 554 555 613 iter
580 552 700 612 domum
728 549 864 610 fecimus.
920 549 987 609 tinis
1010 547 1159 610 videretur
1176 551 1348 630 impositus,
1377 557 1580 636 relinquentes
1600 558 1726 623 Paulum

133 651 262 711 Postero
281 646 502 708 Bartholomaei
524 645 583 716 die,
609 664 696 723 qnam
723 642 774 703 illa
797 649 865 702 acta
925 642 1108 704 Wenrtekee
1140 644 1170 702 irr
1202 663 1285 714 aree,
1314 653 1347 705 ut
1372 647 1483 709 chartis
1507 654 1609 732 pueris
1628 657 1727 716 omnia

58 750 152 813 erant,
171 743 270 803 denuo
285 742 489 817 imperatore·
509 739 725 799 invisenteates
744 736 774 795 in
798 734 865 794 loco
919 733 1081 805 mandaret,
1102 742 1252 796 caeterum
1273 755 1340 797 cura
1362 760 1417 800 nos
1437 740 1561 804 reditum
1584 747 1650 827 ejus
1664 747 1726 809 diu·

58 836 148 895 solito
169 836 343 901 inueni-us,
363 833 500 892 amictam
520 832 620 891 tunica
636 828 864 889 holosericaco·
919 828 979 886 tius
1009 834 1251 908 expectaremes,
1281 830 1373 890 multa
1399 840 1485 894 noete
1504 835 1577 897 bora
1596 838 1658 899 sore
1682 841 1727 900 12.

60 929 132 987 loris
151 926 253 989 viridis
271 925 420 1002 dua-que
441 924 529 993 rubri,
548 919 863 1001 quibusvisisdisces·
920 919 1059 980 veuit-ad
1079 941 1135 981 uos
1155 923 1290 993 nundus,
1324 923 1507 986 confidentur
1526 927 1653 1007 loquens
1673 934 1727 993 lm·

59 1023 164 1090 simus,
191 1025 348 1100 postquam
373 1022 493 1096 tempus
520 1015 592 1075 illud
617 1015 771 1091 exigrmm,
798 1031 865 1072 cunr
920 1019 1085 1092 potatorem
1116 1015 1146 1073 in
1175 1013 1326 1093 aliquibus
1350 1017 1482 1077 articulis
1507 1025 1642 1081 mutasse
1661 1043 1728 1083 sen·

59 1111 217 1173 residendo
249 1116 312 1170 tum
344 1107 529 1187 assurgendo
572 1125 865 1186 consumpseramus,
921 1107 1058 1177 tentiam,
1079 1113 1110 1166 et
1129 1128 1167 1167 ea
1186 1127 1263 1185 quae
1285 1106 1380 1188 pridie
1400 1116 1505 1169 essent
1524 1132 1542 1171 a
1562 1113 1728 1174 nobiscon-

57 1225 180 1283 renrque
217 1207 347 1263 nostram
372 1201 497 1261 ulterius
523 1199 733 1277 aggredientes
759 1216 866 1275 magua
923 1197 1010 1266 loeta,
1021 1199 1182 1259 constituta
1191 1198 1345 1279 literisque
1358 1202 1575 1283 comprehensa
1588 1207 1730 1277 rescisse,

58 1318 133 1358 sane
160 1316 227 1357 cun
255 1294 430 1354 difficultate
458 1294 588 1369 egimus:
615 1292 673 1351 dici
703 1293 780 1350 enim
807 1310 866 1349 non
893 1264 896 1373 l
923 1296 953 1350 et
971 1291 1050 1351 irrita
1069 1291 1190 1361 secisse,
1211 1293 1291 1371 qnod
1311 1295 1369 1353 nisi
1384 1295 1448 1376 jara
1469 1296 1567 1376 ipsius
1587 1297 1728 1361 voluntati

60 1395 170 1468 petest,
190 1394 301 1468 quanto
320 1406 385 1445 cum
411 1385 543 1465 periculo
569 1387 645 1444 inter
670 1403 725 1442 eos
745 1385 786 1442 sit
804 1403 867 1442 rer·
922 1382 1182 1453 satisfaceremus,
1207 1391 1304 1445 acmm
1325 1406 1397 1445 esse
1417 1385 1456 1446 de
1475 1394 1538 1448 toto
1559 1398 1661 1451 nostro
1680 1411 1730 1452 ne·

59 1481 197 1551 seudum,
216 1486 417 1559 quantumque
437 1475 647 1537 elaborandum
668 1473 866 1535 ctdissndan·
894 1496 897 1559 q
923 1477 1017 1554 gotio,
1047 1496 1139 1555 quare
1171 1478 1338 1537 consultum
1363 1479 1436 1538 dixit
1460 1498 1548 1552 esse',
1576 1486 1730 1547 utstatim

58 1575 127 1635 dura
149 1576 178 1634 in
201 1575 258 1633 isto
280 1573 404 1650 negocio
425 1570 512 1630 nobis
532 1568 628 1638 luerit,
923 1569 1052 1630 anirnum
1073 1574 1205 1628 nodrunr
1225 1571 1281 1629 sibi
1302 1570 1556 1644 denundarenrus,
1577 1577 1652 1639 inter
1672 1579 1730 1639 eol·

137 1665 237 1737 Quam
265 1666 380 1725 barbari
406 1663 436 1723 bi
461 1684 497 1723 se
522 1661 647 1720 etieraut
674 1660 721 1718 rel
748 1680 784 1719 eu
811 1660 867 1719 lroo
923 1660 1103 1740 loquendum
1123 1667 1259 1721 rnaueato
1279 1663 1317 1722 ab
1338 1662 1395 1721 lroc
1415 1667 1625 1745 rixexposito,
1645 1673 1731 1730 intor-

60 1766 149 1841 potes
169 1759 317 1835 colligere,
339 1756 418 1835 qnod
437 1757 535 1814 omnia
555 1774 632 1833 quae
647 1751 782 1822 eliserint,
802 1759 867 1813 rata
924 1755 1004 1813 venit
1024 1754 1116 1825 alius,
1146 1756 1296 1834 imperans
1317 1762 1349 1816 ut
1370 1777 1458 1835 «piram
1477 1759 1622 1819 citissime
1643 1762 1731 1822 index

61 1858 93 1912 et
113 1854 195 1912 tirma
222 1871 292 1910 esse
318 1851 503 1918 existiment,
529 1853 559 1906 et
583 1844 662 1925 quod
687 1847 783 1921 magis
810 1852 866 1915 cst,
923 1853 1089 1927 appareret.

61 1945 222 2005 contradici
243 1944 300 2004 sibi
321 1944 350 2001 iu
375 1941 600 2003 tractationibus
626 1958 685 1997 nou
712 1939 867 2016 patiantur,
1000 1939 1094 1999 llisce
1114 1936 1238 2008 auditis,
1266 1937 1323 1998 dici
1345 1960 1403 1999 uon
1423 1948 1524 2021 potest
1544 1963 1632 2021 quarn
1652 1948 1732 2007 r'arie

62 2037 144 2099 nullo
164 2043 282 2097 utantur
301 2034 420 2103 ordine,
445 2033 502 2093 sed
527 2033 625 2091 onnia
650 2031 868 2091 inconsiderate
925 2032 1020 2091 simus
1040 2031 1137 2092 allecti
1159 2037 1348 2111 quantusque
1362 2033 1448 2093 uobis
1462 2036 1640 2115 injectussit
1652 2058 1732 2099 scra-

62 2129 224 2198 etl'undant,
245 2129 320 2189 altro
341 2128 472 2206 duoque
485 2125 666 2202 divagentur,
685 2129 772 2203 prout
792 2126 868 2201 cogi·
926 2124 1025 2204 palus,
1046 2124 1221 2203 praesertim
1244 2144 1311 2183 cum
1331 2125 1361 2184 in
1375 2145 1467 2186 eausa
1479 2129 1733 2206 acquieveramas,

62 2224 202 2293 tationes,
223 2223 280 2281 sibi
302 2220 466 2289 inciderint,
486 2218 661 2296 dedignetur
677 2210 767 2276 aures
782 2217 869 2275 bene·
926 2221 956 2274 ot
989 2216 1088 2275 ornata
1118 2215 1212 2296 pridie
1244 2217 1320 2277 ultro
1346 2220 1479 2297 citroque
1503 2219 1603 2280 verbis
1624 2222 1733 2284 babitis

62 2315 148 2377 volas
166 2314 270 2374 rolatis
296 2313 454 2392 praebere,
480 2328 694 2387 sermonesque
720 2309 870 2368 interrum-
926 2327 1033 2386 magna
1064 2328 1132 2367 sum
1162 2308 1423 2388 praemeditatione
1449 2318 1533 2372 erant
1557 2319 1683 2377 tractata
1701 2322 1733 2377 et

62 2414 145 2490 pant,
164 2409 246 2466 intus
265 2407 363 2465 omnia
382 2410 525 2464 meantes
546 2404 590 2476 (ut
611 2400 791 2461 Graecorum
821 2407 869 2461 est
926 2399 1082 2471 conclusa,
1111 2404 1237 2463 manime
1266 2408 1365 2465 autern
1396 2404 1475 2483 quod
1511 2407 1597 2466 nobis
1622 2406 1733 2470 delibe-

62 2499 234 2583 proverbio)
253 2504 423 2576 tantumque
444 2515 481 2555 ca
500 2495 725 2554 considerantes
741 2515 817 2573 qnae
827 2496 869 2575 ip
925 2492 1006 2554 randi
1036 2494 1171 2573 spacium
1205 2515 1262 2554 non
1289 2495 1522 2568 concedebatur,
1553 2518 1646 2577 quare
1665 2520 1734 2563 cnm

63 2594 92 2654 si
119 2594 147 2652 in
172 2592 302 2653 mediuur
328 2589 518 2659 abduxerint,
549 2586 629 2666 quod
661 2588 688 2645 si
713 2589 869 2667 quicquam
924 2585 1004 2646 alind
1037 2587 1098 2644 steri
1128 2607 1187 2646 non
1223 2594 1329 2666 posset
1354 2589 1522 2648 tutissimus
1543 2594 1733 2655 consiliorum

63 2685 175 2747 dictum
201 2684 288 2745 luerit
320 2684 379 2743 illis
405 2701 462 2741 non
488 2681 685 2749 conueniens,
707 2680 868 2739 absurdum
925 2683 1029 2758 portus
1049 2679 1137 2737 nobis
1158 2685 1207 2737 est
1226 2680 1311 2738 visas
1330 2700 1369 2738 ea
1387 2699 1475 2756 agere
1496 2682 1733 2764 concludereqna

65 2798 138 2839 esse
168 2777 299 2856 nihilque
329 2775 367 2835 ad
399 2793 460 2833 rem
485 2773 633 2852 pertinere
653 2773 750 2851 ajunt,
781 2777 870 2849 atquc
926 2790 1004 2848 quae
1034 2770 1072 2829 ad
1102 2790 1207 2848 pacem
1234 2777 1265 2829 et
1291 2771 1530 2848 tranquillitatem
1551 2774 1733 2838 inclinarent.

64 2873 107 2932 ita
137 2869 176 2930 de
207 2890 243 2928 se
273 2867 370 2927 solum
394 2866 471 2924 lrcne
492 2865 711 2932 existimantes,
743 2883 817 2942 prae
835 2882 871 2922 se
1004 2861 1062 2921 llic
1093 2861 1155 2921 sere
1180 2863 1338 2922 omiseram
1359 2882 1414 2921 eos
1434 2865 1533 2924 omnia
1552 2868 1676 2943 negoela
1694 2866 1735 2928 da

63 2963 142 3024 alios
171 2980 226 3040 pre
256 2958 346 3018 nihilo
378 2955 504 3024 ducunt,
536 2961 569 3013 nt
592 2955 696 3014 merito
721 2953 792 3014 bine
813 2954 871 3014 dici
929 2960 1017 3013 nocte
1041 2955 1197 3035 perticere:
1231 2954 1310 3013 nulla
1328 2955 1407 3014 enirn
1428 2961 1530 3027 noete,
1560 2958 1659 3037 quoad
1677 2978 1735 3021 nos

62 3052 178 3137 possiti
201 3053 280 3112 inter
290 3051 387 3111 bonos
399 3049 475 3108 bene
485 3048 581 3125 agier,
602 3048 678 3106 inter
687 3046 782 3107 malos
794 3047 872 3108 male
929 3048 968 3106 ibi
1001 3049 1172 3107 commorati
1196 3065 1317 3118 armus,
1348 3066 1485 3108 somnum
1504 3051 1534 3109 in
1553 3052 1650 3113 ocrdis
1669 3054 1734 3113 saia

143 3146 218 3206 'l'am
248 3145 379 3225 superbo
413 3146 445 3200 et
472 3139 572 3200 etllato
603 3139 701 3199 animo
727 3134 873 3222 Princeps
928 3139 1073 3199 viderunt.
1128 3137 1279 3217 Sagittarii
1308 3138 1538 3222 selopetariiqae
1564 3165 1620 3225 per
1643 3145 1735 3206 diist

66 3240 156 3299 etiam
176 3245 255 3308 erat,
274 3234 434 3317 supercilia
453 3233 520 3292 sine
536 3232 594 3292 tino
606 3231 761 3303 attollens,
780 3232 873 3294 latore
928 3239 1086 3312 perunctos
1104 3233 1134 3292 ia
1154 3231 1260 3294 eadem
1279 3232 1408 3292 statione
1422 3235 1597 3307 manebant,
1617 3237 1736 3316 quadie

67 3332 198 3409 erigens,
228 3337 351 3408 totoque
375 3345 498 3407 corpore
517 3326 720 3385 intumescens
740 3345 872 3405 praeser·
929 3345 1001 3405 prae
1032 3327 1104 3385 crito
1135 3330 1294 3396 steterant,
1327 3344 1364 3384 eo
1390 3326 1469 3406 qaod
1494 3329 1601 3390 uniens
1619 3326 1735 3392 Paulus

67 3424 119 3483 tim
138 3424 239 3484 andito
257 3442 314 3483 suo
331 3420 431 3480 titulo:
450 3419 576 3478 rnaxiruo
596 3419 683 3496 igitur
701 3419 731 3476 in
752 3439 807 3478 ees
826 3439 874 3480 ca-
935 3417 1077 3479 Wemike
1105 3418 1135 3477 in
1158 3437 1228 3478 erce
1253 3417 1440 3478 describendi
1467 3423 1590 3499 negocio
1609 3442 1734 3506 ocorrpa·

67 3516 110 3576 dit
140 3515 264 3576 dictrum
297 3514 406 3586 Qualis
436 3522 483 3572 est
507 3508 670 3591 Princeps,
701 3510 779 3571 tales
804 3518 874 3572 sunt
929 3515 979 3570 tus
996 3511 1050 3585 (ut
1068 3509 1177 3570 dictum
1197 3513 1262 3585 est)
1283 3518 1457 3573 remaneret.

68 3610 268 3691 subjectorum
287 3626 396 3666 mores.
1007 3601 1152 3681 Sequenti
1183 3601 1232 3662 die
1263 3602 1301 3663 28
1325 3604 1456 3683 Augusti
1485 3625 1589 3666 rursus
1616 3606 1735 3668 domam

143 3701 222 3762 Sunt
246 3702 368 3779 insuper
394 3694 507 3764 callidi,
539 3694 664 3763 versuti,
696 3695 875 3772 pertinaces,
932 3692 1151 3774 lmperatoriam
1170 3695 1296 3771 ingressi
1316 3716 1423 3756 sumus
1439 3704 1736 3777 postquameaqnae

68 3793 215 3864 effrenati,
236 3792 354 3852 adversi
378 3795 408 3849 et
427 3789 535 3857 aversi,
557 3787 690 3867 perversi
711 3807 748 3845 ne
768 3787 875 3860 dicam,
933 3791 1020 3844 noete
1039 3788 1214 3867 praeterite,
1248 3794 1374 3856 munta,
1394 3794 1527 3859 exarata,
1546 3791 1737 3869 perlectoque

68 3885 281 3966 imprudentes,
300 3883 438 3942 adeam
450 3880 560 3940 malurn
580 3877 739 3959 preolires,
757 3885 876 3941 utentes
933 3884 1053 3950 essent,
1074 3900 1111 3940 ac
1132 3879 1237 3940 eodem
1258 3879 1307 3938 die
1326 3880 1432 3956 sigiliis
1452 3883 1563 3941 nostris
1581 3881 1737 3960 obsignata

68 3978 209 4038 violentia
237 3994 290 4054 pro
315 3975 444 4041 ratione,
473 3972 585 4049 quique
609 3971 766 4031 virtutibus
783 3972 876 4047 (mibi
933 3971 1172 4051 confirmataque.
1204 3969 1262 4030 Ubi
1282 3972 1442 4049 imperator
1460 3971 1565 4032 sellem
1586 3992 1671 4034 suam
1690 3992 1738 4036 aa-

68 4068 177 4140 crede)
198 4066 336 4126 omnibns
355 4066 494 4125 nuncium
514 4063 698 4123 remiserunt.
933 4061 1096 4123 eeadisaet.
1138 4063 1326 4141 Gregoriunr,
1360 4063 1523 4125 Arnoldum
1544 4072 1575 4126 et
1593 4084 1642 4127 me
1661 4086 1738 4129 eom·

147 4158 195 4217 2⁴1.
236 4157 295 4216 Die
323 4176 390 4217 eum
420 4157 519 4218 omnia
543 4161 627 4215 erant
652 4155 772 4234 scriptis
796 4174 877 4217 man·
933 4153 1069 4235 pellavit,
1101 4174 1137 4214 se
1165 4157 1194 4214 in
1223 4156 1321 4215 animo
1346 4154 1457 4217 babere
1477 4158 1615 4237 inquiens
1635 4159 1739 4221 osculo

69 4255 157 4319 data,
186 4269 241 4330 per
260 4251 449 4310 monoculum
466 4247 506 4308 ad
525 4267 624 4308 arcem
643 4247 756 4316 vocati,
773 4268 878 4330 accep·
935 4247 1032 4307 crucis
1062 4248 1207 4318 stabilite,
1239 4268 1316 4327 qnae
1342 4247 1538 4332 aBajoribns
1557 4253 1623 4312 suis
1641 4252 1740 4313 nobis·

69 4349 111 4406 tis
143 4344 245 4422 equis,
277 4338 315 4400 ad
345 4358 411 4401 eam
436 4341 637 4420 perrescimns
658 4356 747 4419 qnam
767 4341 817 4400 ubi
836 4343 878 4401 in·
935 4358 1002 4400 cam
1021 4347 1128 4401 ament
1146 4346 1283 4422 peracta,
1307 4345 1337 4401 et
1358 4342 1501 4403 concluse
1523 4345 1740 4424 mnsestimqne

71 4437 169 4515 gressi
189 4434 318 4516 Bajores
339 4433 437 4512 ipsius
448 4452 553 4493 omnes
562 4437 683 4513 praesto
696 4439 789 4505 erant,
808 4454 878 4514 quo·
935 4432 992 4493 sibi
1023 4433 1125 4495 literas
1154 4432 1343 4511 obligatorias
1369 4437 1499 4515 praelegi
1519 4439 1614 4520 Jassit
1632 4438 1741 4516 quibus

72 4527 205 4590 romalii
226 4528 255 4586 in
276 4524 383 4594 scalis,
409 4544 485 4603 qaas
503 4523 711 4596 ascendimus,
733 4546 769 4586 se
789 4528 880 4589 conti·
935 4546 1007 4607 prae
1027 4527 1114 4588 lectis
1132 4528 1206 4588 bora
1225 4526 1389 4589 etlluxerat.

72 4621 197 4690 nebant,
229 4637 336 4693 aragne
365 4637 440 4677 sane
467 4634 533 4674 cnm
560 4619 702 4692 &evitate
723 4620 880 4701 lmperato·
1014 4619 1079 4681 Sed
1109 4640 1177 4681 cum
1202 4638 1240 4679 eo
1264 4625 1397 4700 tempore
1416 4621 1552 4700 proprius
1572 4618 1630 4698 ipsi
1649 4618 1741 4677 assis

73 4716 127 4774 riis
145 4713 228 4792 politi
249 4712 385 4771 restibus
404 4711 558 4769 sistentes
608 4709 674 4770 llos
694 4719 881 4790 praetereun·
936 4718 1067 4772 teramus
1087 4719 1118 4773 et
1135 4732 1275 4791 magnam
1294 4715 1361 4794 ejus
1381 4713 1410 4769 in
1431 4711 1539 4769 vestita
1559 4712 1660 4769 laxam
1674 4728 1742 4769 coa·

73 4814 123 4866 tes
155 4806 184 4863 in
214 4804 322 4863 solium
351 4801 503 4882 imperiale
528 4800 688 4861 intromissi
714 4820 781 4862 cnm
800 4824 881 4865 reve·
938 4804 1160 4884 templaremur,
1194 4805 1305 4884 placuit
1331 4802 1380 4861 bic
1407 4803 1606 4880 interponere,
1637 4802 1742 4883 partim

76 4896 296 4957 rentiaDncem
317 4895 521 4964 salutavimus,
541 4893 701 4953 eratenim
722 4893 882 4975 nobisjam
938 4897 1086 4973 quomodo
1116 4903 1239 4957 ornatus
1269 4895 1374 4965 tuerit,
1405 4896 1509 4974 partim
1535 4912 1613 4973 qnos
1638 4900 1743 4972 gestus

72 5010 141 5051 runs
161 4990 211 5049 illo
232 4988 398 5060 familiaris,
419 5006 485 5048 cum
505 4985 664 5066 aliquoties
684 4987 789 5047 oculos
808 5006 882 5047 suos
939 4987 1082 5059 hebuerit,
1093 4990 1198 5070 partim
1210 4988 1297 5047 etiarn
1308 4988 1416 5066 quibus
1425 4987 1602 5047 ceremoniis
1612 5006 1688 5048 usus
1695 4990 1742 5050 sit.

74 5081 260 5143 clarissimos
279 5086 325 5155 (ut
344 5083 444 5141 verbis
463 5078 579 5139 illoram
593 5076 676 5153 utar)
689 5077 880 5139 vidissemus.
1017 5079 1141 5141 indatus
1159 5086 1223 5140 erat
1241 5081 1342 5140 tunica
1362 5079 1449 5140 rubra
1469 5078 1645 5152 holoserica,
1666 5102 1744 5161 qnae

156 5172 229 5233 lnde
257 5173 354 5234 locant
378 5172 498 5233 solitum
525 5192 636 5234 causae
655 5178 776 5233 nostrae
794 5192 881 5247 agen·
940 5169 1089 5251 lapidibus
1105 5173 1292 5251 gemmisque
1311 5173 1456 5254 preciosis
1476 5178 1601 5234 consuta
1619 5180 1685 5236 orat
1703 5175 1742 5233 de

1430 5299 1447 5338 ί·
