3742 5626
794 122 1065 186 maneamne.
1543 98 1564 177 3··
1730 143 1764 200 25

100 285 206 347 dieitur
231 284 353 346 linibla.
394 279 547 343 Sacerdos
576 301 646 343 vero
671 278 781 342 babeat
808 283 905 343 cirrum

99 379 257 459 proprium.

180 470 261 542 Quid
283 472 309 531 si
330 467 474 530 monaebo
494 469 616 538 inllrno,
637 465 803 547 Seraphim
821 471 908 525 vesle

102 563 214 632 induto,
234 584 288 645 per
307 569 373 624 octo
400 561 466 621 dies
496 560 568 621 nibil
594 559 727 620 dederim
754 559 792 619 ad
819 557 907 621 eden·

105 656 194 716 dum?
218 656 256 715 R.
279 654 364 716 Bend
386 654 506 726 lactum,
526 654 597 733 qnia
615 663 679 714 erat
707 654 736 712 in
762 651 907 731 Angelico

102 750 214 809 ordine.
332 752 340 767 '

188 840 267 913 Quid
287 843 314 903 si
334 841 463 902 Latinus
475 838 645 900 Rbutenico
665 838 721 898 ritu
735 838 840 898 initiari
859 856 909 898 vo·

104 935 209 995 lueritl
248 935 287 995 R.
308 937 386 994 later
404 932 572 994 Ecclesia·
598 930 764 993 nostram'l
784 931 910 991 dicbus:

104 1049 210 1089 norum
229 1028 279 1089 illi
305 1029 473 1108 imponatur
497 1046 620 1097 nomen,
651 1024 778 1103 siugulis
802 1024 911 1083 diebus

101 1127 226 1198 quatuor
245 1123 396 1182 orationes
415 1141 452 1179 eo
472 1125 630 1201 praesente
641 1116 913 1177 dicantnrdcvotet

101 1216 205 1275 abluat
228 1236 264 1275 se
283 1212 393 1274 deinde
413 1213 443 1271 ia
456 1210 580 1280 balneo,
601 1215 716 1290 septem
728 1207 909 1273 diebusrar·

103 1308 193 1367 aibas
223 1314 253 1369 et
278 1305 411 1367 lactariis
437 1304 601 1372 abstineat,
627 1307 734 1362 actara
759 1301 807 1360 die
832 1300 912 1359 lotus

105 1399 288 1478 ingrediatur
308 1397 481 1458 eeclesiam.
504 1395 679 1476 Superque
700 1398 826 1473 quatuor
844 1392 912 1453 illae

1043 282 1092 344 An
1105 282 1239 345 infantuli
1249 291 1317 363 post
1326 284 1504 368 baptismam
1514 294 1768 359 communicandlt

966 374 1007 437 R.
1028 377 1060 437 ln
1072 377 1191 458 templo,
1202 377 1271 438 dnm
1285 397 1371 439 saera
1383 387 1569 458 peraguntur,
1588 391 1640 445 aut
1649 406 1769 469 resper-

965 470 1046 530 tiuac
1065 490 1172 550 preces
1190 477 1354 542 cantantur,
1373 476 1632 538 communicentur.

1044 585 1113 657 Quo
1133 588 1199 647 cibo
1225 607 1333 665 genero
1358 592 1387 650 in
1408 592 1524 672 jeiunio
1551 596 1663 677 majore
1686 607 1769 660 ntea·

966 678 1055 739 durni
1075 679 1115 739 R.
1128 679 1293 741 Dominicis
1302 690 1333 743 et
1345 684 1479 745 sabbatis
1490 688 1606 762 picbas,
1620 691 1769 769 piscibus:

966 772 1033 834 aliis
1053 794 1124 834 vcro
1144 772 1234 846 llrbri,
1254 773 1313 834 lroc
1332 783 1388 848 est,
1407 779 1533 858 piscium
1554 782 1712 844 intestinis.

1043 893 1076 950 ln
1097 892 1198 973 majori
1219 891 1414 966 bebdomada,
1434 896 1572 958 monaehi
1592 900 1651 959 mel
1671 899 1770 975 edant,

967 988 999 1042 et
1017 984 1120 1045 bibant
1139 983 1239 1046 inas:
1258 986 1289 1047 id
1308 992 1367 1059 est,
1387 1008 1494 1068 aquam
1514 999 1675 1053 acetosum.

1043 1103 1080 1162 ln
1100 1105 1325 1166 consecratione
1354 1104 1476 1178 Kutliie,
1501 1108 1579 1167 cerei
1606 1117 1677 1188 quot
1701 1117 1774 1174 sual

969 1193 1165 1256 lacendeudil
1184 1194 1224 1267 R,
1244 1195 1303 1258 Pro
1328 1201 1486 1260 animabus
1514 1199 1588 1271 dno,
1614 1207 1677 1264 tres
1703 1225 1773 1266 vero

968 1305 1020 1365 pro
1040 1286 1137 1346 salute
1157 1288 1294 1352 virentis.

1047 1376 1159 1439 Kntbia
1179 1382 1325 1459 quomodo
1346 1384 1551 1446 coalieienda‘l
1571 1387 1609 1449 R
1629 1388 1699 1451 Sint
1711 1376 1773 1453 tres

105 1495 256 1551 orationes
276 1489 427 1559 dicentur,
453 1487 573 1548 mundis
604 1488 741 1547 restibus
766 1486 911 1555 induatur,
969 1476 1071 1551 l)artes
1092 1472 1179 1536 “illd
1200 1475 1293 1533 ⁰⁰⁰ll²
1313 1481 1416 1552 ‘luam
1436 1498 1505 1536 '⁰‘0
1530 1479 1568 1539 ‘¹⁰
1582 1483 1666 1559 Plsslsss
1687 1484 1774 1558 sulib,

107 1604 215 1643 cmm„
235 1605 291 1643 50„
311 1588 420 1642 septum
441 1601 534 1661 „uper
552 1587 642 1660 caput
668 1580 709 1640 ηιξ
735 1582 909 1660 immunem,
971 1569 1000 1623 et
1020 1565 1132 1635 oieere,
1159 1566 1269 1645 pariter
1289 1570 1400 1640 coetis3
1425 1570 1599 1632 condiantur
1629 1577 1724 1648 melle,
1744 1584 1775 1637 et

105 1674 266 1735 chrismate
287 1678 451 1753 inungatur,
472 1694 578 1733 cerens
599 1674 638 1733 illi
653 1674 681 1732 in
693 1693 798 1733 ritanus
810 1673 910 1732 detur:
970 1654 1136 1730 ⁸³⁰⁰l¹³¹⁰3
1157 1656 1354 1719 adhibeantur
1373 1661 1475 1732 tiltffls
1494 1664 1520 1721 δί
1542 1663 1700 1738 'wilmun
1726 1670 1775 1728 alli

104 1767 173 1827 dum
195 1767 291 1828 Missa
324 1769 487 1847 peragitur,
519 1768 765 1837 communicetur,
797 1785 911 1847 proquo
971 1749 1094 1810 imeras.
1136 1748 1249 1811 Kalbia
1267 1758 1366 1812 autern
1387 1753 1454 1823 hac,
1474 1758 1605 1837 peractis
1630 1763 1774 1840 exequiis,

106 1883 180 1920 novo
202 1861 370 1921 Christiano
392 1851 545 1920 habeatnr.

183 1955 231 2015 An
254 1975 336 2024 ares,
358 1953 468 2033 pisces,
488 1951 537 2012 rel
556 1949 614 2011 alia
633 1952 784 2012 terrestria
804 1952 913 2012 anima·

106 2048 154 2117 lia,
175 2048 264 2108 iestis
283 2046 391 2105 diebus
411 2046 575 2105 interlicere
596 2045 704 2104 liceat?
722 2044 763 2126 R.
785 2043 913 2105 llieDo·

107 2141 226 2211 minico,
246 2140 315 2221 quia
337 2137 403 2200 dies
432 2139 531 2199 leatus
557 2145 622 2207 est,
648 2135 737 2197 bomo
763 2137 792 2197 ia
820 2135 914 2196 ecele-

107 2235 185 2293 siam
206 2239 271 2293 eat:
293 2232 430 2294 banania
450 2252 520 2293 vero
540 2231 774 2292 necessitatibus
798 2231 915 2307 exigen-

106 2328 197 2397 tibus,
216 2324 398 2386 occidantur.

184 2420 234 2479 Aa
254 2422 468 2478 sacramentum
490 2418 520 2476 in
539 2415 727 2478 bebdomada
744 2413 914 2476 Palinurum

108 2516 313 2571 consecratam
333 2530 387 2590 per
404 2515 496 2569 totum
523 2530 631 2570 arrrmm
657 2528 778 2569 serrare
804 2506 914 2569 liceatl

109 2605 148 2664 R.
172 2604 314 2665 Servetur
334 2604 363 2662 in
385 2624 458 2663 rasa
478 2602 602 2664 mundo:
628 2600 773 2662 sacerdos
793 2621 863 2663 uero
885 2600 915 2661 id

111 2699 224 2758 infirmo
245 2698 410 2779 porrigens,
431 2717 532 2776 pamm
553 2697 611 2755 nini
630 2695 730 2756 addat.

188 2792 236 2852 Aa
263 2808 369 2869 aquarn
395 2789 463 2851 rino
490 2787 601 2848 addere
631 2788 735 2859 liceat,
759 2785 916 2846 conmuni·

110 2883 209 2944 cando
230 2880 393 2942 infirmant
413 2878 453 2939 R.
474 2880 593 2940 Sufficit
613 2881 710 2940 vinnm
730 2885 852 2941 tantuna

187 2976 237 3034 An
258 2974 380 3034 inlirnis
400 2972 617 3044 daemoniacis,
644 2978 674 3033 et
693 2977 792 3033 meatu
812 2972 920 3053 captis,

110 3068 200 3128 liceat
220 3066 291 3125 dare
311 3065 555 3127 Sacramentum?
574 3064 615 3127 R.
638 3065 700 3127 Ora
719 3065 833 3127 illorum
855 3070 917 3126 tau·

110 3169 173 3222 tum
197 3158 391 3219 Sacramenta
414 3164 577 3235 tarrgantnr.
862 3144 868 3158 ’

189 3253 238 3313 An
260 3252 408 3312 sacerdoti
423 3251 545 3312 babenti
564 3271 683 3311 uxorem
705 3251 734 3311 ia
755 3250 919 3329 puerperio,

60 3388 64 3393 -
112 3345 357 3425 quemadmodum
378 3365 472 3425 super
492 3343 630 3404 laicorum
644 3344 836 3414 litnxoribus,
855 3360 918 3404 ora·

112 3441 209 3501 tiones
229 3439 328 3499 dicere
349 3438 456 3498 liceat?
475 3436 516 3501 R.
533 3435 618 3509 Noa3
640 3456 707 3497 nam
728 3458 765 3498 ea
784 3438 812 3496 in
828 3436 919 3498 Grae·

112 3534 161 3592 cia
182 3553 238 3592 noa
258 3538 393 3593 serualur
413 3529 608 3600 consuetudo,
628 3531 685 3590 nisi
705 3530 783 3591 alius
804 3551 862 3591 non
878 3531 919 3590 in·

113 3627 247 3685 sarriatur
265 3623 419 3686 sacerdos.

191 3716 273 3788 Quid
292 3719 322 3776 in
347 3716 395 3777 dio
416 3716 614 3778 Exultationis
640 3718 675 3776 S.
698 3717 805 3777 Crucis
830 3715 920 3776 edea-

113 3809 204 3870 dnmt
225 3809 265 3870 R
284 3809 425 3871 blorraclri
441 3811 576 3891 piscibus
591 3830 648 3870 noo
662 3816 835 3871 vescanturt
855 3807 922 3868 laici

115 3923 187 3964 uero
211 3902 316 3964 eadem
338 3901 387 3964 dic
409 3901 621 3964 deosculantes
640 3903 674 3964 S.
701 3904 840 3971 Crucem,
859 3922 921 3962 ear-

115 4016 174 4055 nes
194 3996 282 4056 edero
303 4002 438 4074 possunt,
457 3997 513 4056 nisi
541 3994 614 4056 lorte
640 3997 669 4056 in
696 3995 774 4055 diem
794 3993 924 4055 Veneris

114 4093 169 4149 aut
189 4086 326 4148 Mercurii
346 4087 490 4149 inciderit.

197 4181 246 4240 An
265 4181 414 4242 sacerdoti
427 4187 513 4242 nocta
525 4200 591 4240 earn
606 4201 696 4240 uxore
708 4179 925 4250 concumbenti,

116 4295 206 4334 mane
227 4274 387 4335 eeclesiam
407 4272 520 4353 ingredi
546 4273 635 4332 lieett
660 4272 700 4332 R.
721 4273 818 4334 haret
843 4273 926 4354 prius

116 4389 187 4429 canr
208 4374 319 4447 partem
340 4388 417 4449 quae
436 4368 494 4436 snb
514 4366 652 4428 umbilico
677 4372 740 4438 est,
765 4365 926 4427 ecelesiam

118 4459 308 4536 ingrediatur,
330 4459 525 4538 Erangelium
551 4459 646 4537 legat:
673 4456 712 4520 ad
739 4459 832 4520 altare
857 4476 927 4518 vero

118 4552 285 4622 accedere,
319 4556 366 4614 rel
392 4552 544 4612 celebrare
575 4552 771 4628 prohibeatur.
812 4550 928 4612 Valens

119 4655 223 4708 autern
251 4646 395 4707 sacerdos
423 4644 531 4703 dicbus
557 4643 639 4702 Solis
666 4651 695 4702 el
715 4644 820 4704 blartis
852 4643 928 4704 cele·

122 4743 219 4809 brare,
239 4741 346 4820 poterit
367 4737 416 4796 die
435 4736 541 4796 Lnrrae
562 4754 627 4793 cum
653 4757 773 4798 uxorem
792 4756 929 4796 concum-

121 4835 204 4901 bere,
225 4833 320 4890 etsie
340 4830 484 4910 deinceps

201 4926 250 4984 An
270 4943 394 4984 uxorem
416 4943 474 4982 non
495 4921 624 4990 babenti,
644 4917 832 4980 Eucharistia
844 4921 931 5000 porri·

122 5015 240 5096 geadal
260 5015 300 5076 R
319 5014 485 5076 Dummodo
505 5034 559 5096 per
577 5015 718 5093 integram
745 5011 932 5092 quadragesi·

971 1844 999 1902 in
1019 1844 1153 1903 eeclesia
1171 1849 1296 1903 utantur.

1049 1935 1177 2006 erarrdo
1197 1935 1328 2013 Balgari,
1350 1937 1507 2009 Polowezi,
1534 1950 1565 2002 et
1586 1944 1679 2005 Caudi
1707 1949 1775 2028 bap

971 2027 1100 2088 tisandi‘l
1119 2028 1159 2088 R
1181 2029 1215 2088 Si
1227 2030 1419 2108 quadraginta
1432 2032 1539 2093 diebus
1552 2043 1621 2095 arete
1628 2040 1776 2121 jejunent,

973 2126 1003 2181 et
1028 2123 1177 2182 orationes
1202 2123 1330 2184 mundae
1354 2144 1447 2204 super
1472 2127 1540 2186 illos
1560 2129 1710 2192 dicantur:
1748 2114 1776 2195 di

972 2235 1042 2274 vero
1062 2215 1172 2275 Slavus
1193 2213 1289 2284 luerit,
1309 2221 1376 2276 oeta
1396 2223 1508 2278 tautum
1529 2220 1637 2282 dicbus
1647 2226 1778 2307 jeinael.
1837 2222 1844 2233 ’

972 2306 1136 2387 Baptisaas
1155 2313 1253 2368 autem
1273 2329 1406 2388 puerum,
1425 2313 1559 2374 manicas
1575 2315 1777 2378 beaesnecin·

973 2406 1031 2478 gat,
1053 2422 1090 2461 ne
1101 2401 1171 2461 dum
1182 2401 1326 2479 immergit
1341 2423 1473 2482 puerum,
1488 2406 1526 2466 dc
1539 2407 1654 2468 lavacro
1665 2409 1775 2491 baptis·

973 2495 1061 2554 matis
1082 2496 1110 2554 ia
1131 2501 1217 2554 reste
1235 2494 1345 2573 aliquid
1366 2505 1525 2562 remaneat.
1545 2500 1777 2583 Pnerperaquo-

974 2608 1033 2667 quo
1052 2607 1071 2646 a
1091 2592 1175 2668 partu
1195 2588 1389 2667 quadraginta
1408 2590 1530 2662 diebus,
1549 2595 1691 2673 templum
1718 2618 1775 2658 raon

974 2679 1163 2760 ingrediatur.

1054 2772 1102 2832 Aa
1122 2772 1228 2833 mulier
1246 2779 1316 2855 post
1335 2781 1495 2850 menstrua,
1514 2783 1777 2844 communicanda?

975 2865 1015 2927 R.
1036 2864 1103 2926 Non
1120 2866 1359 2937 communicetur,
1380 2870 1437 2928 nisi
1456 2873 1540 2951 prius
1559 2874 1599 2933 sit
1617 2875 1685 2938 lota

1051 2974 1101 3034 Aa
1122 2973 1209 3036 liccat
1229 2977 1341 3055 ingredi
1367 2977 1565 3040 babitaculum
1596 2991 1778 3064 puerperael

975 3066 1016 3130 R.
1038 3069 1070 3128 la
1091 3067 1188 3128 locam
1209 3069 1260 3128 nbi
1281 3070 1385 3130 mulier
1403 3074 1524 3151 peperit,
1546 3094 1632 3135 acmo
1652 3082 1721 3137 ante
1731 3080 1778 3138 tri·

977 3159 1065 3220 duum
1092 3160 1281 3239 ingradiatur.
1329 3161 1587 3233 Quemadmodum
1617 3169 1695 3228 enim
1720 3171 1779 3232 alia

977 3252 1120 3312 immundi
1139 3275 1222 3324 vasa,
1248 3252 1403 3332 diligenter
1430 3258 1569 3321 lavanda:
1599 3262 1640 3321 ita
1668 3261 1778 3325 lnbm-
1859 3307 1864 3318 ·

978 3348 1087 3407 docem
1107 3346 1184 3406 illam
1198 3348 1379 3409 orationibus
1391 3370 1463 3410 esse
1476 3354 1559 3433 prins
1571 3353 1779 3416 mundandam.

1054 3439 1105 3498 Aa
1130 3445 1199 3519 post
1223 3460 1362 3501 ceccaum
1396 3443 1471 3503 solis
1496 3445 1719 3526 sepelienduml
1740 3447 1780 3510 R.

980 3528 1102 3590 Occasu
1117 3533 1178 3614 jam
1206 3532 1287 3604 sole,
1320 3555 1407 3594 nemo
1426 3536 1602 3616 sepeliatur:
1630 3545 1678 3598 est
1702 3540 1779 3598 enim

979 3623 1055 3684 baec
1074 3630 1252 3685 mortuoram
1263 3645 1381 3698 cruorra,
1402 3626 1503 3688 uidero
1518 3630 1613 3689 solem
1624 3636 1781 3707 antequam

979 3717 1170 3798 sepeliantur.
1197 3719 1355 3779 Plurimum
1373 3726 1473 3780 eutem
1493 3728 1628 3789 meretur,
1648 3723 1697 3800 qui
1710 3742 1783 3783 ossa

980 3817 1156 3872 monueram
1177 3817 1208 3870 at
1226 3813 1371 3889 imagines
1391 3812 1530 3889 antiquas
1549 3812 1657 3876 condit.

1056 3905 1106 3964 Aa
1125 3905 1214 3964 liceat
1225 3905 1337 3972 marito,
1356 3902 1436 3962 cirea
1455 3901 1564 3964 testam
1576 3903 1716 3968 Pascbac
1734 3930 1783 3969 aa·

982 4016 1062 4056 meru
1080 3995 1320 4056 Eucharistiaml
1340 3993 1380 4057 R.
1402 3993 1436 4055 Si
1456 4015 1521 4057 eum
1543 4017 1637 4059 uxore
1649 4022 1703 4081 per
1715 4022 1784 4081 qne·

981 4088 1178 4166 dragesimam
1198 4106 1256 4146 aon
1277 4087 1477 4148 eonurbnerit.
1519 4092 1600 4161 item,
1621 4095 1670 4174 qui
1692 4094 1785 4154 denti-

983 4181 1041 4240 bus
1060 4179 1109 4240 dic
1129 4177 1269 4240 Pasebae
1289 4201 1377 4241 orum
1397 4183 1534 4260 attigerit,
1553 4190 1605 4245 aut
1633 4207 1673 4246 ex
1698 4189 1785 4266 enjus

984 4274 1100 4352 gingiva
1120 4274 1244 4352 sangnis
1264 4276 1433 4344 manaverit,
1455 4276 1558 4338 eaden
1584 4277 1633 4338 die
1657 4298 1677 4339 a
1706 4296 1785 4337 eom·

984 4369 1122 4427 munione
1141 4367 1299 4428 abstineat.

1061 4460 1110 4520 Aa
1130 4459 1219 4520 liceat
1236 4461 1351 4531 marito,
1370 4463 1505 4543 proxima
1524 4460 1787 4541 postcommunio·

987 4575 1055 4615 nem
1076 4559 1164 4614 noeto
1185 4573 1252 4613 earn
1272 4575 1363 4615 uxore
1383 4555 1600 4614 concumberet
1625 4552 1664 4611 R.
1687 4552 1788 4625 Lieetr

985 4647 1093 4707 diebus
1112 4651 1210 4706 tamea
1233 4643 1377 4717 Veneris,
1403 4648 1537 4712 sabbati,
1564 4660 1594 4704 et
1620 4644 1790 4717 Dominieo,

988 4741 1015 4800 si
1041 4738 1193 4819 depravati
1223 4739 1332 4817 ingenii
1357 4739 1526 4816 conceperit
1558 4752 1789 4816 pnernmnxor,

989 4837 1129 4913 parentes
1147 4833 1328 4912 poeniteant
1359 4833 1394 4890 Si
1414 4835 1513 4888 antem
1524 4828 1640 4890 nobiles
1650 4835 1680 4889 et
1693 4832 1791 4911 magd

991 4923 1118 4984 nominis
1139 4923 1247 4984 tuerint
1270 4926 1425 5000 parentes,
1452 4921 1523 4982 dent
1548 4928 1647 4984 cartas
1670 4924 1792 5003 gnanus

991 5015 1149 5087 sacerdoti,
1168 5021 1201 5075 ut
1220 5031 1275 5094 pro
1294 5012 1340 5071 eis
1362 5020 1434 5074 oret.

122 5126 205 5171 ιιι
224 5127 292 5169 cum
312 5113 405 5188 nupta
424 5106 557 5177 Mus
575 5112 627 5168 aut
647 5106 731 5167 bruto
753 5104 933 5169 uoumiflit.
1067 5105 1103 5166 Si
1124 5105 1199 5165 loric
1220 5105 1347 5166 lacerata
1366 5127 1507 5190 papyrus,
1527 5130 1604 5188 qnae
1619 5109 1731 5188 aliquid
1745 5130 1791 5172 aa.

1455 5221 1472 5277 2
