3742 5626
144 176 199 239 lii
674 180 912 247 assultuum
937 183 1265 251 dispensentur!

139 345 203 423 jana
230 343 435 424 suscepisset,
461 342 491 403 id
525 352 585 405 tuna
617 353 823 409 conmutaret.
868 348 945 407 llnss
1005 350 1082 410 lnter
1106 349 1237 431 pedituss
1263 351 1405 415 ductores
1436 353 1598 414 secundun
1631 356 1812 417 t‘oececiu·

141 441 216 503 lraec
235 449 385 521 germrtur,
405 436 560 517 pulvisque
578 458 616 497 ac
635 446 799 519 apparatus
818 439 946 501 bellicus
1002 446 1181 525 praecipuae
1201 443 1281 527 apud
1301 446 1415 507 llncenr
1441 447 1629 507 auctoritatis
1654 469 1722 509 cunr
1742 469 1811 532 sep-

140 542 341 617 exspectstnr,
354 529 622 595 cuniculisinterisr
630 530 944 594 marritioneslrostiun
1002 540 1062 595 tens
1089 536 1219 597 r'nillibus
1242 538 1382 600 subsidio
1407 537 1546 599 obsessis
1574 541 1674 601 sarrire
1700 540 1740 602 ab
1763 564 1811 606 ex·

140 637 257 691 tentare
276 625 397 707 placuit.
438 621 730 685 Biniel‘olonorum
742 624 944 687 mursitonibus
1001 626 1416 706 ploratoribustrusseiabntnr.
1429 629 1810 717 ltaqueZansoscins,quod

140 742 248 783 versus
266 720 381 780 lessam
402 715 576 790 institutis
597 736 671 797 rupe
690 714 765 777 durs
786 724 876 798 atque
895 737 942 777 as·
1000 730 1152 783 vereretur
1177 744 1215 783 ne
1240 724 1405 804 superioris
1424 722 1553 785 subsidii
1574 745 1648 787 casn
1668 724 1748 787 lasne
1769 728 1809 791 ab

138 834 211 895 pera
235 810 353 891 excepti
372 805 496 890 perduci
515 829 575 869 non
599 818 768 890 potuerunt.
809 808 943 888 llungari
1000 811 1138 875 hostibus
1157 817 1288 893 cognito,
1308 815 1368 877 alio
1387 816 1445 879 iter
1463 826 1640 891 averterent,
1659 826 1756 881 totuss
1768 822 1809 881 lo·

138 928 192 989 per
211 924 356 966 summurn
375 901 472 963 solum
484 900 568 961 lassa
581 899 681 977 ducta,
701 899 865 983 cadensque
879 922 941 963 cra·
998 925 1065 965 cuns
1077 926 1153 975 erasi,
1173 908 1224 990 qui
1244 930 1262 968 s
1281 908 1390 969 castris
1402 910 1608 971 Sviatolroram
1620 932 1718 993 usque
1729 913 1806 977 ultra

136 1000 217 1062 tibas
237 999 357 1068 intecta,
377 1016 467 1057 unurn
488 1014 525 1055 co
545 992 635 1055 modo
661 992 869 1077 perduxerant.
909 996 941 1055 ls
999 1006 1068 1059 octo
1087 998 1181 1062 millia
1201 1001 1335 1081 qiaoebat,
1355 1002 1489 1064 excubiis
1508 1003 1666 1085 conplecti
1688 1010 1804 1070 statuit.

134 1112 202 1153 cum
227 1092 321 1153 latere
345 1088 451 1151 bostes
476 1106 535 1148 non
561 1096 681 1168 posset,
714 1088 765 1169 qui
790 1096 824 1149 nt
841 1088 940 1151 srinus
997 1090 1094 1153 Erant
1111 1093 1254 1156 militares
1274 1104 1343 1157 arne
1365 1094 1422 1156 bac
1442 1096 1584 1159 excubiae
1604 1118 1622 1159 a
1642 1100 1804 1163 castrisad

134 1206 201 1247 cun
221 1182 379 1257 vidissent,
397 1201 434 1243 ex
453 1200 491 1241 eo
510 1182 578 1261 ipso
598 1187 709 1257 umeri,
729 1178 809 1261 qrrud
828 1179 868 1241 sb
888 1202 939 1262 op·
998 1180 1104 1245 dunen
1123 1185 1311 1251 l'lescosiam
1339 1208 1435 1269 usque
1460 1192 1594 1271 positae:
1614 1190 1654 1252 ab
1675 1214 1713 1255 eo
1734 1214 1805 1255 vero

135 1281 316 1363 pugnatione
335 1284 395 1337 tasr
415 1272 468 1335 diu
478 1282 656 1346 cessaretur,
677 1276 879 1355 conjecturam
899 1271 939 1335 de
996 1272 1036 1336 ad
1049 1278 1311 1343 Sviatoborensess
1330 1284 1418 1353 siam,
1438 1280 1517 1363 quod
1537 1286 1694 1345 niaximum
1713 1286 1803 1348 inter-

134 1373 262 1436 eonsilio
281 1377 447 1431 nostrorum
467 1365 643 1447 capiebant,
663 1367 752 1429 alium
772 1365 937 1429 secundum

134 1469 304 1529 rsrsisersum
324 1461 354 1524 id
375 1461 454 1523 latns
476 1463 504 1520 iu
519 1458 743 1539 longitudines,
763 1483 799 1522 ex
812 1480 872 1541 qno
886 1482 936 1521 no·
994 1468 1044 1523 tus
1064 1464 1183 1525 niarium
1203 1462 1426 1545 slelatigaretnr.
1473 1466 1613 1530 laitbuani
1642 1470 1801 1533 unlusstarii

132 1570 213 1623 atros
224 1557 342 1619 observa
353 1562 428 1627 rent,
447 1560 586 1631 egerant:
606 1574 644 1615 ac
661 1567 722 1615 tum
732 1574 799 1615 eust
815 1553 936 1636 pulvere
993 1554 1070 1617 ultro
1081 1576 1146 1617 earn
1159 1554 1200 1619 ad
1210 1578 1272 1618 reru
1285 1578 1406 1639 operam
1421 1580 1507 1621 suasi
1518 1559 1598 1641 Regi
1608 1559 1798 1625 deferebant.

131 1654 270 1734 subjecto
283 1646 520 1729 intercipiebant.
546 1644 658 1709 lisdem
671 1646 935 1737 temporibnssnb·
993 1646 1162 1709 Cbostosus
1188 1670 1255 1711 cum
1281 1648 1333 1725 diu
1359 1653 1389 1713 in
1415 1652 1513 1715 insula
1538 1652 1665 1735 quadam
1685 1656 1801 1719 l‘elbae

996 1369 1103 1431 vallum
1123 1380 1218 1449 esset,
1240 1394 1278 1433 ne
1298 1373 1383 1434 ssiles
1404 1377 1433 1435 in
1447 1383 1492 1436 tot
1514 1375 1657 1438 excubias
1677 1374 1802 1440 distrac-

131 1744 209 1809 sidis
231 1767 249 1806 e
268 1742 424 1805 blesensia
450 1760 504 1821 per
532 1737 669 1801 Udocam
695 1738 833 1801 obsessis
858 1741 934 1802 mitti
993 1739 1076 1801 lacus
1102 1741 1269 1819 haesisset,
1294 1764 1331 1805 ac
1357 1741 1395 1805 de
1421 1747 1512 1827 priori
1536 1746 1690 1824 subsidio,
1719 1750 1799 1833 qnod

129 1840 281 1920 cogssitum
305 1835 380 1907 luit3
409 1854 487 1914 quae
512 1854 578 1893 cusu
604 1854 658 1914 per
676 1833 799 1895 l'elbam
826 1833 934 1911 lacum,
992 1832 1117 1895 navibus
1139 1832 1311 1912 advenerat,
1331 1838 1497 1919 intercepto
1523 1840 1741 1919 intellexisset,
1769 1846 1797 1905 iu

131 1954 168 1995 sc
189 1930 325 1993 Velicass
345 1926 453 1987 flumen
474 1924 603 1987 travibus
620 1925 932 1989 venturaZarsoscins
990 1934 1097 1988 terram
1124 1931 1256 1991 exercitu
1280 1932 1433 2011 exposito,
1459 1940 1608 2013 noctuque
1634 1932 1723 1997 devio
1744 1958 1798 2019 par

128 2024 338 2097 intellexisset,
356 2020 482 2103 primunr
502 2018 629 2081 suavibus
649 2019 764 2101 aliquot
783 2020 932 2101 conquisi-
989 2018 1084 2081 silvas
1103 2017 1144 2082 ad
1163 2021 1316 2083 sinistram
1340 2022 1446 2085 itinere
1475 2034 1580 2108 capto,
1607 2026 1796 2091 l'lescoeian

125 2122 176 2193 tis,
196 2117 354 2179 continuas
372 2112 498 2174 arbores
518 2112 622 2173 cuneis
634 2112 741 2175 ferreis
754 2112 783 2173 in
794 2112 931 2191 singulas
988 2112 1165 2188 cosstenrlit3
1183 2122 1274 2175 noctu
1295 2117 1391 2196 major
1410 2119 1534 2180 rnilitum
1553 2140 1626 2202 pars
1644 2118 1738 2184 dilabi
1757 2122 1795 2183 ,h

126 2213 278 2295 inpactis,
304 2228 358 2290 per
382 2227 496 2287 cnsqne
521 2209 637 2267 catenis
670 2208 872 2281 uarssmissis,
893 2226 930 2267 en

126 2326 186 2385 qux
211 2302 318 2365 dunen
344 2308 409 2361 erat
433 2297 590 2359 latitudine
616 2302 783 2361 connectitz
814 2299 929 2361 aliasa

126 2396 272 2479 superiori
297 2402 382 2475 quarte
407 2391 552 2466 llumirris,
582 2411 641 2471 qus
666 2400 810 2453 venturus
832 2392 927 2453 brastis

124 2498 198 2563 erat,
217 2484 381 2549 seecundu-
400 2482 558 2547 adversans
580 2487 672 2565 ripsrn
683 2485 802 2563 alligat:
823 2488 875 2554 ita,
895 2494 928 2547 ut

123 2606 190 2647 αιιιι
209 2580 340 2643 nostias
365 2598 457 2639 suaves
486 2580 692 2650 transiissent,
721 2576 841 2639 stratibus
875 2576 926 2640 ad·

122 2676 233 2739 ductae
252 2692 421 2753 regressus
442 2670 482 2731 ab
502 2692 538 2731 ea
549 2671 723 2753 partebosti
736 2669 926 2733 clauderent:

121 2772 198 2833 alias
217 2768 257 2831 ab
277 2764 409 2830 interiori
430 2772 516 2845 parte
536 2785 641 2827 sersus
662 2764 765 2827 urbem
786 2768 829 2827 ita
849 2764 924 2847 oin·

120 2866 170 2937 eit,
190 2872 225 2925 ut
242 2882 310 2923 cun
329 2880 396 2921 euru
409 2857 548 2919 inlocum
563 2862 780 2940 pervenissent,
800 2861 922 2921 irretitis

119 2959 257 3037 utriusque
277 2952 415 3024 navibus,
434 2951 543 3012 nullam
577 2952 606 3011 in
639 2962 752 3033 partein
784 2952 922 3031 effugium

118 3058 244 3134 pateret.
277 3046 312 3109 ln
323 3064 427 3119 nat'es,
438 3065 514 3124 quas
525 3052 724 3119 corruaxcrat,
744 3046 922 3119 Garutianus,

117 3144 168 3225 qui
191 3160 293 3203 earum
318 3134 618 3199 administrandarum
642 3138 800 3218 peritiores
820 3136 921 3199 crede·

115 3238 233 3311 bantur,
252 3232 393 3313 inponit:
413 3230 579 3291 Universae
591 3232 634 3291 rei
649 3229 824 3291 l'roreciuxr
837 3253 922 3313 prae·

115 3330 191 3393 licit:
211 3348 278 3389 ensa
298 3345 394 3405 eoque
414 3320 578 3385 secuudum
599 3330 751 3403 utramque
765 3326 859 3405 ripam
872 3346 919 3387 ex·

114 3422 247 3505 peditans
276 3416 407 3499 peditem
432 3414 576 3496 disponit.
622 3413 816 3479 Advenerant
842 3438 919 3479 cors·

113 3512 232 3577 aeduin
262 3509 320 3572 sub
352 3507 382 3569 id
412 3517 531 3589 ternpus
563 3506 706 3568 Albertus
736 3508 920 3592 Resajscins

113 3606 304 3670 ttastellanas
323 3601 540 3665 Varsariensis
570 3621 636 3663 cum
663 3608 780 3663 ceratum
800 3606 919 3667 circiter

112 3710 143 3764 ct
163 3697 394 3782 quinquaginta:
416 3694 593 3776 Stephanus
612 3694 748 3757 Bilavius
768 3717 834 3757 curm
848 3718 916 3779 sep·

110 3798 253 3873 lingentis
272 3789 438 3871 equitibus:
457 3788 605 3851 Nicotaus
620 3787 749 3851 Corffirrs
762 3799 794 3852 et
804 3790 916 3853 Vilbel·

109 3908 173 3949 sus
194 3887 331 3948 l’lsterns
351 3904 418 3945 cum
437 3881 602 3945 Livonibus
621 3882 734 3963 aliquot
753 3884 914 3964 equitibus.

107 3984 171 4045 lius
191 4002 258 4043 cu·
269 3988 352 4041 extra
373 3984 475 4039 castra
493 3973 592 4037 adbuc
610 3984 810 4053 versarentur,
829 3979 914 4041 Stia·

108 4076 242 4137 toborasr
262 4092 369 4133 versus
389 4066 556 4139 considere,
576 4090 614 4131 ac
626 4089 684 4149 qno
704 4074 828 4131 tutiores
843 4092 912 4132 eon·

107 4180 151 4229 tra
179 4167 304 4227 hostiles
335 4166 523 4225 incursiones
548 4171 669 4237 essesut,
701 4160 785 4225 losse
811 4174 912 4227 castra

105 4260 284 4321 conmunire
301 4257 399 4338 jubet.
439 4255 552 4317 llostes
572 4254 698 4315 nauibus
711 4256 810 4319 silenti
822 4268 911 4321 rroete

105 4354 274 4435 progressi,
301 4370 368 4411 cusu
396 4350 426 4409 in
446 4346 590 4423 insidias,
615 4369 653 4409 ac
676 4358 796 4411 suestras
816 4372 910 4414 tusses

103 4446 290 4519 incidissent,
309 4464 347 4504 ac
365 4464 404 4503 ne
423 4442 546 4523 prinum
566 4438 685 4521 quidern
706 4445 844 4524 impetun
858 4466 909 4507 no·

102 4551 230 4605 strnrurn
252 4538 329 4600 terre
350 4538 530 4618 potuissent,
550 4555 617 4595 raox
637 4534 667 4594 in
685 4538 780 4615 ripars
799 4556 834 4599 sa
856 4541 908 4619 θῇ.

102 4639 196 4697 ciunt:
217 4632 259 4694 ibi
280 4638 351 4693 ante
372 4631 468 4690 luceas
487 4626 627 4707 palantes
647 4632 776 4710 excepti,
796 4628 905 4692 ducen-

100 4730 182 4811 tique
201 4728 322 4787 circiter
340 4720 475 4803 Bejarici
495 4724 615 4799 generis
636 4724 733 4801 capti,
752 4741 790 4783 ae
807 4722 838 4783 in
858 4745 906 4787 cs.

989 2224 1025 2265 co
1050 2210 1165 2289 coepit,
1190 2215 1224 2269 ut
1243 2228 1280 2269 ex
1299 2216 1415 2290 septena
1441 2211 1574 2273 suillibus
1599 2214 1648 2275 six
1669 2220 1794 2277 trecenti

987 2318 1081 2378 penes
1109 2321 1174 2361 cum
1205 2310 1372 2363 malcerent:
1399 2302 1465 2385 ipse
1484 2312 1519 2365 ut
1536 2302 1727 2387 diffugientes
1748 2310 1793 2370 sel

986 2392 1016 2451 ri
1042 2396 1223 2465 contineret,
1250 2404 1410 2457 extremum
1430 2418 1538 2475 agmen
1558 2398 1697 2479 cogebat.
1739 2404 1792 2463 lta-

986 2504 1129 2565 quecun
1149 2487 1335 2569 superiorum
1355 2490 1485 2551 noctium
1506 2490 1641 2553 excubiis
1651 2493 1794 2555 Litbuani

985 2576 1118 2657 fatigati,
1143 2579 1232 2641 simul
1260 2579 1341 2662 qnod
1365 2584 1479 2643 interea
1492 2586 1638 2663 temporis
1658 2584 1792 2647 srosrdnnr

985 2670 1083 2733 bostis
1103 2672 1248 2746 venisset,
1268 2670 1307 2735 de
1324 2671 1475 2755 diligentia
1487 2674 1681 2749 remisissent,
1700 2697 1790 2757 prae·

983 2771 1086 2847 terque
1105 2785 1216 2827 norem
1235 2766 1422 2829 excubiarum
1440 2768 1519 2829 aeris
1539 2766 1657 2849 injuriis
1682 2774 1787 2831 coacti

982 2859 1069 2937 ignes
1088 2861 1283 2934 excitassent,
1300 2858 1409 2923 Daniel
1427 2858 1596 2933 laleneuus,
1612 2860 1665 2943 qui
1684 2860 1717 2920 in
1730 2862 1786 2943 pri.

981 2971 1029 3011 nro
1040 2952 1157 3031 agmine
1170 2951 1338 3028 incedebat,
1359 2974 1427 3015 cusi
1439 2954 1487 3029 iis,
1506 2972 1583 3035 quae
1598 2966 1788 3035 supererant,

981 3046 1093 3125 copiis,
1119 3048 1239 3109 evitatis
1263 3046 1339 3108 locis
1366 3047 1421 3124 iis,
1440 3048 1471 3109 in
1490 3047 1598 3129 quibus
1619 3048 1707 3127 ignes
1726 3070 1786 3109 eer-

980 3136 1136 3215 uebantur,
1156 3140 1187 3199 in
1207 3139 1310 3201 urbest
1330 3140 1437 3201 evasit.
1483 3140 1665 3211 Cbostouus,
1683 3144 1734 3221 qui
1754 3144 1784 3201 in

980 3238 1111 3292 extremo
1137 3233 1272 3311 agmine,
1296 3242 1329 3295 ut
1347 3230 1458 3295 dictust
1478 3241 1538 3309 est,
1557 3242 1631 3307 erat,
1651 3253 1686 3295 ac
1699 3254 1781 3314 prae·

978 3330 1114 3404 terqnam
1132 3321 1213 3405 quod
1226 3326 1319 3387 totius
1342 3328 1440 3389 uectis
1453 3328 1580 3389 maxime
1599 3330 1630 3387 iu
1649 3324 1784 3387 sistenda

982 3414 1051 3495 luga
1063 3436 1185 3477 suorum
1192 3416 1295 3479 labore
1308 3417 1544 3491 conlectuserat,
1557 3421 1784 3501 corporisinsu·

976 3529 1031 3589 per
1043 3508 1119 3571 mole
1134 3508 1222 3571 lroruo
1234 3532 1358 3593 procera
1369 3520 1481 3575 statuta
1492 3511 1676 3589 tardabatur,
1690 3534 1785 3575 cusae

976 3602 1062 3665 silvis
1091 3622 1246 3683 egressum
1273 3604 1322 3667 lux
1349 3607 1564 3686 oppressisset,
1596 3605 1700 3667 berbis
1730 3628 1784 3689 per

974 3694 1088 3777 aliquot
1108 3696 1197 3758 boras
1228 3701 1338 3759 ceteris
1370 3696 1498 3779 dilapsis
1517 3719 1554 3760 se
1573 3701 1663 3760 texit:
1683 3700 1783 3782 ibique

974 3787 1012 3849 ab
1033 3789 1183 3870 equitibus
1203 3787 1344 3852 Andreae
1383 3790 1558 3855 Visnnrecii
1579 3790 1711 3853 Palatini
1723 3792 1781 3853 l'o·

972 3881 1120 3956 liniensis,
1132 3885 1254 3964 quitum
1266 3885 1334 3964 ejus
1345 3881 1405 3945 dici
1418 3882 1561 3947 excubias
1575 3885 1780 3967 excipiebant,

971 3983 1157 4057 repertusac
1169 3972 1335 4055 sdliegem
1355 3975 1503 4039 adductus
1522 3977 1589 4041 tuit.
1630 3980 1693 4055 Qui
1714 4000 1779 4041 eum

970 4065 1180 4142 deseruerant,
1206 4074 1314 4151 partim
1340 4072 1437 4140 caesi,
1464 4072 1571 4152 partiar
1599 4090 1709 4151 aragne
1729 4092 1779 4133 nu·

969 4183 1050 4223 rnero
1073 4164 1153 4245 capti
1174 4161 1302 4225 luerunt.
1342 4163 1468 4244 Aliquot
1478 4162 1585 4224 diebus
1595 4174 1669 4245 post
1682 4164 1778 4227 'ibeo-

968 4253 1061 4317 dorus
1080 4254 1307 4339 bliasojedorus
1333 4252 1435 4317 itidem
1457 4277 1524 4317 cum
1544 4258 1642 4339 copiis
1662 4258 1777 4341 aliquot

967 4347 1104 4411 subsidio
1131 4348 1269 4411 obsessis
1296 4352 1408 4410 missus
1434 4348 1497 4411 luit.
1541 4350 1599 4413 llic
1626 4372 1696 4413 cum
1712 4354 1777 4433 jam

967 4442 1029 4503 lere
1057 4442 1198 4505 excubias
1223 4442 1419 4507 Litbnartieas
1438 4444 1662 4525 praeteriisset,
1684 4454 1777 4508 extre·

966 4555 1044 4595 murs
1057 4556 1164 4615 agmen
1175 4558 1194 4597 s
1206 4535 1349 4598 Gabriele
1361 4536 1540 4599 Caercassio
1553 4535 1775 4620 deprebensa·

965 4628 1036 4690 luitz
1065 4632 1116 4711 qui
1143 4650 1209 4690 cum
1236 4631 1376 4711 impetum
1404 4632 1434 4691 in
1455 4629 1485 4691 id
1508 4630 1643 4706 lecisset,
1665 4640 1699 4693 et
1718 4632 1775 4693 cla-

965 4742 1047 4784 more
1065 4722 1186 4785 sublato
1207 4722 1344 4785 Bilasius
1356 4744 1474 4805 quoqne
1494 4745 1560 4785 cus
1582 4728 1651 4785 suis
1672 4746 1776 4787 accur·

99 4830 163 4882 stra
188 4817 311 4881 adducti
330 4817 458 4879 luerunt.
511 4812 600 4876 llaud
621 4814 712 4875 inulto
733 4822 804 4895 post
822 4816 903 4879 aliud
964 4816 1066 4893 riseet,
1085 4824 1203 4879 mutnus
1224 4818 1344 4879 circiter
1363 4828 1394 4879 ct
1414 4819 1626 4899 quinquaginta
1647 4818 1777 4891 concisi,

100 4936 120 4974 a
145 4910 385 4992 lierpatensibns
411 4904 580 4970 subsidium
605 4906 743 4969 obsessis
769 4912 902 4973 saittittss.
963 4906 1000 4970 ad
1022 4912 1177 4989 sexaginta
1198 4911 1280 4993 capti
1299 4910 1432 4972 luerunt:
1464 4914 1557 4973 ceteri
1589 4908 1631 4972 ad
1657 4920 1776 4975 trecen

98 5006 211 5067 Verus
237 5002 278 5075 id,
298 5025 363 5064 eura
384 5001 633 5085 appropinquanti
655 5001 797 5064 maturius
818 5006 903 5067 nites
962 5010 1010 5063 tos
1037 5022 1104 5063 cnm
1129 5002 1338 5085 bliasojedovo
1370 5008 1400 5065 in
1431 5004 1533 5066 urbem
1564 5014 1775 5086 penetrarunt.

96 5121 132 5161 se
152 5092 346 5169 ostendisset,
366 5095 504 5158 celeriter
522 5114 558 5155 se
577 5096 700 5174 recepit
740 5096 904 5178 Aliquanto
962 5094 1043 5157 llum
1068 5094 1107 5157 ad
1133 5097 1320 5159 l’lescoiiarn
1347 5096 1423 5157 baec
1448 5104 1605 5173 geruntur,
1639 5096 1778 5161 Sueciae

97 5188 207 5255 dsisde
225 5198 358 5269 tempora
379 5190 536 5265 interjecto
563 5184 708 5251 Nicotaus
730 5186 903 5252 Cbostosus
962 5191 1080 5251 interim
1107 5188 1174 5251 ltex
1201 5192 1231 5250 in
1258 5189 1356 5251 aliena
1377 5191 1501 5253 victoria
1521 5210 1608 5255 susm
1629 5192 1777 5271 praedant
