3742 5626
856 950 913 1037 le
943 950 993 1038 S.

89 1343 189 1459 De
210 1397 302 1479 hujus
313 1396 381 1459 iibri
394 1358 514 1461 'ratione
534 1419 572 1463 sc
591 1399 717 1462 consilio
732 1397 901 1480 praefatum
921 1398 991 1459 mihi
1004 1399 1129 1459 maxime
1147 1418 1292 1481 exponam
1304 1420 1430 1462 necesse
1442 1398 1745 1483 essevidetnr,‚c1uid

91 1561 139 1632 sit,
159 1557 240 1643 qnod
257 1557 298 1622 sd
318 1559 396 1621 huuc
415 1559 519 1621 iihrunu
539 1556 685 1621 edendum
706 1562 834 1621 animum
853 1578 949 1620 meum
971 1557 1127 1642 impulerit,
1147 1569 1178 1623 et
1196 1558 1268 1642 qnid
1286 1582 1323 1623 eo
1336 1558 1454 1623 sihcere
1472 1560 1625 1623 voluerim.
1665 1559 1748 1623 inter

89 1742 142 1784 eas
161 1721 264 1785 literas
284 1719 503 1804 doctrinasque,
523 1742 599 1806 quae
611 1725 641 1783 iu
661 1726 756 1805 patria
775 1730 878 1783 nostru
897 1719 1065 1784 Rutheniea
1086 1723 1198 1804 optimu
1224 1721 1321 1784 fructu
1341 1702 1478 1785 coluntur
1496 1728 1529 1784 et
1545 1720 1677 1796 aluntur,
1701 1722 1744 1785 hi·

88 1889 199 1948 sturiae
219 1889 334 1969 patriae
352 1882 483 1946 studium
494 1881 573 1946 haud
586 1881 766 1945 mediocrem
777 1892 858 1945 certe
871 1881 986 1944 ohtinet
997 1881 1103 1944 iocum.
1142 1882 1249 1965 Neque
1265 1885 1342 1945 enim
1355 1881 1452 1945 soiunu
1461 1886 1515 1946 viri
1526 1880 1692 1946 doctissimi
1712 1894 1744 1947 et

87 2046 279 2110 eruditissimi
299 2046 626 2130 huicquampiurimam
640 2053 888 2129 operamnavant,
903 2047 1105 2107 verumetiam
1123 2042 1413 2108 mensuetus
1434 2044 1743 2114 AUGUSTISSIMI

89 2213 182 2273 nostri
205 2213 324 2289 egregia
344 2219 375 2272 et
395 2229 464 2271 vere
484 2213 566 2290 regia
588 2207 786 2270 munificentia
806 2207 911 2270 fruitur
930 2206 1109 2289 gaudetque.
1130 2206 1236 2289 Neque
1261 2207 1293 2271 id
1310 2211 1424 2270 mirum.
1451 2208 1518 2270 Jarn
1537 2214 1616 2271 enirn
1636 2215 1741 2275 virium

88 2392 208 2435 suarum
232 2370 461 2453 maturumque.
489 2373 700 2435 conscientiam
725 2379 813 2432 nacta
839 2379 887 2432 est
912 2368 1041 2441 Rossia,
1073 2373 1159 2451 eique
1190 2372 1267 2432 inter
1296 2380 1414 2432 ceteras
1440 2370 1580 2455 Europae
1604 2376 1741 2439 civitates

86 2543 169 2597 tauta
188 2543 236 2598 est
253 2536 637 2617 auotoritasgrnvitasque,
655 2542 690 2595 ut
707 2553 744 2596 se
762 2536 828 2615 ipsa
849 2533 1006 2603 intueatur,
1024 2550 1133 2613 nmque
1151 2552 1224 2595 suas
1248 2536 1424 2615 praeteritas
1448 2552 1515 2595 cum
1533 2538 1741 2617 praesentibus

88 2706 246 2777 conparet,
266 2705 299 2757 ut
318 2693 387 2757 inde
406 2700 569 2779 {isnpiciat
594 2694 740 2778 quomodo
766 2700 829 2758 sint
850 2693 1001 2777 mendae
1026 2704 1057 2757 ct
1080 2692 1279 2757 moderandae
1304 2716 1354 2758 res
1378 2694 1503 2758 futurae.
1544 2694 1740 2775 Quemadmo·

87 2857 155 2918 dum
181 2861 258 2919 eninr
283 2858 392 2938 singuli
417 2858 568 2931 hominen,
596 2855 665 2919 dum
692 2862 722 2918 in
747 2861 874 2940 pueritia
892 2867 1062 2930 versamur,
1087 2855 1216 2919 nondum
1242 2855 1280 2919 de
1304 2878 1340 2921 se
1360 2857 1488 2941 satisque
1513 2863 1578 2921 suis
1599 2866 1740 2942 cogitant,

85 3020 182 3082 sicuhi
203 3039 275 3082 vero
294 3021 407 3083 viritem
425 3024 587 3100 attigerunt
606 3028 742 3093 aetatem,
761 3024 889 3083 omnium
908 3042 1013 3095 rerum,
1034 3040 1110 3099 uuae
1128 3020 1187 3082 sihi
1208 3020 1361 3102 hueusque
1380 3030 1549 3097 evenerunt,
1570 3028 1739 3088 menioriam

84 3204 204 3247 servare
224 3181 357 3257 student3
377 3188 424 3247 sic
444 3186 573 3247 civitatis
594 3185 737 3267 cujusque
757 3193 818 3246 tum
837 3182 953 3247 demum
973 3189 1105 3256 interest,
1125 3192 1159 3244 ut
1178 3184 1318 3245 historiae
1338 3203 1412 3245 suae
1432 3196 1620 3249 monumenta
1640 3198 1670 3250 et
1689 3186 1739 3255 ds·

85 3355 221 3409 tumenta
240 3355 445 3420 asserventur,
470 3366 537 3408 cum
558 3343 596 3409 ad
621 3345 804 3408 altitudinem
825 3344 971 3428 quandam
992 3348 1087 3410 elatus
1109 3354 1165 3408 est.
1205 3342 1240 3409 ld
1267 3343 1347 3428 qrrod
1374 3350 1501 3409 omniurn
1524 3346 1587 3409 iere
1608 3352 1739 3429 gentiu-

83 3512 217 3572 historiis
237 3509 433 3572 continuatur.
474 3506 577 3587 Quare
595 3506 626 3569 id
645 3508 779 3592 proiecto
799 3530 932 3573 summae
951 3506 1030 3573 isudi
1055 3506 1241 3571 tribuendum
1261 3518 1310 3570 est
1329 3507 1478 3570 historicis
1497 3513 1623 3582 nostris,
1648 3512 1737 3593 qued:

83 3675 188 3734 critica
207 3675 320 3733 ratione
340 3668 488 3745 adhibita,
510 3676 540 3733 in
560 3673 671 3743 omnia,
692 3692 885 3755 quaecunque
903 3680 1035 3745 exstant,
1059 3672 1201 3733 historiae
1221 3669 1407 3732 Rutaenioee
1433 3680 1620 3734 monumenta
1645 3675 1736 3756 inqui·

84 3844 158 3909 runt,
178 3831 317 3917 dispersa
338 3833 487 3914 coliigumt,
508 3833 684 3896 abscondita
703 3837 733 3895 in
754 3834 849 3897 iucem
868 3834 1029 3916 proferunt,
1048 3843 1166 3897 vetusta
1186 3840 1337 3893 renovant

232 4000 275 4061 st
294 4017 374 4070 vero,
394 4004 428 4058 ut
447 3995 578 4080 perfecta
599 3995 795 4078 omnibusque
814 4000 944 4059 numeris
964 3996 1101 4058 absoluta
1121 3994 1208 4055 nohis
1227 3993 1279 4057 hat
1298 3995 1440 4057 historiae
1459 4000 1574 4078 patriae
1595 4005 1735 4079 cognitio,

82 4157 498 4233 nonsntesseduri,sdhiheri
509 4180 563 4223 eos
578 4157 676 4221 iontos
690 4160 838 4242 soios,qui
851 4168 922 4222 sunt
932 4161 1116 4232 nostratium,
1126 4177 1227 4220 verum
1243 4161 1331 4221 etism
1344 4167 1461 4222 exteros
1475 4156 1513 4222 de
1524 4159 1616 4223 rehus
1626 4169 1737 4229 nostris

81 4331 217 4385 suctores
238 4344 308 4385 esse
327 4319 494 4385 audiendos
512 4319 779 4404 consulendosque.
820 4324 938 4385 Etenim
958 4342 1013 4384 nos
1034 4332 1152 4385 nostras
1172 4341 1222 4381 res
1242 4321 1328 4383 aliter
1347 4318 1512 4402 dijudicare
1537 4324 1669 4387 solemus
1694 4334 1736 4389 st·

79 4506 137 4567 que
155 4486 216 4560 aiii,
236 4494 296 4549 tum
317 4493 439 4568 propter
457 4484 716 4557 consuetudinem,
736 4506 811 4567 quae
831 4482 936 4558 etheit,
957 4491 991 4546 ut
1009 4482 1154 4567 quaedum
1173 4485 1277 4547 oculos
1297 4493 1416 4546 nostros
1438 4484 1566 4564 fugiant,
1591 4508 1667 4567 quae
1686 4489 1735 4553 aiii

73 4651 137 4731 jam
157 4653 252 4733 primo
272 4651 379 4712 intuitu
398 4649 581 4730 percipiunt,
607 4656 668 4709 tum
687 4651 756 4730 quia
777 4652 850 4730 ipsi,
877 4648 976 4711 studio
998 4650 1093 4730 cepti,
1118 4646 1156 4708 de
1182 4647 1272 4709 rebus
1299 4651 1409 4708 riustris
1430 4666 1487 4706 uon
1508 4667 1628 4729 semper
1647 4658 1733 4735 aequi

72 4810 194 4892 judiees
214 4814 364 4875 sedemus.
404 4808 546 4884 Accedit,
574 4808 654 4892 quod
676 4808 715 4873 de
736 4811 785 4874 iila
805 4814 979 4894 praesertim
1000 4815 1096 4891 egitur
1116 4818 1227 4882 aetate,
1255 4829 1312 4887 qua
1332 4809 1461 4887 majores
1487 4808 1604 4890 qrridcm
1631 4822 1734 4884 nostri,

74 4980 104 5038 in
124 4978 219 5041 iiteris
239 4976 411 5058 artibusque
430 4974 574 5048 rudiores,
595 4972 760 5038 eruditione
784 4996 842 5037 non
869 4978 946 5038 setis
966 4974 1067 5035 imbuti
1090 4980 1188 5042 eraut,
1213 4970 1280 5032 dum
1307 4972 1438 5054 retiquae
1457 4973 1596 5055 Europae
1623 4990 1729 5055 gentes
