3742 5626
453 205 460 215 '
550 204 679 271 vtuau
698 204 882 269 lomnes
901 201 1127 280 nasturcia,
1145 201 1273 269 ulum
1290 200 1331 265 ll.
1723 190 1779 251 ²21

104 382 198 448 ceeet,
217 376 374 433 inctructia
393 371 490 452 copiie
510 368 695 431 llarchionia
716 367 846 431 didone
865 370 907 428 in·
1041 364 1161 444 Quibua
1181 365 1220 427 de
1239 370 1341 427 cancie
1362 383 1429 425 cum
1449 362 1530 423 velut
1549 359 1711 442 desperata
1724 376 1773 417 ve·

104 464 193 537 vadit,
213 475 244 527 ct
262 468 424 525 resistente
444 466 574 535 nemine,
594 458 908 544 obvieqoaequediri-
965 461 1015 519 urie
1033 461 1148 520 animoa
1168 454 1399 537 desponderent,
1419 464 1451 518 et
1470 462 1630 537 propterea
1640 448 1773 511 obstina-

102 563 157 640 pit,
168 560 325 640 ipeumqne
335 558 504 637 Principem
517 555 728 617 Cuceohuriee
739 558 819 615 arcia
830 572 908 613 moe·
966 553 1027 612 tine
1045 549 1252 614 defensionem
1271 558 1420 633 pararent,
1439 548 1491 610 ubi
1510 568 1563 629 per
1583 543 1774 609 occasionem

103 651 191 713 nibus
219 658 350 712 tuentem
382 670 428 720 ee,
455 644 612 713 obsidione
641 651 743 727 cingit.
782 645 910 725 Jamque
968 654 1113 724 poterant,
1133 649 1264 727 optimos
1283 662 1418 724 quoeque
1451 645 1481 702 in
1511 643 1644 701 exercitu
1674 636 1773 715 Regia

105 766 141 806 ca
161 746 286 805 eummia
305 741 418 802 viribue
438 740 681 823 oppugnabatur,
702 760 799 821 oeque
820 736 911 799 dalra-
968 739 1109 819 precibus
1128 736 1350 809 sollicitabant3
1382 742 1416 797 ut
1435 734 1516 794 illine
1541 736 1672 794 animum
1690 749 1773 809 egra·

105 848 153 899 tur
173 836 310 898 olreeeeie
330 832 452 915 aliquod
476 834 690 909 laxamentum,
718 833 832 914 fuitque
859 851 910 912 op-
968 833 1018 911 gie
1038 828 1189 893 delinitum
1209 827 1250 892 ad
1269 848 1375 911 pacem
1392 825 1546 889 inflectere
1564 824 1684 886 vellent.
1713 820 1773 883 Pu·

104 932 248 1012 pugnatio
272 936 367 989 totum
396 924 549 989 octiduum
578 929 761 989 continrrata.
807 924 911 1006 lpaum
968 923 1053 987 tabat
1071 928 1150 986 enim
1160 921 1414 1001 Fumtenhergiua
1439 918 1512 981 nihil
1530 916 1643 979 homini
1661 914 1774 995 petenti

104 1030 204 1086 autem
225 1021 395 1103 praesulem
410 1040 470 1082 nec
488 1020 666 1101 maireium
693 1016 828 1089 obeidio,
853 1036 931 1095 uec,
968 1016 1098 1093 excelsa,
1117 1026 1148 1080 et
1167 1018 1343 1099 praesertim
1362 1018 1393 1077 in
1411 1017 1473 1077 ieta
1491 1011 1564 1074 hetti
1585 1008 1775 1071 fortunaver-

104 1118 252 1177 etationea
271 1113 406 1175 hortium
426 1116 573 1188 munitae,
598 1132 656 1173 nec
680 1128 810 1191 aggeree
832 1111 909 1170 cxci·
968 1112 1057 1180 nuti,
1077 1110 1127 1172 vel
1147 1129 1206 1171 nau
1221 1109 1338 1182 melino,
1355 1108 1404 1170 uel
1415 1104 1584 1189 expeditius
1593 1120 1674 1179 oeae,
1686 1116 1774 1181 quam

105 1210 172 1285 tati,
190 1228 248 1270 nec
268 1216 414 1269 tormenta
434 1204 599 1287 diepoeita,
626 1224 683 1267 nec
701 1207 785 1265 aciee
803 1205 911 1263 ioetru
969 1198 1086 1263 dualrua
1106 1205 1226 1265 omnino
1245 1202 1332 1265 eellia
1351 1199 1476 1277 redere,
1500 1202 1529 1261 ei
1555 1196 1670 1277 abeque
1690 1198 1773 1255 certo

106 1309 174 1364 ctae
192 1310 305 1363 terrere
324 1308 478 1381 poterant,
502 1299 561 1359 niei
580 1317 718 1359 annonae
737 1297 861 1378 peumia
880 1300 913 1354 et
969 1295 1102 1376 periculo
1127 1295 1192 1358 fieri
1215 1299 1325 1378 poerit.
1366 1293 1515 1373 Quoniam
1542 1288 1616 1351 nihil
1645 1304 1774 1367 uuquam

106 1394 183 1457 fanre
202 1392 242 1455 ad
262 1390 431 1455 faciendam
450 1388 633 1453 deditionem
652 1388 825 1470 compulsae
839 1386 910 1447 fuir·
968 1396 1078 1451 extoto
1091 1389 1256 1451 inalterum
1277 1389 1362 1450 aleae
1382 1394 1519 1450 eventum
1539 1383 1688 1465 rapientia
1706 1398 1773 1461 per·

105 1497 163 1549 eet.
205 1486 280 1549 Cum
300 1490 379 1547 enim
390 1504 481 1547 mane
502 1483 552 1545 ille
572 1491 692 1565 praeter
711 1483 909 1562 exepectatio·
968 1480 1131 1545 elitandum
1167 1502 1238 1545 eeae
1266 1480 1427 1544 videretur.
1468 1477 1603 1541 Tandem
1630 1472 1773 1537 (lucarie

105 1600 172 1642 nem
193 1577 370 1652 accidieeet,
398 1577 438 1639 ab
465 1575 605 1639 omnibue
629 1574 720 1637 mbae
744 1578 908 1654 imperatur
967 1572 1150 1637 Ferdiaandi
1170 1584 1203 1637 et
1218 1574 1338 1637 Daciae
1354 1574 1450 1654 Regia
1475 1572 1693 1635 intercessione
1714 1584 1774 1649 pax

106 1680 181 1748 erat,
200 1691 277 1753 quae
296 1678 369 1733 aunt
396 1666 436 1731 ad
462 1668 649 1732 obeidionem
677 1664 830 1729 ferendam
859 1684 909 1727 ne·
967 1669 1044 1749 ipeia
1062 1667 1102 1730 ad
1121 1667 1286 1731 Poevolum
1305 1666 1377 1731 data
1397 1674 1455 1738 eat,
1472 1668 1541 1727 ietia
1562 1661 1682 1745 quidem
1702 1680 1772 1723 con·

105 1768 275 1828 censariaer
304 1760 654 1845 praecidiumqueipeum
665 1759 910 1831 omtfameeitu.
967 1758 1141 1839 ditionibue,
1160 1770 1196 1825 ut
1211 1761 1369 1824 confertim
1389 1759 1556 1843 praesulem
1575 1756 1706 1817 riberum
1732 1752 1773 1815 fe·

104 1858 217 1931 labore,
236 1856 391 1939 pervigilio
412 1854 589 1925 confectum,
614 1854 787 1935 crebrisque
810 1853 909 1915 vidue·
968 1865 1079 1931 carent,
1099 1859 1186 1937 eique
1206 1856 1285 1917 bona
1303 1853 1465 1917 redderent
1489 1853 1604 1925 omnia,
1630 1847 1773 1927 militique

105 1950 190 2012 ribue
208 1948 391 2032 impeditum,
408 1967 506 2031 aeque
523 1945 602 2009 adeo
621 1949 714 2010 utrix
733 1955 818 2009 creet
829 1949 910 2028 quia·
968 1946 1084 2011 Polono
1102 1948 1263 2031 stipendiis
1281 1949 1391 2011 eolutie
1411 1946 1450 2009 alr
1469 1948 1560 2007 armie
1570 1937 1772 2004 discederent·

105 2064 202 2125 quam,
222 2047 271 2125 qui
290 2043 381 2105 telam
400 2042 519 2105 vilerarc
538 2048 653 2123 poeaet
695 2041 792 2122 Capto
809 2042 910 2120 itaque
967 2035 1773 2114 ltaLivonieneiumnovercantefortuua,maximapao·

104 2136 339 2219 Arclripraeeule
368 2137 494 2197 victoria
520 2154 617 2217 penca
645 2131 910 2211 Furetenlrergium
966 2124 1771 2217 vinciaeparecumClrrietoplrorollegalburgioinPo·

104 2228 170 2305 fuit,
199 2228 257 2303 aed
286 2248 346 2291 non
376 2225 537 2292 admodum
565 2225 628 2288 din.
666 2225 802 2289 llarclrio
831 2227 910 2287 enim
968 2227 1102 2291 lonorum
1111 2236 1291 2310 potestatem
1303 2231 1449 2310 pervenit.
1463 2224 1630 2290 Necmulto
1642 2226 1714 2304 poet
1729 2220 1772 2301 ip·

106 2322 273 2384 Guilelmus
295 2330 384 2385 autea
404 2321 550 2384 Potoniee
559 2319 677 2398 Regem
689 2317 726 2381 S.
737 2320 909 2398 Augustum
968 2318 1136 2385 eeOrdinia
1149 2320 1300 2401 Magister
1318 2320 1575 2401 Furatenlrergiuu
1592 2320 1624 2379 in
1635 2310 1772 2377 arceFe·

106 2434 161 2497 per
178 2412 296 2476 litterae
315 2411 517 2485 admonuerat,
533 2418 566 2474 ut
584 2410 723 2475 subsidia
736 2430 911 2474 eummece·
968 2412 1029 2475 lino
1049 2435 1069 2475 a
1087 2416 1163 2490 auio,
1182 2414 1290 2496 qnilrua
1308 2412 1461 2495 stipendia
1472 2412 1593 2475 solvere
1609 2429 1669 2473 non
1686 2413 1771 2489 pote·

105 2506 224 2569 lenitate
260 2514 456 2588 compararet
501 2505 537 2569 ln
572 2504 762 2569 Germaniam
792 2523 910 2585 quoque
967 2514 1024 2582 rat,
1042 2502 1192 2583 deeertue,
1214 2516 1245 2569 et
1263 2507 1408 2571 eldoecie
1420 2516 1528 2589 captur
1537 2500 1698 2569 admodum
1711 2497 1772 2561 foe·

105 2602 226 2661 nuutios
245 2602 377 2672 mieerat,
395 2602 448 2680 qui
459 2597 608 2662 loannem
617 2598 774 2663 Albertom
792 2596 909 2660 Ducem
967 2596 1037 2661 dum
1056 2607 1089 2662 et
1106 2602 1334 2679 ignominiorum
1344 2604 1425 2665 vitae
1445 2603 1554 2664 exitum
1573 2598 1699 2661 cortitue
1711 2600 1770 2655 eat

103 2690 369 2771 lllegelltnrgicum,
390 2691 596 2774 Clerietoplrori
615 2691 753 2767 nauem,
773 2690 909 2771 aliosque
968 2691 1108 2755 Ceterum
1135 2691 1287 2756 Basiliden
1320 2694 1456 2757 l'olooici
1495 2692 1567 2755 ltelli
1597 2691 1773 2754 felicitatem

107 2784 263 2867 Principee
282 2782 323 2847 ed
334 2804 417 2847 arma
427 2784 660 2847 cohortarentur.
680 2782 815 2847 llarclrio
826 2785 910 2864 quiu-
967 2783 1139 2859 admimtue,
1159 2789 1266 2847 etatuit
1284 2785 1412 2849 candem
1431 2806 1556 2869 proreue
1568 2792 1672 2846 contra
1684 2783 1771 2847 Livo-

105 2880 194 2940 etiam
214 2877 374 2947 filbertue,
399 2878 450 2957 qul
474 2884 547 2938 tunc
565 2876 681 2939 illuatre
700 2872 861 2937 admodum
879 2877 910 2937 io
967 2897 1021 2938 nea
1040 2876 1110 2939 belli
1132 2876 1279 2939 fortunam
1299 2882 1437 2961 experiri.
1483 2880 1578 2959 lgitur
1601 2876 1769 2957 Derpaten·

104 2969 334 3031 reluctentur
357 2988 466 3031 nomen
490 2968 660 3045 olitiuelrat,
686 2966 833 3031 Pruaeiae
857 2986 910 3049 po·
939 2998 942 3039 ;
967 2969 1063 3042 aibua,
1093 2973 1162 3051 quia
1182 2971 1343 3035 viciniores
1363 2982 1483 3045 creent,
1502 2972 1660 3053 pecuniam
1680 2971 1771 3051 impe·

105 3062 204 3145 puloa,
225 3081 352 3142 quorum
369 3062 439 3123 uox
457 3070 533 3138 orat,
557 3060 598 3123 ad
616 3080 701 3123 mma
719 3068 910 3137 convocarat,
938 3048 942 3121 l
967 3071 1023 3139 rat,
1043 3064 1184 3145 majorum
1203 3083 1325 3125 auorum
1341 3068 1395 3146 jue
1414 3072 1447 3129 et
1465 3063 1628 3127 dominium
1654 3065 1684 3125 in
1704 3080 1770 3145 pro·

104 3158 156 3237 qui
175 3154 311 3217 collectio
330 3154 546 3217 Germanorum
564 3152 751 3233 legionibus,
774 3151 814 3215 ed
833 3174 910 3217 auae
965 3158 1065 3219 vincia
1084 3166 1236 3231 caueatur,
1253 3178 1343 3240 quam
1362 3159 1422 3221 nini
1442 3158 1544 3221 eobito
1560 3156 1770 3229 dieeolverent,

105 3246 228 3311 ditiooie
247 3246 325 3309 tinea
345 3249 478 3330 proxime
499 3245 690 3309 Cnrlaudiam
709 3256 812 3311 caetra
831 3246 909 3311 loca·
965 3247 1077 3311 lrellnm
1097 3248 1186 3329 longe
1205 3254 1415 3331 grevianmum
1435 3250 1670 3323 eiemioabatur,
1689 3246 1769 3311 dice·

105 3343 163 3415 νῆις
182 3360 346 3422 omneeqne
365 3342 502 3403 certatim
520 3336 560 3400 ad
578 3339 718 3402 auxilium
727 3338 910 3403 merendum
965 3340 1078 3423 ltatqrm
1096 3341 1216 3409 Ducam
1234 3343 1355 3407 fluvium
1374 3365 1431 3407 eoo
1451 3344 1511 3408 auli
1530 3344 1654 3425 imperio
1670 3340 1770 3405 fontee

105 3454 141 3495 ee
160 3432 383 3516 comparabant
421 3430 569 3494 Poloniae
588 3431 656 3495 Rex
674 3452 741 3495 cnm
767 3435 909 3517 quinqua·
967 3432 1125 3499 menum
1144 3456 1181 3499 ee
1207 3439 1238 3500 in
1262 3444 1446 3521 potestatem
1470 3446 1675 3520 receptarunt
1714 3453 1771 3497 nec

105 3530 189 3606 ginta
207 3527 332 3589 militum
344 3522 908 3610 millibueexpeditionemeueceperet,
967 3526 1074 3593 fefellit
1091 3527 1331 3593 crudelieeimnm
1350 3530 1499 3595 hominem
1518 3537 1656 3595 creatae.

105 3620 312 3703 Prionpieque
331 3616 516 3681 lfarclriooie
535 3615 704 3680 libertatem
721 3618 800 3681 bello
815 3619 909 3683 vindi·
1043 3622 1118 3685 Erat
1134 3621 1308 3685 Moacorum
1333 3645 1441 3687 nomeu
1466 3622 1633 3687 Livonilrue
1660 3626 1772 3706 pariter

104 3711 231 3777 modam
250 3720 344 3787 ratur,
364 3730 402 3773 eo
422 3709 491 3773 loco
511 3720 612 3771 caetra
626 3709 836 3789 collocaverat,
856 3712 907 3775 ubi
936 3738 940 3789 p
968 3720 999 3775 et
1011 3712 1146 3787 Polonie,
1166 3724 1255 3798 atque
1275 3717 1436 3781 Germania
1455 3712 1614 3777 admodum
1632 3712 1769 3777 formida·

104 3804 423 3871 LivooiaLitlruaniee
444 3804 603 3865 mutiriane
621 3810 680 3867 eat.
708 3804 906 3869 Conuffnr.
935 3794 940 3913 l
966 3804 1041 3877 bile,
1067 3814 1191 3880 eratque
1210 3817 1371 3891 propterea
1394 3810 1426 3870 in
1450 3808 1604 3889 provincia
1627 3807 1770 3869 tumultur
1842 3882 1847 3897 ι

104 3900 294 3978 ewibergiue
303 3892 421 3958 validm
441 3894 658 3959 Germanorum
676 3916 782 3961 manue
802 3899 908 3963 erLu·
936 3916 939 3975 p
969 3900 1085 3976 ingene,
1105 3906 1138 3961 et
1156 3920 1282 3981 magnae
1300 3900 1393 3965 tiebat
1411 3898 1544 3983 undique
1563 3898 1769 3979 altomniege

103 3992 180 4054 heco
205 3994 235 4053 in
261 3991 443 4072 provinciam
462 3984 686 4065 introducebat,
710 3989 836 4053 clienter
861 4010 907 4055 er·
966 3994 1048 4053 neria
1071 3990 1242 4057 hominibus
1267 4012 1445 4057 concureue.
1494 3992 1644 4071 Quoniam
1668 3998 1768 4055 autem

104 4082 214 4157 maliet,
244 4090 276 4143 et
305 4083 418 4164 epertie
451 4080 637 4164 oocrdtieque
660 4081 824 4164 praecidiie
842 4092 908 4149 tota
966 4092 1075 4167 coepta
1093 4088 1161 4148 eine
1188 4091 1270 4148 certo
1289 4086 1417 4149 contin
1447 4086 1567 4149 fortuna
1598 4084 1769 4169 plerumque

103 4177 226 4254 regione
245 4173 411 4247 collocatio,
428 4194 501 4239 aeae
519 4172 679 4239 edrerenm
697 4174 828 4239 boetium
847 4180 907 4241 viu
966 4174 1118 4255 deetituit,
1148 4175 1222 4259 quid
1250 4186 1355 4243 conce
1384 4198 1453 4241 eum
1472 4178 1592 4245 hortem
1621 4174 1770 4259 egendum

104 4278 135 4331 et
155 4274 287 4331 neuma
305 4268 489 4331 inimicorum
508 4269 634 4349 injuriae
656 4273 777 4351 egregie
796 4274 906 4335 munie-
964 4274 1015 4347 eit,
1035 4279 1176 4335 accurate
1195 4268 1371 4351 deliberant,
1390 4271 1485 4338 dneee
1509 4292 1697 4357 nequaquam
1718 4258 1768 4353 jn

102 4363 165 4425 liet·
205 4359 280 4426 Erat
305 4358 435 4443 populna
467 4361 659 4425 cocunea
683 4364 797 4443 ingenti
826 4372 907 4429 mdo
964 4372 1014 4427 eto
1033 4364 1147 4447 proelio
1171 4362 1332 4449 quidquam
1359 4386 1397 4429 eo
1429 4376 1565 4451 tempore
1592 4362 1768 4431 tentandum

103 4452 271 4537 perculere,
291 4460 323 4516 et
341 4454 477 4536 inprimie
494 4455 550 4516 viri
574 4454 692 4519 noleilee
718 4476 755 4518 eo
774 4458 907 4541 periculo
934 4420 938 4499 l
964 4478 1035 4521 eene
1055 4456 1235 4537 cernebant,
1256 4466 1362 4543 utpote
1388 4463 1438 4543 qui
1454 4464 1519 4542 jam
1542 4480 1636 4545 prope
1662 4459 1767 4522 emus

103 4546 364 4609 aelementiaeime
382 4546 587 4621 terrebantur3
608 4546 689 4630 quod
707 4546 854 4615 advereue
865 4552 906 4613 vi·
964 4550 1043 4615 bello
1065 4550 1211 4616 Polonico
1229 4552 1344 4617 viribon
1363 4556 1502 4619 tutiorem
1521 4550 1706 4635 repugnandi
1717 4569 1765 4612 oc·

104 4643 202 4703 mum
222 4647 253 4701 01
270 4640 509 4721 timisti-¹¹³¹
529 4639 646 4720 Ram,
662 4651 754 4724 atque
779 4642 907 4709 eundem
964 4648 1116 4711 cerionem
1135 4654 1356 4729 exepectarent,
1377 4656 1409 4711 et
1427 4668 1482 4730 pro
1503 4653 1656 4727 comperto
1675 4642 1764 4707 hale·

104 4736 208 4807 etiam,
233 4735 283 4815 qui
303 4731 392 4816 paulo
416 4739 487 4795 aute
520 4731 560 4795 ab
592 4734 730 4798 omnum
760 4734 905 4817 lligeneie
963 4748 1040 4811 rent,
1058 4748 1120 4803 tam
1137 4736 1256 4801 validae
1281 4738 1322 4802 ab
1353 4738 1442 4803 loeta
1473 4741 1664 4820 conacriptae
1694 4754 1767 4799 eeee

102 4824 253 4890 timete
271 4824 414 4889 defeoeor
437 4824 547 4889 fuieeet
562 4824 751 4909 appellatae,
770 4830 906 4907 ingratio-
964 4831 1111 4911 legionen,
1129 4850 1225 4915 eaque
1244 4830 1372 4897 eudaeia
1390 4830 1507 4895 militari
1532 4834 1562 4893 in
1582 4827 1693 4892 bellum
1712 4830 1768 4891 ito·

102 4922 180 4981 aime
204 4928 237 4982 et
261 4916 569 4982 ineooeideretieeime
600 4938 683 4983 arma
714 4922 906 4992 nument,
963 4942 1024 4996 ree,
1042 4932 1077 4985 nt
1087 4922 1160 4985 nulli
1171 4924 1269 5005 perito
1279 4922 1401 4988 dubium
1411 4934 1505 4999 earet,
1526 4924 1598 5009 qnlu
1611 4922 1768 4987 velmel

100 5014 231 5090 legetu-
251 5012 291 5075 ab
312 5033 350 5075 eo
367 5015 493 5075 niuno
513 5010 642 5075 ludibrio
663 5010 854 5078 habmmentt
874 5022 907 5077 et
964 5034 1019 5099 per
1035 5018 1097 5077 vim
1115 5018 1264 5096 ingreeeie
1284 5017 1377 5081 multo
1396 5010 1522 5083 maxime
1539 5014 1725 5103 pervadendi
1735 5020 1766 5081 lo

99 5100 230 5187 durique
248 5108 444 5189 propinquum
462 5107 561 5189 ipeina
570 5104 742 5188 Principem
759 5105 904 5170 mitor-
963 5110 1147 5191 provinciam
1165 5112 1232 5173 viae
1251 5113 1445 5193 aperirentur.
1466 5110 1534 5177 Sed
1550 5112 1655 5177 multia
1673 5111 1766 5177 noe·

95 5206 177 5271 ¹tane
194 5204 333 5261 αιιιῑιιι
352 5202 385 5263 ia
402 5196 524 5263 moda·
543 5200 655 5283 captivi
674 5196 885 5265 detiaaieeeat.
962 5200 1073 5267 ῐωιιιι
1090 5204 1225 5281 munde,
1243 5202 1375 5289 reliquae
1393 5224 1469 5291 epae
1492 5226 1598 5275 emaee
1628 5202 1670 5273 ed
1697 5206 1763 5269 nit·
