3742 5626
109 208 145 263 rr
687 160 1164 255 muriauoscovnrcnmm

113 376 162 416 res
188 356 225 415 ad
249 357 327 415 vitro
350 374 434 415 us-
458 354 645 415 neeessarias
662 368 778 429 rapere,
810 348 898 410 absu-
958 351 1015 430 pti:
1035 350 1149 419 loricis,
1170 346 1296 428 aliisque
1320 345 1453 427 plurimis
1472 344 1575 413 armis,
1594 344 1758 425 praecipue

114 468 205 509 mere.
225 447 382 508 crudeliter
401 450 488 507 etiarn
507 445 641 507 colonum
655 444 807 504 verberare
822 443 901 503 licet.
958 448 1055 503 autern
1075 440 1208 523 cuspide,
1225 446 1255 499 et
1275 459 1312 499 eo
1323 439 1463 509 breviore,
1483 441 1653 497 venatonrm
1664 456 1758 501 more,

120 540 242 599 Crotonis
251 540 354 618 quavis
363 538 402 599 dc
414 560 506 601 causa
514 538 553 599 ad
565 537 695 598 dominos
703 554 777 595 suos
786 536 901 613 absque
958 534 988 593 in
1007 534 1085 594 bello
1111 539 1237 594 utuntur.
1274 531 1378 612 Equos
1402 528 1478 589 adeo
1502 549 1611 609 pomos
1636 528 1759 599 babent,

115 632 285 692 muneribus
302 630 400 691 aditus
419 652 476 691 non
496 638 590 711 patet3
609 628 686 707 quod
705 630 733 688 si
753 628 839 687 etiam
852 624 901 686 ad·
959 632 992 686 ut
1012 629 1061 686 vix
1081 626 1222 687 credibile
1240 628 1289 697 sit,
1310 625 1347 685 ad
1368 630 1467 684 tantos
1486 622 1605 682 labores
1624 644 1681 681 ceos
1699 623 1760 683 snt-

117 728 274 787 mittantur.
284 722 322 782 ad
333 721 487 785 Officiates
500 738 529 784 et
540 720 711 783 Praefectos
721 722 902 797 relegantur:
960 718 1047 780 licere
1066 738 1172 799 possm:
1191 720 1299 799 quibus
1320 718 1439 777 torisia
1459 716 1546 784 nette,
1568 716 1711 797 domique
1731 718 1760 775 in

115 820 164 899 qui
185 816 240 876 nisi
261 834 378 875 munera
397 817 549 896 accipiant,
568 814 640 875 nibil
651 814 720 875 boni
732 814 903 883 decernunt,
961 812 1093 873 colendis
1111 814 1192 891 agris
1210 818 1339 877 utuntur.
1372 810 1493 872 Terram
1515 829 1573 867 non
1593 808 1682 881 terro,
1703 808 1760 870 sed

120 912 342 971 constituuntvc.
359 908 466 989 Neque
486 928 553 967 vcro
572 906 647 968 baec
667 904 903 967 solnmtenvium
959 903 1235 986 lignoproscidnnt:
1255 903 1485 983 quodeonagis
1499 901 1674 973 mirandum,
1694 922 1760 963 cum

115 1004 188 1065 ratio
207 1008 263 1071 est,
283 998 444 1061 sedetiam
464 1000 621 1071 nobilium,
644 1000 671 1059 si
692 1020 711 1059 a
735 999 905 1078 proceribus
962 1004 1040 1058 terra
1058 1018 1156 1058 eorum
1175 1005 1275 1069 tenax,
1295 1004 1325 1057 et
1345 1018 1402 1057 non
1424 1015 1549 1057 arenosa
1568 994 1620 1065 sit,
1638 1016 1760 1077 quaque

116 1098 269 1174 inpetrare
288 1094 436 1175 quippiam
454 1092 564 1153 volunt.
601 1090 711 1153 Audivi
735 1112 754 1153 a
778 1089 905 1171 quodam
961 1091 1049 1170 pinus
1067 1111 1215 1171 nunqnam
1233 1092 1350 1151 crescit.
1373 1091 1491 1151 Araturi
1510 1090 1591 1168 ligna
1608 1090 1762 1171 complura

113 1188 245 1271 primario
258 1184 394 1247 0lliciale
405 1184 485 1268 apud
493 1205 589 1262 regern
596 1186 751 1268 juniorem,
763 1183 814 1264 qui
823 1182 907 1245 dinc
963 1184 1071 1262 quibus
1090 1192 1195 1244 terram
1214 1185 1362 1263 subigunt,
1382 1184 1507 1262 locoque
1527 1184 1656 1242 vomeris
1677 1190 1760 1245 utnu-

115 1278 358 1360 Unumquodque
371 1280 530 1340 verbumin
543 1276 702 1339 Lithuaniu
714 1296 906 1349 autumessc,
963 1282 1019 1349 tur,
1038 1297 1141 1338 secam
1161 1284 1275 1356 portare
1295 1276 1407 1337 solent:
1433 1278 1556 1347 scilicet,
1576 1282 1609 1334 ut
1626 1296 1688 1335 uno
1707 1276 1761 1337 tra·

114 1376 193 1455 Regi
209 1374 367 1455 quotannis
385 1374 551 1452 imperatam
571 1372 724 1454 pecuniam
734 1392 787 1453 pro
807 1368 907 1429 delen·
966 1376 1024 1441 cto,
1045 1370 1124 1431 aliud
1144 1376 1233 1451 atque
1252 1370 1341 1439 aliud,
1361 1390 1398 1429 oe
1418 1369 1488 1449 quid
1507 1372 1537 1429 in
1557 1389 1640 1429 mora
1657 1370 1708 1440 nit,
1735 1372 1763 1429 in

115 1468 221 1531 dendis
240 1468 319 1545 regni
340 1466 447 1525 linibus
465 1464 606 1544 pendunt.
626 1464 773 1537 Dominis,
794 1470 909 1543 practer
965 1476 1101 1545 promptu
1119 1464 1256 1528 babeant.
1287 1463 1414 1535 Quidam
1434 1484 1471 1523 ca
1489 1464 1659 1544 provinciae
1676 1482 1763 1543 prae·

115 1583 246 1631 censum,
259 1556 457 1619 hebdomatim
467 1557 599 1619 sexdies
610 1557 761 1621 laboraret
773 1556 907 1618 l’arocbo
965 1555 1062 1626 sectis,
1082 1578 1141 1637 quo
1159 1556 1353 1638 provinciales
1372 1558 1503 1635 graviore
1522 1557 1623 1615 labore
1642 1556 1764 1621 levaret.

50 1688 53 1693 ·
116 1656 243 1735 denique
262 1652 359 1723 duee,
378 1650 425 1711 vel
442 1656 557 1711 mortua
576 1672 677 1721 uxore,
696 1650 797 1710 liberis
810 1649 909 1708 simili·
965 1650 1075 1709 multos
1094 1650 1208 1711 terreos
1234 1670 1370 1710 vomeres
1395 1649 1501 1710 adferri
1527 1650 1647 1710 lecerat.
1688 1648 1764 1710 Cum

116 1762 160 1811 ter
178 1749 266 1817 natis,
286 1756 338 1806 aut
358 1746 417 1805 vita
427 1743 585 1815 defunctis,
604 1766 641 1803 eo
660 1764 719 1823 quo
737 1742 910 1803 confitentur
965 1748 1063 1803 autem
1083 1762 1128 1813 eo,
1150 1744 1402 1822 sequentibusque
1423 1743 1533 1823 aliquot
1556 1744 1653 1813 annis,
1677 1760 1764 1821 sege-

117 1852 257 1921 tmnpore,
276 1848 382 1899 certam
404 1856 557 1897 numerare
576 1838 732 1917 pecuniam
758 1840 909 1913 coguntur.
965 1844 1015 1894 tes
1033 1834 1131 1916 aliqua
1150 1835 1226 1895 coeli
1245 1836 1417 1917 intemperie
1436 1836 1633 1916 expectationi
1654 1836 1764 1915 agrico-

118 1936 194 1995 Tam
225 1932 298 1993 dara
322 1952 407 2011 porro
434 1929 576 1989 servitute
601 1950 620 1987 a
643 1926 754 1988 l'itoldi
778 1932 910 2007 ternpore
967 1926 1061 1989 larum
1072 1949 1129 1988 non
1140 1928 1360 2009 responderent,
1372 1928 1535 2007 vulgusque
1545 1948 1682 2007 agnarum
1696 1948 1764 1989 suo·

117 2030 147 2087 in
167 2026 245 2087 bunc
265 2046 358 2105 usqne
377 2023 455 2081 diem
467 2020 644 2093 detinentur,
662 2028 694 2081 ut
713 2022 740 2081 si
760 2022 827 2101 quis
836 2020 911 2079 terne
967 2042 1031 2081 rum
1051 2022 1234 2082 sterilitatem
1253 2023 1348 2082 lcrreo
1367 2022 1476 2081 vomeri
1495 2023 1689 2089 adscriberet,
1709 2042 1766 2080 nee

118 2122 214 2201 capite
234 2118 383 2177 dannatus
402 2114 498 2183 suerit,
517 2110 555 2171 de
574 2134 609 2173 sc
629 2114 705 2196 ipso,
719 2116 844 2199 jubente
860 2112 911 2173 do·
968 2115 1049 2176 alind
1073 2118 1227 2197 quiequam
1253 2118 1282 2174 in
1307 2135 1400 2175 causa
1424 2134 1494 2174 esse
1514 2121 1644 2195 putaret,
1677 2116 1764 2177 l'rae-

119 2216 206 2273 mina.
225 2210 397 2291 supplicium
417 2226 551 2277 sumere,
575 2208 699 2289 suisque
724 2208 857 2269 manibus
875 2228 911 2267 se
970 2207 1067 2271 lectus
1098 2212 1210 2270 veritus
1239 2208 1430 2278 seditionem,
1460 2222 1560 2266 anroto
1585 2208 1678 2279 terro,
1709 2230 1765 2269 suo

70 2380 75 2389 Ι
120 2304 303 2387 supendere
323 2312 461 2379 togatum
480 2298 602 2379 quodsi
622 2300 696 2360 sorte
714 2302 811 2362 lacere
831 2322 912 2361 recu·
968 2322 1024 2363 eos
1045 2324 1123 2363 more
1143 2320 1230 2380 apros
1248 2302 1345 2361 colere
1358 2302 1501 2380 permisit.
1521 2299 1677 2364 Provincia
1690 2302 1765 2362 baec

121 2398 246 2467 save-rit,
264 2412 323 2452 rum
344 2392 501 2453 erudeliter
515 2412 633 2465 caesus,
652 2397 913 2473 atqncimmanitcr
970 2397 1147 2467 nemoribus,
1172 2395 1326 2476 sylvisque
1350 2393 1494 2463 abundat,
1520 2396 1549 2453 in
1575 2395 1683 2473 quibus
1701 2396 1765 2455 bor-

119 2490 355 2557 ermenricum,
372 2484 560 2545 nibilominus
571 2487 771 2567 suspenditur.
790 2486 856 2548 llac
867 2508 911 2546 se·
971 2490 1080 2549 renelae
1100 2488 1276 2571 operandoque
1295 2489 1428 2547 visiones
1453 2487 1514 2546 lieri
1540 2486 1649 2548 solent.
1688 2488 1765 2549 Sunt

119 2580 388 2645 rerimeetenum
408 2586 466 2647 est,
486 2588 517 2639 ut
534 2579 561 2637 si
572 2577 660 2639 ludex
675 2592 726 2641 ant
737 2580 912 2641 Praefectus
970 2583 1128 2642 etiamnum
1152 2582 1211 2641 illic
1234 2580 1403 2640 idololatrae
1429 2580 1608 2659 complures,
1633 2583 1684 2659 qui
1704 2602 1767 2641 ser·

122 2680 151 2739 in
161 2700 192 2739 re
202 2673 352 2761 praesenti
367 2674 555 2743 ereremum,
576 2694 626 2732 reo
639 2675 832 2735 moramlortc
846 2692 912 2733 ucc-
969 2679 1077 2757 pentes
1096 2674 1241 2755 quosdam
1264 2680 1387 2753 quatuor
1412 2674 1564 2744 brevibus,
1589 2673 1765 2732 lacertarum

119 2774 206 2843 tenti,
237 2770 363 2830 minatus
382 2765 482 2835 luerit,
501 2770 550 2825 arrt
570 2766 665 2827 solnm
686 2767 773 2827 nnvdo
799 2768 913 2837 dixerit,
970 2771 1072 2839 instar,
1091 2768 1228 2849 pedibus,
1248 2770 1329 2846 nigro
1348 2768 1520 2845 obaesoqne
1540 2784 1657 2845 corpore
1676 2766 1765 2824 trium

122 2866 254 2933 Festina,
266 2862 401 2921 eternium·
412 2860 560 2919 irascitur:
573 2864 632 2919 tum
645 2860 733 2920 iser
741 2864 914 2939 gravissima
971 2863 1130 2943 palmarum
1151 2862 1359 2939 longitudinem
1379 2882 1436 2919 non
1457 2860 1645 2929 excedentes,
1665 2856 1768 2918 Givoi·

123 2960 244 3017 verbm
263 2956 475 3015 extimescens.
495 2952 600 3031 laqueo
622 2956 709 3013 vivan
730 2954 802 3018 linit.
971 2964 1021 3015 tes
1041 2955 1146 3025 dictos,
1167 2962 1305 3037 tanquam
1317 2962 1441 3034 penates
1451 2953 1528 3013 domi
1541 2974 1615 3014 snae
1624 2954 1768 3013 nutriunt:

195 3044 916 3127 Sarnouitlriaproaimalritlrnaniaeesrprovincia,
972 3069 1086 3128 eosque
1106 3050 1228 3110 lustrata
1251 3049 1338 3108 domo
1356 3050 1445 3108 statis
1464 3047 1570 3107 dicbus
1595 3044 1634 3106 ad
1652 3047 1768 3125 apposi-

122 3150 151 3205 in
165 3140 400 3221 Septentrionem
411 3136 448 3197 ad
465 3136 722 3211 mareBaltlrcnm,
740 3160 816 3221 quae
827 3138 915 3200 Pras·
973 3148 1033 3201 tum
1052 3144 1149 3201 cibmn
1169 3148 1370 3223 prorepentes,
1391 3160 1458 3199 curn
1477 3138 1668 3209 totalamilia,
1687 3138 1766 3217 quod

123 3240 198 3297 siam
220 3250 345 3313 quatuor
364 3232 511 3291 miliarium
525 3230 760 3293 Germanicorum
781 3235 885 3313 sqvario
898 3252 917 3291 a
974 3235 1094 3293 saturati
1115 3236 1144 3293 in
1165 3236 1356 3296 locumsuum
1374 3240 1564 3303 revertantur,
1583 3234 1768 3312 tinoreqno·

124 3328 248 3393 Livonia
267 3324 382 3383 elivirlit:
402 3323 481 3385 nullo
500 3322 618 3405 oppido,
636 3332 794 3387 autcastro
807 3326 917 3386 munito
973 3326 1039 3387 darn
1061 3334 1244 3389 venerantur.
1265 3326 1354 3397 Quod
1373 3328 1400 3385 si
1420 3325 1535 3386 adversi
1556 3324 1626 3405 quid
1644 3324 1704 3385 illis
1723 3344 1769 3383 ac·

123 3422 265 3501 insignis3
284 3416 353 3477 lmie
372 3438 409 3477 ex
430 3416 586 3477 Litbuania
606 3438 624 3476 a
642 3417 780 3499 Principe
799 3417 917 3479 Praele-
975 3420 1095 3491 rideret,
1114 3428 1278 3501 serpentem
1299 3420 1395 3480 lleum
1417 3418 1608 3479 domesticum
1627 3418 1702 3478 male
1722 3437 1769 3477 ac·

126 3524 202 3585 ctus,
222 3532 307 3593 quern
329 3532 382 3569 sua
402 3510 654 3589 linguaStarosta,
672 3514 757 3593 quasi
773 3514 917 3572 seniorem
975 3520 1089 3595 ceptum
1110 3534 1145 3574 ac
1165 3520 1325 3575 satvrratum
1346 3534 1417 3573 esse
1435 3511 1568 3573 credunt.
1588 3510 1663 3570 Cum
1685 3510 1769 3589 priori

125 3606 283 3689 appellant.
303 3604 482 3687 praeficitnr3
502 3624 597 3683 neque
607 3616 719 3667 temere
730 3608 766 3677 is,
786 3608 841 3668 nisi
855 3628 918 3687 gra·
976 3629 1014 3667 ex
1033 3606 1299 3669 blascoviaitinere
1318 3607 1446 3677 rediens,
1466 3608 1495 3665 in
1508 3604 1596 3665 Troki
1609 3606 1770 3665 venissem.

127 3702 266 3763 vimi-as
283 3698 322 3755 ab
341 3718 459 3759 causas.
479 3696 576 3755 allicio
587 3704 732 3761 movetur:
750 3700 805 3759 sed
821 3700 918 3781 quoad
976 3701 1120 3761 referebat
1141 3702 1253 3781 hospes
1273 3720 1366 3767 meus,
1387 3699 1426 3759 ad
1445 3719 1533 3777 quem
1553 3697 1628 3758 lorte
1647 3696 1769 3757 diverte·

127 3796 212 3865 vivit,
233 3798 373 3875 perpetuo
397 3796 503 3852 manet.
540 3788 724 3873 Episcopum
748 3790 836 3853 babet
858 3793 918 3853 lio-
976 3816 1045 3865 ran,
1065 3818 1101 3853 se
1121 3794 1225 3855 eodem
1245 3814 1303 3871 quo
1324 3795 1363 3852 ibi
1373 3813 1451 3851 cram
1463 3813 1550 3862 anrro,
1568 3792 1607 3851 ab
1623 3789 1769 3873 ejusmodi

127 3908 213 3951 mano
231 3884 368 3948 Pontilici
386 3884 562 3967 subjectum.
601 3884 633 3945 ln
653 3882 835 3963 Samogitlria
861 3886 918 3946 lroe
977 3888 1102 3968 quadam
1123 3889 1270 3968 serpentis
1285 3886 1397 3946 cultore
1417 3886 1527 3963 aliquot
1538 3885 1663 3945 alvearia
1682 3904 1770 3963 apum

127 3986 157 4043 in
178 3982 278 4061 prinis
296 3976 496 4039 admirandum
513 3978 647 4047 occurrit,
666 3977 744 4057 qnod
767 3998 832 4039 cum
853 3982 919 4060 ejus
976 3984 1102 4041 emisse:
1115 4002 1203 4060 qnem
1216 4000 1282 4039 cum
1294 3982 1424 4039 oratione
1436 3999 1492 4038 sna
1504 3978 1542 4037 ad
1554 3996 1649 4038 verum
1658 3974 1770 4035 Christi

128 4076 258 4153 regionis
276 4072 412 4131 homines
431 4090 553 4151 procera
578 4078 609 4129 ut
636 4070 787 4151 plurimun
807 4078 918 4133 statura
976 4076 1084 4135 cultum
1104 4074 1291 4141 adduxisset,
1317 4080 1405 4151 utque
1431 4078 1597 4151 serpentem
1616 4090 1704 4151 quem
1723 4088 1769 4129 co

128 4170 205 4235 sint,
235 4168 312 4227 filios
336 4172 435 4224 tamen
459 4164 536 4222 alios
561 4165 693 4245 eorporis
723 4165 919 4243 magnitudine
977 4170 1055 4229 lebat
1069 4168 1225 4237 occideret,
1246 4168 1456 4247 persuasisset,
1468 4164 1616 4246 aliquanto
1627 4170 1697 4245 post
1706 4182 1769 4222 cum

130 4260 323 4327 excellentes,
342 4258 417 4317 alios
437 4255 624 4337 perpusillos,
648 4278 684 4317 ac
709 4258 797 4339 plane
817 4280 920 4331 narmS,
977 4262 1015 4324 ad
1036 4260 1176 4323 visendas
1194 4282 1269 4341 apes
1287 4280 1360 4321 suas
1380 4280 1415 4317 co
1436 4279 1575 4318 reversus
1587 4258 1705 4325 suisset,
1721 4254 1770 4317 lto·

129 4354 219 4415 veluti
243 4348 445 4411 vicissitudine
467 4346 608 4429 quadam,
636 4372 789 4430 procreare
812 4352 921 4417 solent.
978 4358 1085 4417 minem
1106 4354 1181 4415 lacie
1201 4352 1404 4415 delornratum.
1423 4353 1596 4411 oreanrinm
1614 4356 1704 4409 tenus
1723 4348 1770 4409 mi·

129 4444 320 4527 Sanogitbae
341 4444 448 4502 vestitu
468 4442 531 4511 vili,
551 4462 645 4523 eoque
666 4458 696 4501 at
715 4446 868 4525 plurimum
883 4448 920 4507 ci·
978 4450 1132 4510 serabilem
1150 4450 1178 4507 in
1189 4446 1304 4507 modum
1323 4446 1440 4506 diducto
1452 4443 1582 4505 ollendit.
1604 4442 1692 4505 Tanti
1705 4442 1772 4505 nrali

128 4542 377 4601 ncrieioutuntur.
398 4538 429 4597 ln
439 4534 598 4596 humilibus
613 4536 702 4598 casis,
714 4540 808 4619 iisque
824 4540 923 4601 olvlon·
979 4564 1098 4602 causam
1125 4544 1333 4621 interrogatus,
1358 4539 1524 4621 respondit,
1544 4558 1595 4608 se,
1614 4536 1694 4617 qnod
1713 4556 1773 4597 ser·

125 4632 259 4711 gioribns
278 4634 367 4693 vitam
387 4628 506 4699 ducunt,
525 4630 556 4689 in
575 4628 681 4707 quibus
701 4632 815 4709 ignisin
827 4634 923 4693 medio
980 4637 1060 4717 penti
1080 4634 1137 4695 deo
1157 4656 1212 4695 suo
1231 4656 1337 4695 manus
1356 4654 1393 4694 ne
1414 4632 1532 4713 qurarias
1551 4632 1715 4713 injecisset.
1734 4629 1772 4689 ad

125 4740 337 4787 consonarum
356 4721 396 4783 ad
415 4742 503 4803 quem
523 4742 589 4781 curn
606 4722 814 4801 paterfamilias
829 4726 925 4797 sedet,
980 4729 1127 4810 piaculum
1148 4728 1335 4809 expiandum.
1355 4726 1550 4805 luendamque
1562 4744 1696 4804 pvoenarn,
1716 4720 1772 4779 bac

113 4812 533 4909 'heatatotamquedamus
553 4836 626 4875 suae
639 4818 852 4899 supellectilem
863 4840 923 4879 cer·
981 4822 1146 4883 calamitate
1164 4824 1273 4903 qurrriri:
1293 4822 1441 4898 multaque
1450 4820 1592 4897 graviora.
1612 4817 1639 4877 si
1651 4815 1688 4876 ad
1697 4814 1774 4895 prio

120 4908 181 4979 nll-
201 4908 308 4973 Solent
327 4914 404 4973 enim
424 4912 481 4973 sub
502 4908 617 4971 eodem.
636 4932 695 4991 quo
716 4914 772 4992 ipsi
782 4912 923 4983 habitant,
950 4904 954 4937 ²
980 4938 1030 4977 res
1049 4919 1122 4976 ritus
1141 4938 1216 4977 suos
1243 4938 1299 4975 non
1318 4914 1436 4973 rediret.
1463 4934 1527 4971 enm
1547 4914 1607 4991 pati
1628 4914 1774 4989 oportere.

105 4964 219 5080 μυ,
237 5004 304 5063 sine
321 5006 381 5067 ullo
402 5005 557 5065 interstitio
577 5026 685 5087 pecora
704 5004 821 5069 babere.
860 5006 922 5069 Illa·
980 5008 1064 5072 llaee
1083 5013 1218 5091 quamvis
1244 5028 1301 5068 non
1327 5007 1357 5065 in
1376 5005 1572 5081 Samogitbia.
1598 4998 1703 5063 sedin
1725 5000 1773 5061 Li·

176 5110 210 5153 r·
229 5112 347 5155 urorum
365 5100 504 5159 cornibus
523 5120 576 5181 pro
597 5098 711 5177 poculis
730 5100 819 5159 etiam
838 5108 923 5163 utun·
979 5104 1101 5165 tlruania
1119 5112 1187 5163 sunt
1207 5108 1283 5171 acta,
1302 5120 1354 5179 pro
1373 5098 1510 5177 exemplo
1537 5106 1635 5158 tamen
1655 5094 1773 5157 adduxi.

212 5182 224 5192 ’
244 5180 350 5249 ''lm
369 5190 592 5259 suntlromines,
613 5200 642 5251 et
661 5190 920 5275 adbellumprom-
979 5198 1040 5259 Mel
1061 5216 1204 5276 uuquam
1224 5192 1340 5255 melius.
1360 5189 1539 5255 nobiliusre,
1564 5188 1705 5267 quodque
1721 5190 1771 5249 mi·
