3742 5626
103 172 144 235 28
730 168 935 235 DANllilslS
956 168 1147 233 BUGHAVt
1187 222 1190 227 .

106 340 219 418 perium
238 354 325 395 auum
346 332 468 395 dilatet:
505 342 537 395 et
557 340 715 413 postquam
740 332 818 395 hanc
841 353 906 415 pro·
967 331 1029 395 dat.
1069 333 1154 397 llaec
1172 354 1250 414 quac
1272 333 1310 395 de
1329 352 1421 395 carisa
1434 334 1505 395 belli
1518 334 1651 397 laconici
1672 336 1774 403 habui,

106 431 232 491 vinciam
251 426 309 489 sub
334 428 486 507 imperinm
511 446 598 487 auum
623 420 786 503 redegerit,
814 432 908 487 trans·
968 425 1023 489 tibi
1050 429 1268 493 comnmuicarc
1294 427 1386 487 volni.
1433 426 1532 489 Datne
1558 425 1607 491 die
1625 430 1665 489 22
1685 427 1773 509 lllaji,

106 522 280 595 maritimas,
300 540 418 601 quoque
438 521 576 601 regiones
594 514 748 587 adorietur
772 526 805 579 et
829 521 908 581 inua-
970 522 1059 583 Anno
1077 539 1096 581 a
1114 522 1254 583 restituta
1273 520 1371 583 salute
1394 520 1477 581 1576.

625 1120 1268 1261 trtunnttttttttttt

732 1468 1132 1503 ·-—-·-QQ*··----

852 1498 904 1513 .,,,
923 1498 1001 1511 m„-

180 1758 267 1835 ΠΕ
318 1748 764 1833 SUOGESSIONE
813 1744 1185 1829 Moscottnn
1234 1754 1693 1857 palummum

548 1994 798 2045 suattctsn'na
819 1992 1086 2047 cantatoctna
1107 1998 1326 2047 rantrtxns.

101 2446 233 2551 Jonurn
252 2487 324 2547 haic
345 2483 481 2555 Basilidi,
502 2490 656 2563 postqua-
674 2488 764 2545 lotan
783 2480 906 2543 lcrcLi·
964 2480 1125 2561 illegitimo,
1158 2490 1189 2546 ct
1221 2485 1391 2547 Christiano
1420 2484 1540 2547 homine
1568 2484 1688 2565 indiguo
1716 2485 1765 2547 ha·

104 2583 220 2643 uonia-
230 2586 423 2657 eorummet,
442 2576 616 2655 Stephanus
627 2574 749 2637 Batlmri
762 2574 906 2637 Poloniao
965 2574 1070 2649 beant,
1097 2575 1270 2640 Demetrius
1289 2578 1339 2639 lric
1360 2598 1418 2639 uon
1438 2578 1592 2641 nt-ntaa
1618 2578 1648 2637 ia
1667 2580 1764 2657 pretio

103 2672 172 2737 llcx
184 2672 295 2735 bollum
306 2670 412 2741 intulit,
432 2672 521 2749 eique
530 2668 608 2731 hanc
620 2669 809 2749 provinciam,
828 2688 906 2749 qnae
963 2664 1094 2745 mutua,
1113 2690 1181 2731 cum
1206 2678 1298 2733 natro
1323 2673 1353 2731 iu
1372 2671 1523 2733 Ducutura
1547 2668 1760 2731 Snsdaleusan

102 2774 200 2831 tanen
222 2784 279 2828 uec
296 2786 315 2825 a
336 2763 460 2834 Polouo,
482 2782 540 2823 nec
558 2784 577 2823 a
597 2760 714 2833 lllosco,
732 2770 784 2824 aut
802 2760 905 2823 Suecu
963 2760 1121 2841 ablegatus
1139 2768 1199 2834 cst,
1219 2764 1388 2845 ibidemque
1413 2786 1433 2826 a
1459 2762 1603 2827 Praalacti
1619 2762 1669 2823 aui
1686 2760 1762 2833 tilio,

101 2862 180 2921 bauo
198 2859 284 2921 titulo
303 2856 452 2937 possideri
472 2862 583 2935 potest,
602 2854 721 2917 ademit.
964 2853 1058 2915 cultro
1076 2855 1191 2931 huns,
1211 2859 1377 2919 miserrimc
1395 2858 1492 2935 periit.

178 2952 366 3015 Plcscoriam
384 2956 493 3020 tanen
513 2968 603 3028 quam
623 2944 906 3027 magniscopiisolr·
1040 2946 1149 3009 loanni
1173 2947 1315 3023 Basilidi,
1345 2952 1396 3030 qui
1427 2971 1507 3013 anuo
1538 2946 1623 3024 litt,
1651 2948 1765 3007 nensis

101 3046 219 3107 aldione
238 3044 373 3103 cinxerat
391 3047 423 3101 et
443 3042 663 3103 Smoleuacinm
683 3039 722 3103 ad
744 3037 905 3117 Boryatlm·
963 3038 1063 3102 lllartii
1083 3041 1132 3103 dia
1150 3041 1188 3103 28
1209 3044 1293 3121 obiit,
1313 3046 1464 3107 successit
1482 3042 1562 3106 filias
1580 3038 1764 3103 Theodorus

103 3160 179 3207 uon.
198 3138 313 3216 eripere
331 3154 391 3195 uon
411 3134 517 3215 potuit.
965 3128 1112 3203 Quamvis
1130 3136 1208 3196 caim
1235 3146 1320 3216 pater
1338 3139 1423 3199 morti
1447 3138 1565 3199 vicians
1587 3140 1762 3197 testamcmo

178 3230 274 3309 Prope
292 3226 476 3289 Plescovlan
496 3224 709 3287 llorrastcrima
726 3222 905 3285 Pecaoridi·
964 3227 1150 3307 couscripto‚
1175 3228 1215 3289 dc
1239 3230 1436 3291 successione
1459 3229 1667 3311 disposuerat,
1691 3224 1762 3287 illud

102 3330 190 3398 eterra,
209 3322 310 3383 multis
321 3319 474 3381 miraculis
483 3318 655 3401 percelebre
664 3316 753 3377 siun
763 3323 827 3377 est:
840 3314 906 3377 Sed
963 3322 1062 3379 manea
1082 3320 1166 3382 miris
1183 3324 1298 3386 artibus
1318 3324 1512 3403 interccptmn
1531 3323 1562 3385 iu
1581 3321 1679 3383 lucan
1695 3340 1762 3381 uua

103 3438 140 3477 ne
160 3416 252 3497 liujus
270 3412 388 3495 qntte·
414 3412 481 3483 loci,
506 3410 643 3491 quanvis
667 3428 688 3470 a
705 3408 781 3471 solia
799 3408 904 3473 iliona·
962 3430 1053 3492 quam
1071 3412 1187 3492 prodiit.

102 3508 170 3571 clais
188 3504 413 3577 detenderetm,
431 3510 464 3565 et
483 3504 565 3565 nulia
585 3508 736 3582 praeterea
755 3502 906 3582 praesidia
1039 3504 1217 3569 Theodoram
1236 3528 1303 3571 cura
1323 3510 1441 3589 iugenio
1465 3514 1552 3571 esset
1575 3506 1764 3587 sinplieiara

101 3602 235 3671 neuun.
252 3598 385 3661 Polouuc
404 3598 492 3679 potiri
511 3598 615 3678 potnit.
640 3594 716 3659 Post
727 3596 834 3659 nullas
845 3596 904 3659 cla·
962 3604 1083 3679 propter
1100 3622 1188 3682 quan
1207 3621 1327 3663 muman
1347 3622 1414 3663 cura
1434 3608 1555 3681 umente
1575 3600 1763 3680 nunqua-ta

101 3696 158 3759 dea
175 3698 328 3775 acceptas,
346 3690 553 3755 laodonintcr
570 3688 905 3773 utrumqucPrincipen
961 3691 1109 3770 publicana
1128 3693 1247 3775 prodiit,
1265 3696 1466 3773 gabernacula
1491 3692 1686 3755 Consiliariis
1710 3704 1764 3753 tra·

101 3790 246 3851 Sum-na
265 3786 424 3858 Portitor,
442 3804 535 3867 opera
558 3783 717 3845 Posserini
742 3784 905 3845 Sociemtis
961 3783 1044 3861 didit,
1064 3787 1131 3867 ipse
1151 3807 1221 3849 vcro
1241 3788 1430 3867 potissimum
1450 3787 1542 3848 rebus
1559 3784 1677 3847 divinis
1695 3804 1764 3867 ope

98 3884 175 3945 lesu
195 3880 342 3959 Theologi
360 3900 450 3951 naus,
474 3896 580 3959 pacem
600 3875 746 3947 confecit3
771 3878 821 3956 qul
841 3882 904 3939 tau·
961 3898 1024 3941 ran
1051 3878 1143 3941 dedit.
1188 3878 1257 3941 Hoc
1283 3900 1354 3959 ergo
1378 3882 1543 3961 imperante
1571 3876 1686 3949 Mosei,
1714 3878 1763 3957 qd

99 3976 167 4037 den
186 3975 315 4053 legatum
334 3972 562 4035 Moscouiticuan
582 3990 660 4031 anno
682 3968 767 4031 1582.
801 3970 902 4049 Augu·
959 3977 1048 4035 autea
1067 3974 1185 4035 severis
1203 3972 1322 4052 legibus
1341 3972 1628 4051 constringebantur,
1647 3970 1763 4033 liberio

99 4078 177 4131 sum
186 4066 418 4135 vindelicorum,
436 4064 487 4125 ubi
498 4070 569 4125 tuuc
578 4063 698 4123 comitia
708 4061 903 4141 habebantur,
961 4084 1024 4127 rem
1043 4065 1161 4129 uiuendi
1180 4067 1323 4127 rationem
1335 4067 1475 4145 ingressi,
1497 4062 1765 4127 facultalibussuls

100 4162 170 4223 dein
190 4180 260 4221 vcro
281 4178 386 4221 secum
404 4156 534 4219 Romam
553 4156 686 4217 adduxit.
719 4156 795 4217 con
814 4156 902 4219 Basi-
961 4158 1176 4239 amplificandis
1201 4180 1321 4241 opera·
1351 4159 1512 4234 dedemnt,
1541 4157 1705 4239 aliumque,
1735 4162 1764 4215 et

99 4254 177 4315 lides
196 4254 287 4313 filiun
304 4252 450 4313 ,loannem
470 4250 641 4329 scriptionis
661 4250 764 4329 (qaam
776 4252 833 4333 ipsi
847 4250 903 4313 Po·
961 4252 1079 4333 quidem
1090 4253 1265 4331 politiorem,
1284 4253 1382 4313 victus
1401 4259 1432 4315 et
1442 4252 1576 4331 corporis
1593 4250 1708 4313 enimn
1720 4268 1764 4311 se·

98 4346 173 4409 soclr
193 4344 357 4417 nominant)
377 4343 496 4403 stimulo
520 4364 539 4401 a
563 4362 636 4405 acac
662 4342 791 4419 laesum
824 4346 903 4407 malo
962 4347 1023 4407 cuti
1041 4352 1122 4407 snut.
1143 4347 1202 4408 llic
1222 4346 1409 4421 Theodoms,
1429 4367 1517 4426 quem
1535 4344 1593 4424 ipsi
1610 4362 1763 4405 nomana

97 4438 226 4523 quodam
237 4438 470 4507 lntoamisisact‚
491 4440 522 4495 ct
535 4432 725 4497 Theodoru-
746 4435 785 4497 ad
802 4436 902 4517 Regni
960 4436 1081 4499 Phcdor
1100 4441 1259 4515 nominant,
1279 4438 1440 4519 aliquoties
1453 4437 1658 4500 internuncios
1676 4442 1710 4497 et
1725 4434 1763 4495 lc·

97 4530 300 4613 gubernacula
327 4550 385 4591 non
404 4526 563 4591 arhodum
583 4526 723 4589 idoneum
737 4528 902 4611 judicaret;
960 4538 1048 4610 gatos
1067 4554 1142 4595 suos
1161 4531 1202 4595 ad
1211 4533 1467 4608 Angustissimum
1478 4535 1693 4613 imperatorem
1704 4526 1763 4589 tta-

98 4628 312 4689 natrimouirnn
331 4645 398 4685 enar
418 4621 570 4685 nobilibus
589 4621 702 4701 aliquot
721 4622 829 4701 puellis
853 4644 901 4687 ae·
959 4625 1102 4706 delphum
1133 4626 1297 4706 ablegavit,
1331 4634 1362 4689 ot
1380 4627 1539 4687 amicitiam
1557 4622 1764 4702 superioribas

98 4720 155 4781 nel
176 4722 338 4797 iterumque
358 4717 485 4795 repetiit,
504 4736 618 4795 casque
638 4718 668 4777 ai
689 4716 765 4777 intra
777 4735 901 4779 menses
958 4721 1046 4782 aonia
1064 4719 1234 4781 inchoatam
1253 4721 1445 4783 confirmauit.

98 4815 211 4891 aliquot
230 4810 343 4891 prolem
363 4810 560 4891 conciperent,
581 4810 610 4869 in
631 4810 900 4873 nouaatmimnde·
1036 4813 1142 4875 Verum
1173 4832 1242 4875 cum
1269 4834 1366 4876 annos
1398 4811 1539 4873 tredecim
1568 4811 1763 4889 imperasset,

97 4904 193 4965 trusit.
236 4902 370 4965 Tandem
391 4924 429 4965 ex
454 4905 595 4985 septima.
615 4904 673 4965 nisi
694 4902 788 4973 lallor,
809 4904 899 4965 liliuar
958 4906 1078 4969 undam
1097 4906 1156 4969 suu
1176 4906 1263 4969 ducar
1280 4908 1349 4969 anni
1361 4906 1446 4977 1591,
1466 4905 1582 4983 absque
1594 4902 1680 4983 prole
1689 4920 1763 4965 mor·

99 4997 280 5057 Demetrium
305 5000 450 5077 suscepit.
492 5000 568 5059 Cum
602 5018 671 5073 raro
701 4996 898 5075 Moeeovtne,
956 5001 1098 5063 talimtear
1116 5002 1258 5081 explevit.

98 5108 165 5149 rum
186 5088 323 5161 Graecis,
341 5092 446 5151 iterata
465 5092 651 5153 matrimonia
669 5090 828 5153 admodum
847 5092 898 5155 dc·
1033 5096 1113 5157 luter
1133 5094 1330 5157 Corrsiliarios
1353 5104 1385 5155 ct
1410 5092 1510 5171 Regni
1528 5090 1679 5153 Procerus
1705 5086 1762 5149 Bo·

97 5188 253 5255 testentur,
286 5188 318 5241 at
347 5194 492 5262 quartana,
522 5183 629 5245 neto·
649 5185 824 5265 mutinum,
843 5206 898 5266 quo
956 5187 1055 5249 riscus
1078 5186 1314 5253 Plredoroviciua
1333 5187 1375 5263 (id
1400 5192 1457 5261 eat,
1485 5181 1637 5247 Theodori
1662 5180 1762 5263 cnjus
