<?xml version="1.0" encoding="UTF-8"?>
<!DOCTYPE html PUBLIC "-//W3C//DTD XHTML 1.0 Transitional//EN"
    "http://www.w3.org/TR/xhtml1/DTD/xhtml1-transitional.dtd">
<html xmlns="http://www.w3.org/1999/xhtml" xml:lang="en" lang="en">
 <head>
  <title>
</title>
<meta http-equiv="Content-Type" content="text/html;charset=utf-8" />
  <meta name='ocr-system' content='tesseract 3.04.00' />
  <meta name='ocr-capabilities' content='ocr_page ocr_carea ocr_par ocr_line ocrx_word'/>
</head>
<body>
  <div class='ocr_page' id='page_1' title='image "./historiaeruthen00stargoog_0330.png"; bbox 0 0 3742 5626; ppageno 0'>
   <div class='ocr_carea' id='block_1_1' title="bbox 774 209 1716 279">
    <p class='ocr_par' dir='ltr' id='par_1_1' title="bbox 774 209 1716 279">
     <span class='ocr_line' id='line_1_1' title="bbox 774 209 1716 279; baseline 0.003 -3"><span class='ocrx_word' id='word_1_1' title='bbox 774 209 984 278; x_wconf 74' lang='lat' dir='ltr'><strong>urlsnona</strong></span> <span class='ocrx_word' id='word_1_2' title='bbox 1695 221 1716 279; x_wconf 82' lang='lat' dir='ltr'><strong>o</strong></span> 
     </span>
    </p>
   </div>
   <div class='ocr_carea' id='block_1_2' title="bbox 56 372 1717 460">
    <p class='ocr_par' dir='ltr' id='par_1_2' title="bbox 56 372 1717 460">
     <span class='ocr_line' id='line_1_2' title="bbox 56 372 1717 460; baseline 0.008 -29"><span class='ocrx_word' id='word_1_3' title='bbox 56 377 86 431; x_wconf 89' lang='lat' dir='ltr'><strong>et</strong></span> <span class='ocrx_word' id='word_1_4' title='bbox 105 372 270 451; x_wconf 69' lang='lat' dir='ltr'><strong>sapientior</strong></span> <span class='ocrx_word' id='word_1_5' title='bbox 299 375 369 446; x_wconf 85' lang='lat' dir='ltr'><strong>erit,</strong></span> <span class='ocrx_word' id='word_1_6' title='bbox 403 397 468 449; x_wconf 76' lang='lat' dir='ltr'><strong>nam</strong></span> <span class='ocrx_word' id='word_1_7' title='bbox 491 375 562 437; x_wconf 85' lang='lat' dir='ltr'><strong>iliud</strong></span> <span class='ocrx_word' id='word_1_8' title='bbox 589 373 761 456; x_wconf 74' lang='lat' dir='ltr'><strong>diligentiae</strong></span> <span class='ocrx_word' id='word_1_9' title='bbox 787 380 857 436; x_wconf 85' lang='lat' dir='ltr'><strong>tuae</strong></span> <span class='ocrx_word' id='word_1_10' title='bbox 918 375 1118 438; x_wconf 86' lang='lat' dir='ltr'><strong>Serenitatcm</strong></span> <span class='ocrx_word' id='word_1_11' title='bbox 1143 379 1381 460; x_wconf 82' lang='lat' dir='ltr'><strong>propensissime</strong></span> <span class='ocrx_word' id='word_1_12' title='bbox 1406 381 1559 444; x_wconf 85' lang='lat' dir='ltr'><strong>voluntate</strong></span> <span class='ocrx_word' id='word_1_13' title='bbox 1583 384 1717 460; x_wconf 87' lang='lat' dir='ltr'><strong>testeris,</strong></span> 
     </span>
    </p>
   </div>
   <div class='ocr_carea' id='block_1_3' title="bbox 55 464 1736 4201">
    <p class='ocr_par' dir='ltr' id='par_1_3' title="bbox 55 464 1736 4201">
     <span class='ocr_line' id='line_1_3' title="bbox 56 464 1719 559; baseline 0.008 -33"><span class='ocrx_word' id='word_1_14' title='bbox 56 464 214 526; x_wconf 70' lang='lat' dir='ltr'><strong>admonere</strong></span> <span class='ocrx_word' id='word_1_15' title='bbox 239 487 493 548; x_wconf 80' lang='lat' dir='ltr'><strong>supervacaneum</strong></span> <span class='ocrx_word' id='word_1_16' title='bbox 517 481 673 553; x_wconf 76' lang='lat' dir='ltr'><strong>putamus,</strong></span> <span class='ocrx_word' id='word_1_17' title='bbox 703 474 737 531; x_wconf 93' lang='lat' dir='ltr'><strong>nt</strong></span> <span class='ocrx_word' id='word_1_18' title='bbox 761 468 860 531; x_wconf 79' lang='lat' dir='ltr'><strong>onnia</strong></span> <span class='ocrx_word' id='word_1_19' title='bbox 917 469 1065 548; x_wconf 76' lang='lat' dir='ltr'><strong>nobisque</strong></span> <span class='ocrx_word' id='word_1_20' title='bbox 1085 472 1153 552; x_wconf 87' lang='lat' dir='ltr'><strong>ejus</strong></span> <span class='ocrx_word' id='word_1_21' title='bbox 1162 470 1392 551; x_wconf 80' lang='lat' dir='ltr'><strong>amplitudinen,</strong></span> <span class='ocrx_word' id='word_1_22' title='bbox 1412 481 1442 535; x_wconf 84' lang='lat' dir='ltr'><strong>et</strong></span> <span class='ocrx_word' id='word_1_23' title='bbox 1455 473 1637 555; x_wconf 81' lang='lat' dir='ltr'><strong>dignitatem,</strong></span> <span class='ocrx_word' id='word_1_24' title='bbox 1658 478 1719 559; x_wconf 80' lang='lat' dir='ltr'><strong>qui·</strong></span> 
     </span>
     <span class='ocr_line' id='line_1_4' title="bbox 55 557 1721 653; baseline 0.008 -33"><span class='ocrx_word' id='word_1_25' title='bbox 55 557 286 621; x_wconf 79' lang='lat' dir='ltr'><strong>idoseovitamn</strong></span> <span class='ocrx_word' id='word_1_26' title='bbox 299 562 441 636; x_wconf 89' lang='lat' dir='ltr'><strong>instituta,</strong></span> <span class='ocrx_word' id='word_1_27' title='bbox 460 565 535 625; x_wconf 88' lang='lat' dir='ltr'><strong>ritus</strong></span> <span class='ocrx_word' id='word_1_28' title='bbox 545 564 742 634; x_wconf 86' lang='lat' dir='ltr'><strong>ceremonias,</strong></span> <span class='ocrx_word' id='word_1_29' title='bbox 761 581 858 624; x_wconf 87' lang='lat' dir='ltr'><strong>sacra·</strong></span> <span class='ocrx_word' id='word_1_30' title='bbox 917 562 1094 642; x_wconf 85' lang='lat' dir='ltr'><strong>buscnnquo</strong></span> <span class='ocrx_word' id='word_1_31' title='bbox 1114 564 1145 623; x_wconf 92' lang='lat' dir='ltr'><strong>in</strong></span> <span class='ocrx_word' id='word_1_32' title='bbox 1165 563 1256 625; x_wconf 85' lang='lat' dir='ltr'><strong>rebus</strong></span> <span class='ocrx_word' id='word_1_33' title='bbox 1275 567 1458 647; x_wconf 73' lang='lat' dir='ltr'><strong>poterimus,</strong></span> <span class='ocrx_word' id='word_1_34' title='bbox 1486 588 1576 632; x_wconf 86' lang='lat' dir='ltr'><strong>crrrae</strong></span> <span class='ocrx_word' id='word_1_35' title='bbox 1599 589 1721 653; x_wconf 86' lang='lat' dir='ltr'><strong>semper</strong></span> 
     </span>
     <span class='ocr_line' id='line_1_5' title="bbox 56 653 1378 738; baseline 0.005 -27"><span class='ocrx_word' id='word_1_36' title='bbox 56 662 219 713; x_wconf 80' lang='lat' dir='ltr'><strong>mentorum</strong></span> <span class='ocrx_word' id='word_1_37' title='bbox 244 653 530 718; x_wconf 79' lang='lat' dir='ltr'><strong>administrationem</strong></span> <span class='ocrx_word' id='word_1_38' title='bbox 561 657 667 719; x_wconf 90' lang='lat' dir='ltr'><strong>sedulo</strong></span> <span class='ocrx_word' id='word_1_39' title='bbox 700 658 860 729; x_wconf 83' lang='lat' dir='ltr'><strong>observes,</strong></span> <span class='ocrx_word' id='word_1_40' title='bbox 918 654 1046 717; x_wconf 78' lang='lat' dir='ltr'><strong>futuram</strong></span> <span class='ocrx_word' id='word_1_41' title='bbox 1066 655 1180 735; x_wconf 80' lang='lat' dir='ltr'><strong>prolixo</strong></span> <span class='ocrx_word' id='word_1_42' title='bbox 1199 656 1378 738; x_wconf 86' lang='lat' dir='ltr'><strong>pollicearis.</strong></span> 
     </span>
     <span class='ocr_line' id='line_1_6' title="bbox 56 743 1720 838; baseline 0.01 -36"><span class='ocrx_word' id='word_1_43' title='bbox 56 743 177 824; x_wconf 84' lang='lat' dir='ltr'><strong>etquid</strong></span> <span class='ocrx_word' id='word_1_44' title='bbox 196 747 328 826; x_wconf 70' lang='lat' dir='ltr'><strong>miniano</strong></span> <span class='ocrx_word' id='word_1_45' title='bbox 347 750 466 811; x_wconf 85' lang='lat' dir='ltr'><strong>unionis</strong></span> <span class='ocrx_word' id='word_1_46' title='bbox 487 753 621 832; x_wconf 76' lang='lat' dir='ltr'><strong>negotio,</strong></span> <span class='ocrx_word' id='word_1_47' title='bbox 642 757 675 813; x_wconf 89' lang='lat' dir='ltr'><strong>ut</strong></span> <span class='ocrx_word' id='word_1_48' title='bbox 694 756 787 813; x_wconf 79' lang='lat' dir='ltr'><strong>ratum</strong></span> <span class='ocrx_word' id='word_1_49' title='bbox 814 750 859 812; x_wconf 86' lang='lat' dir='ltr'><strong>tir·</strong></span> <span class='ocrx_word' id='word_1_50' title='bbox 997 746 1088 821; x_wconf 86' lang='lat' dir='ltr'><strong>Quod</strong></span> <span class='ocrx_word' id='word_1_51' title='bbox 1108 751 1136 811; x_wconf 85' lang='lat' dir='ltr'><strong>si</strong></span> <span class='ocrx_word' id='word_1_52' title='bbox 1157 750 1234 811; x_wconf 82' lang='lat' dir='ltr'><strong>torte</strong></span> <span class='ocrx_word' id='word_1_53' title='bbox 1252 750 1494 815; x_wconf 72' lang='lat' dir='ltr'><strong>animadverteris</strong></span> <span class='ocrx_word' id='word_1_54' title='bbox 1513 757 1581 838; x_wconf 87' lang='lat' dir='ltr'><strong>ejus</strong></span> <span class='ocrx_word' id='word_1_55' title='bbox 1601 755 1720 819; x_wconf 87' lang='lat' dir='ltr'><strong>Sereni·</strong></span> 
     </span>
     <span class='ocr_line' id='line_1_7' title="bbox 57 843 1721 931; baseline 0.008 -33"><span class='ocrx_word' id='word_1_56' title='bbox 57 859 134 898; x_wconf 90' lang='grc' dir='ltr'>ιιιιιιιι</span> <span class='ocrx_word' id='word_1_57' title='bbox 153 845 184 899; x_wconf 89' lang='lat' dir='ltr'><strong>et</strong></span> <span class='ocrx_word' id='word_1_58' title='bbox 202 849 375 923; x_wconf 78' lang='lat' dir='ltr'><strong>perpetuu·</strong></span> <span class='ocrx_word' id='word_1_59' title='bbox 396 845 437 906; x_wconf 88' lang='lat' dir='ltr'><strong>sit</strong></span> <span class='ocrx_word' id='word_1_60' title='bbox 455 845 625 929; x_wconf 86' lang='lat' dir='ltr'><strong>adjumanto</strong></span> <span class='ocrx_word' id='word_1_61' title='bbox 644 851 696 908; x_wconf 87' lang='lat' dir='ltr'><strong>aut</strong></span> <span class='ocrx_word' id='word_1_62' title='bbox 720 851 751 908; x_wconf 89' lang='lat' dir='ltr'><strong>et</strong></span> <span class='ocrx_word' id='word_1_63' title='bbox 770 846 860 927; x_wconf 75' lang='lat' dir='ltr'><strong>impe</strong></span> <span class='ocrx_word' id='word_1_64' title='bbox 917 846 1009 903; x_wconf 59' lang='lat' dir='ltr'><strong>wem</strong></span> <span class='ocrx_word' id='word_1_65' title='bbox 1030 843 1078 902; x_wconf 89' lang='lat' dir='ltr'><strong>cui</strong></span> <span class='ocrx_word' id='word_1_66' title='bbox 1099 843 1193 905; x_wconf 86' lang='lat' dir='ltr'><strong>nostri</strong></span> <span class='ocrx_word' id='word_1_67' title='bbox 1212 864 1310 906; x_wconf 83' lang='lat' dir='ltr'><strong>mores</strong></span> <span class='ocrx_word' id='word_1_68' title='bbox 1329 845 1426 906; x_wconf 84' lang='lat' dir='ltr'><strong>minua</strong></span> <span class='ocrx_word' id='word_1_69' title='bbox 1446 848 1506 908; x_wconf 93' lang='lat' dir='ltr'><strong>noti</strong></span> <span class='ocrx_word' id='word_1_70' title='bbox 1532 853 1603 910; x_wconf 88' lang='lat' dir='ltr'><strong>sunt</strong></span> <span class='ocrx_word' id='word_1_71' title='bbox 1621 849 1721 931; x_wconf 83' lang='lat' dir='ltr'><strong>aliquo</strong></span> 
     </span>
     <span class='ocr_line' id='line_1_8' title="bbox 57 931 1722 1018; baseline 0.008 -27"><span class='ocrx_word' id='word_1_72' title='bbox 57 931 188 992; x_wconf 90' lang='lat' dir='ltr'><strong>dimento</strong></span> <span class='ocrx_word' id='word_1_73' title='bbox 215 951 288 995; x_wconf 87' lang='lat' dir='ltr'><strong>esse</strong></span> <span class='ocrx_word' id='word_1_74' title='bbox 311 938 409 1018; x_wconf 89' lang='lat' dir='ltr'><strong>possit</strong></span> <span class='ocrx_word' id='word_1_75' title='bbox 434 943 526 1018; x_wconf 80' lang='lat' dir='ltr'><strong>utque</strong></span> <span class='ocrx_word' id='word_1_76' title='bbox 552 940 801 1002; x_wconf 86' lang='lat' dir='ltr'><strong>instructissimus</strong></span> <span class='ocrx_word' id='word_1_77' title='bbox 820 934 859 1000; x_wconf 89' lang='lat' dir='ltr'><strong>ad</strong></span> <span class='ocrx_word' id='word_1_78' title='bbox 918 933 1007 996; x_wconf 82' lang='lat' dir='ltr'><strong>modo</strong></span> <span class='ocrx_word' id='word_1_79' title='bbox 1026 936 1084 997; x_wconf 90' lang='lat' dir='ltr'><strong>snb</strong></span> <span class='ocrx_word' id='word_1_80' title='bbox 1103 935 1244 999; x_wconf 76' lang='lat' dir='ltr'><strong>olieosan</strong></span> <span class='ocrx_word' id='word_1_81' title='bbox 1266 937 1346 1018; x_wconf 87' lang='lat' dir='ltr'><strong>quod</strong></span> <span class='ocrx_word' id='word_1_82' title='bbox 1372 948 1472 1002; x_wconf 85' lang='lat' dir='ltr'><strong>tamon</strong></span> <span class='ocrx_word' id='word_1_83' title='bbox 1493 960 1552 1002; x_wconf 93' lang='lat' dir='ltr'><strong>non</strong></span> <span class='ocrx_word' id='word_1_84' title='bbox 1573 942 1722 1006; x_wconf 83' lang='lat' dir='ltr'><strong>eredimus</strong></span> 
     </span>
     <span class='ocr_line' id='line_1_9' title="bbox 58 1025 1722 1112; baseline 0.007 -26"><span class='ocrx_word' id='word_1_85' title='bbox 58 1045 114 1086; x_wconf 91' lang='lat' dir='ltr'><strong>nos</strong></span> <span class='ocrx_word' id='word_1_86' title='bbox 133 1025 250 1089; x_wconf 87' lang='lat' dir='ltr'><strong>redeas.</strong></span> <span class='ocrx_word' id='word_1_87' title='bbox 920 1029 1007 1110; x_wconf 87' lang='lat' dir='ltr'><strong>quasi</strong></span> <span class='ocrx_word' id='word_1_88' title='bbox 1026 1031 1179 1111; x_wconf 79' lang='lat' dir='ltr'><strong>inscriptio</strong></span> <span class='ocrx_word' id='word_1_89' title='bbox 1199 1031 1370 1112; x_wconf 82' lang='lat' dir='ltr'><strong>Apostoiici</strong></span> <span class='ocrx_word' id='word_1_90' title='bbox 1392 1033 1492 1095; x_wconf 79' lang='lat' dir='ltr'><strong>brevis</strong></span> <span class='ocrx_word' id='word_1_91' title='bbox 1512 1032 1656 1098; x_wconf 86' lang='lat' dir='ltr'><strong>diminuta</strong></span> <span class='ocrx_word' id='word_1_92' title='bbox 1681 1037 1722 1097; x_wconf 87' lang='lat' dir='ltr'><strong>sit</strong></span> 
     </span>
     <span class='ocr_line' id='line_1_10' title="bbox 133 1118 1725 1210; baseline 0.007 -30"><span class='ocrx_word' id='word_1_93' title='bbox 133 1118 201 1181; x_wconf 85' lang='lat' dir='ltr'><strong>Jam</strong></span> <span class='ocrx_word' id='word_1_94' title='bbox 224 1140 296 1184; x_wconf 81' lang='lat' dir='ltr'><strong>vero</strong></span> <span class='ocrx_word' id='word_1_95' title='bbox 321 1133 489 1207; x_wconf 90' lang='lat' dir='ltr'><strong>opportuno</strong></span> <span class='ocrx_word' id='word_1_96' title='bbox 521 1128 588 1189; x_wconf 91' lang='lat' dir='ltr'><strong>ioco</strong></span> <span class='ocrx_word' id='word_1_97' title='bbox 616 1125 860 1190; x_wconf 83' lang='lat' dir='ltr'><strong>commemorabis</strong></span> <span class='ocrx_word' id='word_1_98' title='bbox 921 1142 1019 1202; x_wconf 83' lang='lat' dir='ltr'><strong>nequo</strong></span> <span class='ocrx_word' id='word_1_99' title='bbox 1045 1145 1150 1186; x_wconf 86' lang='lat' dir='ltr'><strong>omnes</strong></span> <span class='ocrx_word' id='word_1_100' title='bbox 1169 1126 1267 1208; x_wconf 86' lang='lat' dir='ltr'><strong>ipsius</strong></span> <span class='ocrx_word' id='word_1_101' title='bbox 1292 1127 1395 1190; x_wconf 89' lang='lat' dir='ltr'><strong>titulos</strong></span> <span class='ocrx_word' id='word_1_102' title='bbox 1420 1130 1616 1210; x_wconf 83' lang='lat' dir='ltr'><strong>amplectatur</strong></span> <span class='ocrx_word' id='word_1_103' title='bbox 1639 1133 1725 1191; x_wconf 69' lang='lat' dir='ltr'><strong>mum</strong></span> 
     </span>
     <span class='ocr_line' id='line_1_11' title="bbox 60 1215 1723 1298; baseline 0.006 -25"><span class='ocrx_word' id='word_1_104' title='bbox 60 1217 170 1292; x_wconf 88' lang='lat' dir='ltr'><strong>quanta</strong></span> <span class='ocrx_word' id='word_1_105' title='bbox 197 1215 274 1277; x_wconf 89' lang='lat' dir='ltr'><strong>inter</strong></span> <span class='ocrx_word' id='word_1_106' title='bbox 303 1215 459 1280; x_wconf 82' lang='lat' dir='ltr'><strong>Summum</strong></span> <span class='ocrx_word' id='word_1_107' title='bbox 485 1219 658 1283; x_wconf 80' lang='lat' dir='ltr'><strong>Pontificem</strong></span> <span class='ocrx_word' id='word_1_108' title='bbox 689 1229 720 1282; x_wconf 90' lang='lat' dir='ltr'><strong>et</strong></span> <span class='ocrx_word' id='word_1_109' title='bbox 749 1218 861 1279; x_wconf 83' lang='lat' dir='ltr'><strong>Caesa·</strong></span> <span class='ocrx_word' id='word_1_110' title='bbox 921 1216 977 1275; x_wconf 91' lang='lat' dir='ltr'><strong>erit</strong></span> <span class='ocrx_word' id='word_1_111' title='bbox 996 1217 1092 1298; x_wconf 87' lang='lat' dir='ltr'><strong>ipsum</strong></span> <span class='ocrx_word' id='word_1_112' title='bbox 1114 1217 1221 1280; x_wconf 87' lang='lat' dir='ltr'><strong>leniter</strong></span> <span class='ocrx_word' id='word_1_113' title='bbox 1239 1218 1400 1282; x_wconf 74' lang='lat' dir='ltr'><strong>admowe</strong></span> <span class='ocrx_word' id='word_1_114' title='bbox 1422 1219 1723 1284; x_wconf 73' lang='lat' dir='ltr'><strong>bancesseiionani</strong></span> 
     </span>
     <span class='ocr_line' id='line_1_12' title="bbox 59 1306 1724 1392; baseline 0.006 -25"><span class='ocrx_word' id='word_1_115' title='bbox 59 1327 138 1368; x_wconf 71' lang='lat' dir='ltr'><strong>rea·</strong></span> <span class='ocrx_word' id='word_1_116' title='bbox 169 1307 360 1392; x_wconf 81' lang='lat' dir='ltr'><strong>Mrjestatem</strong></span> <span class='ocrx_word' id='word_1_117' title='bbox 391 1315 584 1376; x_wconf 77' lang='lat' dir='ltr'><strong>necessitudo</strong></span> <span class='ocrx_word' id='word_1_118' title='bbox 616 1311 791 1383; x_wconf 74' lang='lat' dir='ltr'><strong>intercedat,</strong></span> <span class='ocrx_word' id='word_1_119' title='bbox 821 1312 862 1372; x_wconf 88' lang='lat' dir='ltr'><strong>ita</strong></span> <span class='ocrx_word' id='word_1_120' title='bbox 920 1306 1151 1392; x_wconf 82' lang='lat' dir='ltr'><strong>Pontificis,qui</strong></span> <span class='ocrx_word' id='word_1_121' title='bbox 1174 1315 1337 1376; x_wconf 87' lang='lat' dir='ltr'><strong>communis</strong></span> <span class='ocrx_word' id='word_1_122' title='bbox 1360 1314 1596 1378; x_wconf 79' lang='lat' dir='ltr'><strong>Christianorum</strong></span> <span class='ocrx_word' id='word_1_123' title='bbox 1612 1315 1724 1378; x_wconf 84' lang='lat' dir='ltr'><strong>Princi-</strong></span> 
     </span>
     <span class='ocr_line' id='line_1_13' title="bbox 60 1401 1725 1487; baseline 0.01 -28"><span class='ocrx_word' id='word_1_124' title='bbox 60 1407 92 1460; x_wconf 93' lang='lat' dir='ltr'><strong>nt</strong></span> <span class='ocrx_word' id='word_1_125' title='bbox 115 1403 183 1482; x_wconf 84' lang='lat' dir='ltr'><strong>ejus</strong></span> <span class='ocrx_word' id='word_1_126' title='bbox 194 1401 355 1464; x_wconf 87' lang='lat' dir='ltr'><strong>Serenitati</strong></span> <span class='ocrx_word' id='word_1_127' title='bbox 376 1407 640 1487; x_wconf 71' lang='lat' dir='ltr'><strong>persuasissimum</strong></span> <span class='ocrx_word' id='word_1_128' title='bbox 661 1427 734 1469; x_wconf 87' lang='lat' dir='ltr'><strong>esse</strong></span> <span class='ocrx_word' id='word_1_129' title='bbox 753 1405 863 1467; x_wconf 87' lang='lat' dir='ltr'><strong>debeat</strong></span> <span class='ocrx_word' id='word_1_130' title='bbox 921 1421 989 1482; x_wconf 89' lang='lat' dir='ltr'><strong>pum</strong></span> <span class='ocrx_word' id='word_1_131' title='bbox 999 1410 1085 1483; x_wconf 87' lang='lat' dir='ltr'><strong>pater</strong></span> <span class='ocrx_word' id='word_1_132' title='bbox 1098 1407 1390 1470; x_wconf 86' lang='lat' dir='ltr'><strong>estvetustissimam</strong></span> <span class='ocrx_word' id='word_1_133' title='bbox 1411 1409 1674 1486; x_wconf 77' lang='lat' dir='ltr'><strong>consuetudinem,</strong></span> <span class='ocrx_word' id='word_1_134' title='bbox 1691 1419 1725 1475; x_wconf 89' lang='lat' dir='ltr'><strong>ut</strong></span> 
     </span>
     <span class='ocr_line' id='line_1_14' title="bbox 59 1496 1724 1588; baseline 0.008 -34"><span class='ocrx_word' id='word_1_135' title='bbox 59 1499 142 1555; x_wconf 89' lang='lat' dir='ltr'><strong>tanto</strong></span> <span class='ocrx_word' id='word_1_136' title='bbox 163 1496 257 1576; x_wconf 81' lang='lat' dir='ltr'><strong>magis</strong></span> <span class='ocrx_word' id='word_1_137' title='bbox 275 1498 371 1576; x_wconf 90' lang='lat' dir='ltr'><strong>ipsius</strong></span> <span class='ocrx_word' id='word_1_138' title='bbox 393 1518 458 1560; x_wconf 85' lang='lat' dir='ltr'><strong>eum</strong></span> <span class='ocrx_word' id='word_1_139' title='bbox 480 1499 613 1562; x_wconf 86' lang='lat' dir='ltr'><strong>Caesare</strong></span> <span class='ocrx_word' id='word_1_140' title='bbox 637 1500 794 1564; x_wconf 79' lang='lat' dir='ltr'><strong>amicitiam</strong></span> <span class='ocrx_word' id='word_1_141' title='bbox 812 1517 862 1560; x_wconf 91' lang='lat' dir='ltr'><strong>au·</strong></span> <span class='ocrx_word' id='word_1_142' title='bbox 921 1515 1027 1558; x_wconf 88' lang='lat' dir='ltr'><strong>omnes</strong></span> <span class='ocrx_word' id='word_1_143' title='bbox 1049 1502 1079 1558; x_wconf 91' lang='lat' dir='ltr'><strong>et</strong></span> <span class='ocrx_word' id='word_1_144' title='bbox 1100 1497 1305 1579; x_wconf 86' lang='lat' dir='ltr'><strong>imperatorem</strong></span> <span class='ocrx_word' id='word_1_145' title='bbox 1328 1505 1358 1561; x_wconf 85' lang='lat' dir='ltr'><strong>et</strong></span> <span class='ocrx_word' id='word_1_146' title='bbox 1377 1500 1569 1581; x_wconf 75' lang='lat' dir='ltr'><strong>Regesfflios</strong></span> <span class='ocrx_word' id='word_1_147' title='bbox 1582 1506 1724 1588; x_wconf 73' lang='lat' dir='ltr'><strong>appellnt,</strong></span> 
     </span>
     <span class='ocr_line' id='line_1_15' title="bbox 59 1587 1725 1678; baseline 0.007 -27"><span class='ocrx_word' id='word_1_148' title='bbox 59 1590 122 1668; x_wconf 76' lang='lat' dir='ltr'><strong>geri</strong></span> <span class='ocrx_word' id='word_1_149' title='bbox 142 1598 174 1650; x_wconf 87' lang='lat' dir='ltr'><strong>et</strong></span> <span class='ocrx_word' id='word_1_150' title='bbox 195 1591 386 1663; x_wconf 87' lang='lat' dir='ltr'><strong>corroborari,</strong></span> <span class='ocrx_word' id='word_1_151' title='bbox 406 1612 466 1673; x_wconf 88' lang='lat' dir='ltr'><strong>quo</strong></span> <span class='ocrx_word' id='word_1_152' title='bbox 485 1596 582 1673; x_wconf 75' lang='lat' dir='ltr'><strong>magis</strong></span> <span class='ocrx_word' id='word_1_153' title='bbox 605 1613 710 1659; x_wconf 87' lang='lat' dir='ltr'><strong>secum</strong></span> <span class='ocrx_word' id='word_1_154' title='bbox 729 1592 862 1654; x_wconf 83' lang='lat' dir='ltr'><strong>Sanctis·</strong></span> <span class='ocrx_word' id='word_1_155' title='bbox 922 1587 1002 1669; x_wconf 87' lang='lat' dir='ltr'><strong>quod</strong></span> <span class='ocrx_word' id='word_1_156' title='bbox 1027 1590 1147 1650; x_wconf 79' lang='lat' dir='ltr'><strong>verbum</strong></span> <span class='ocrx_word' id='word_1_157' title='bbox 1173 1593 1283 1654; x_wconf 90' lang='lat' dir='ltr'><strong>amoris</strong></span> <span class='ocrx_word' id='word_1_158' title='bbox 1308 1599 1340 1654; x_wconf 87' lang='lat' dir='ltr'><strong>et</strong></span> <span class='ocrx_word' id='word_1_159' title='bbox 1368 1597 1501 1658; x_wconf 88' lang='lat' dir='ltr'><strong>caritatis</strong></span> <span class='ocrx_word' id='word_1_160' title='bbox 1520 1597 1725 1678; x_wconf 75' lang='lat' dir='ltr'><strong>pleuresi-o·</strong></span> 
     </span>
     <span class='ocr_line' id='line_1_16' title="bbox 60 1680 1724 1770; baseline 0.006 -26"><span class='ocrx_word' id='word_1_161' title='bbox 60 1684 137 1744; x_wconf 91' lang='lat' dir='ltr'><strong>simo</strong></span> <span class='ocrx_word' id='word_1_162' title='bbox 158 1683 287 1744; x_wconf 86' lang='lat' dir='ltr'><strong>Domino</strong></span> <span class='ocrx_word' id='word_1_163' title='bbox 308 1683 433 1760; x_wconf 88' lang='lat' dir='ltr'><strong>Nostro;</strong></span> <span class='ocrx_word' id='word_1_164' title='bbox 454 1691 569 1747; x_wconf 88' lang='lat' dir='ltr'><strong>etcum</strong></span> <span class='ocrx_word' id='word_1_165' title='bbox 592 1687 769 1766; x_wconf 80' lang='lat' dir='ltr'><strong>Apostolica</strong></span> <span class='ocrx_word' id='word_1_166' title='bbox 788 1683 863 1747; x_wconf 89' lang='lat' dir='ltr'><strong>sede</strong></span> <span class='ocrx_word' id='word_1_167' title='bbox 922 1692 981 1743; x_wconf 85' lang='lat' dir='ltr'><strong>est.</strong></span> <span class='ocrx_word' id='word_1_168' title='bbox 1007 1680 1082 1745; x_wconf 88' lang='lat' dir='ltr'><strong>item</strong></span> <span class='ocrx_word' id='word_1_169' title='bbox 1104 1682 1181 1746; x_wconf 81' lang='lat' dir='ltr'><strong>illam</strong></span> <span class='ocrx_word' id='word_1_170' title='bbox 1202 1705 1275 1746; x_wconf 88' lang='lat' dir='ltr'><strong>esse</strong></span> <span class='ocrx_word' id='word_1_171' title='bbox 1295 1686 1435 1750; x_wconf 81' lang='lat' dir='ltr'><strong>usitatam</strong></span> <span class='ocrx_word' id='word_1_172' title='bbox 1454 1689 1657 1770; x_wconf 87' lang='lat' dir='ltr'><strong>inscriptionis</strong></span> <span class='ocrx_word' id='word_1_173' title='bbox 1669 1693 1724 1755; x_wconf 82' lang='lat' dir='ltr'><strong>ior·</strong></span> 
     </span>
     <span class='ocr_line' id='line_1_17' title="bbox 61 1775 1727 1861; baseline 0.006 -22"><span class='ocrx_word' id='word_1_174' title='bbox 61 1778 250 1859; x_wconf 81' lang='lat' dir='ltr'><strong>conjunxerit</strong></span> <span class='ocrx_word' id='word_1_175' title='bbox 269 1798 336 1839; x_wconf 87' lang='lat' dir='ltr'><strong>uuna</strong></span> <span class='ocrx_word' id='word_1_176' title='bbox 362 1784 392 1840; x_wconf 91' lang='lat' dir='ltr'><strong>et</strong></span> <span class='ocrx_word' id='word_1_177' title='bbox 411 1778 482 1841; x_wconf 90' lang='lat' dir='ltr'><strong>iliud</strong></span> <span class='ocrx_word' id='word_1_178' title='bbox 510 1781 563 1841; x_wconf 88' lang='lat' dir='ltr'><strong>tibi</strong></span> <span class='ocrx_word' id='word_1_179' title='bbox 584 1785 684 1841; x_wconf 88' lang='lat' dir='ltr'><strong>notum</strong></span> <span class='ocrx_word' id='word_1_180' title='bbox 709 1783 772 1850; x_wconf 86' lang='lat' dir='ltr'><strong>est,</strong></span> <span class='ocrx_word' id='word_1_181' title='bbox 797 1797 864 1838; x_wconf 77' lang='lat' dir='ltr'><strong>cum</strong></span> <span class='ocrx_word' id='word_1_182' title='bbox 922 1775 1028 1837; x_wconf 75' lang='lat' dir='ltr'><strong>nulum</strong></span> <span class='ocrx_word' id='word_1_183' title='bbox 1048 1782 1081 1838; x_wconf 90' lang='lat' dir='ltr'><strong>ut</strong></span> <span class='ocrx_word' id='word_1_184' title='bbox 1099 1778 1188 1838; x_wconf 88' lang='lat' dir='ltr'><strong>unius</strong></span> <span class='ocrx_word' id='word_1_185' title='bbox 1207 1782 1268 1839; x_wconf 84' lang='lat' dir='ltr'><strong>tarn</strong></span> <span class='ocrx_word' id='word_1_186' title='bbox 1288 1780 1417 1861; x_wconf 85' lang='lat' dir='ltr'><strong>primarii</strong></span> <span class='ocrx_word' id='word_1_187' title='bbox 1431 1780 1534 1861; x_wconf 77' lang='lat' dir='ltr'><strong>Regni</strong></span> <span class='ocrx_word' id='word_1_188' title='bbox 1554 1787 1662 1847; x_wconf 77' lang='lat' dir='ltr'><strong>mentio</strong></span> <span class='ocrx_word' id='word_1_189' title='bbox 1676 1787 1727 1850; x_wconf 80' lang='lat' dir='ltr'><strong>fiat</strong></span> 
     </span>
     <span class='ocr_line' id='line_1_18' title="bbox 61 1869 1725 1957; baseline 0.005 -24"><span class='ocrx_word' id='word_1_190' title='bbox 61 1871 101 1933; x_wconf 90' lang='lat' dir='ltr'><strong>do</strong></span> <span class='ocrx_word' id='word_1_191' title='bbox 125 1876 176 1932; x_wconf 88' lang='lat' dir='ltr'><strong>tna</strong></span> <span class='ocrx_word' id='word_1_192' title='bbox 206 1871 352 1931; x_wconf 86' lang='lat' dir='ltr'><strong>missione</strong></span> <span class='ocrx_word' id='word_1_193' title='bbox 378 1872 465 1934; x_wconf 90' lang='lat' dir='ltr'><strong>nobis</strong></span> <span class='ocrx_word' id='word_1_194' title='bbox 493 1874 664 1936; x_wconf 84' lang='lat' dir='ltr'><strong>auctoribus</strong></span> <span class='ocrx_word' id='word_1_195' title='bbox 690 1869 864 1953; x_wconf 85' lang='lat' dir='ltr'><strong>imperatori</strong></span> <span class='ocrx_word' id='word_1_196' title='bbox 922 1869 969 1932; x_wconf 87' lang='lat' dir='ltr'><strong>sic</strong></span> <span class='ocrx_word' id='word_1_197' title='bbox 987 1869 1067 1931; x_wconf 89' lang='lat' dir='ltr'><strong>enim</strong></span> <span class='ocrx_word' id='word_1_198' title='bbox 1087 1869 1227 1955; x_wconf 85' lang='lat' dir='ltr'><strong>Philippo</strong></span> <span class='ocrx_word' id='word_1_199' title='bbox 1251 1871 1462 1955; x_wconf 75' lang='lat' dir='ltr'><strong>Hispaniam</strong></span> <span class='ocrx_word' id='word_1_200' title='bbox 1487 1875 1566 1957; x_wconf 75' lang='lat' dir='ltr'><strong>Regi</strong></span> <span class='ocrx_word' id='word_1_201' title='bbox 1588 1877 1725 1943; x_wconf 79' lang='lat' dir='ltr'><strong>illustris</strong></span> 
     </span>
     <span class='ocr_line' id='line_1_19' title="bbox 62 1962 1728 2050; baseline 0.006 -24"><span class='ocrx_word' id='word_1_202' title='bbox 62 1965 185 2026; x_wconf 81' lang='lat' dir='ltr'><strong>relatum</strong></span> <span class='ocrx_word' id='word_1_203' title='bbox 206 1970 291 2026; x_wconf 88' lang='lat' dir='ltr'><strong>esset</strong></span> <span class='ocrx_word' id='word_1_204' title='bbox 310 1967 377 2048; x_wconf 88' lang='lat' dir='ltr'><strong>ojus</strong></span> <span class='ocrx_word' id='word_1_205' title='bbox 396 1965 588 2050; x_wconf 85' lang='lat' dir='ltr'><strong>Majestatem</strong></span> <span class='ocrx_word' id='word_1_206' title='bbox 599 1966 765 2030; x_wconf 85' lang='lat' dir='ltr'><strong>Concilium</strong></span> <span class='ocrx_word' id='word_1_207' title='bbox 776 1962 864 2025; x_wconf 88' lang='lat' dir='ltr'><strong>valde</strong></span> <span class='ocrx_word' id='word_1_208' title='bbox 921 1963 1010 2025; x_wconf 77' lang='lat' dir='ltr'><strong>simo.</strong></span> <span class='ocrx_word' id='word_1_209' title='bbox 1030 1962 1136 2044; x_wconf 74' lang='lat' dir='ltr'><strong>Reges</strong></span> <span class='ocrx_word' id='word_1_210' title='bbox 1154 1997 1194 2009; x_wconf 91' lang='lat'>—</span> <span class='ocrx_word' id='word_1_211' title='bbox 1214 1985 1241 2024; x_wconf 91' lang='lat' dir='ltr'><strong>o.</strong></span> <span class='ocrx_word' id='word_1_212' title='bbox 1262 1966 1291 2026; x_wconf 87' lang='lat' dir='ltr'><strong>in</strong></span> <span class='ocrx_word' id='word_1_213' title='bbox 1310 1967 1469 2030; x_wconf 87' lang='lat' dir='ltr'><strong>scribendo</strong></span> <span class='ocrx_word' id='word_1_214' title='bbox 1490 1970 1621 2033; x_wconf 86' lang='lat' dir='ltr'><strong>illustres</strong></span> <span class='ocrx_word' id='word_1_215' title='bbox 1641 1980 1728 2036; x_wconf 78' lang='lat' dir='ltr'><strong>vocat</strong></span> 
     </span>
     <span class='ocr_line' id='line_1_20' title="bbox 62 2055 1726 2141; baseline 0.006 -21"><span class='ocrx_word' id='word_1_216' title='bbox 62 2058 222 2139; x_wconf 87' lang='lat' dir='ltr'><strong>probasse,</strong></span> <span class='ocrx_word' id='word_1_217' title='bbox 249 2064 280 2119; x_wconf 91' lang='lat' dir='ltr'><strong>et</strong></span> <span class='ocrx_word' id='word_1_218' title='bbox 297 2068 331 2119; x_wconf 88' lang='lat' dir='ltr'><strong>ut</strong></span> <span class='ocrx_word' id='word_1_219' title='bbox 351 2059 536 2122; x_wconf 75' lang='lat' dir='ltr'><strong>commodius</strong></span> <span class='ocrx_word' id='word_1_220' title='bbox 565 2059 597 2122; x_wconf 91' lang='lat' dir='ltr'><strong>id</strong></span> <span class='ocrx_word' id='word_1_221' title='bbox 617 2061 702 2133; x_wconf 89' lang='lat' dir='ltr'><strong>tierit,</strong></span> <span class='ocrx_word' id='word_1_222' title='bbox 721 2064 862 2141; x_wconf 81' lang='lat' dir='ltr'><strong>quantum</strong></span> <span class='ocrx_word' id='word_1_223' title='bbox 923 2056 1079 2118; x_wconf 77' lang='lat' dir='ltr'><strong>Ronanus</strong></span> <span class='ocrx_word' id='word_1_224' title='bbox 1100 2055 1242 2119; x_wconf 79' lang='lat' dir='ltr'><strong>Pontifex</strong></span> <span class='ocrx_word' id='word_1_225' title='bbox 1268 2059 1313 2120; x_wconf 91' lang='lat' dir='ltr'><strong>sic</strong></span> <span class='ocrx_word' id='word_1_226' title='bbox 1339 2065 1370 2123; x_wconf 87' lang='lat' dir='ltr'><strong>et</strong></span> <span class='ocrx_word' id='word_1_227' title='bbox 1388 2061 1592 2126; x_wconf 82' lang='lat' dir='ltr'><strong>Maximiliano</strong></span> <span class='ocrx_word' id='word_1_228' title='bbox 1619 2065 1726 2130; x_wconf 82' lang='lat' dir='ltr'><strong>Roma·</strong></span> 
     </span>
     <span class='ocr_line' id='line_1_21' title="bbox 62 2150 1728 2238; baseline 0.005 -24"><span class='ocrx_word' id='word_1_229' title='bbox 62 2155 93 2214; x_wconf 90' lang='lat' dir='ltr'><strong>in</strong></span> <span class='ocrx_word' id='word_1_230' title='bbox 114 2153 181 2234; x_wconf 86' lang='lat' dir='ltr'><strong>ipso</strong></span> <span class='ocrx_word' id='word_1_231' title='bbox 201 2150 267 2223; x_wconf 87' lang='lat' dir='ltr'><strong>init,</strong></span> <span class='ocrx_word' id='word_1_232' title='bbox 286 2153 414 2232; x_wconf 80' lang='lat' dir='ltr'><strong>benigne</strong></span> <span class='ocrx_word' id='word_1_233' title='bbox 434 2155 634 2235; x_wconf 88' lang='lat' dir='ltr'><strong>praestitisse.</strong></span> <span class='ocrx_word' id='word_1_234' title='bbox 925 2170 1028 2212; x_wconf 91' lang='lat' dir='ltr'><strong>norum</strong></span> <span class='ocrx_word' id='word_1_235' title='bbox 1048 2152 1220 2232; x_wconf 88' lang='lat' dir='ltr'><strong>imperatori</strong></span> <span class='ocrx_word' id='word_1_236' title='bbox 1240 2154 1331 2216; x_wconf 84' lang='lat' dir='ltr'><strong>scribi</strong></span> <span class='ocrx_word' id='word_1_237' title='bbox 1350 2154 1444 2228; x_wconf 84' lang='lat' dir='ltr'><strong>solet,</strong></span> <span class='ocrx_word' id='word_1_238' title='bbox 1470 2158 1647 2238; x_wconf 84' lang='lat' dir='ltr'><strong>reliquorum</strong></span> <span class='ocrx_word' id='word_1_239' title='bbox 1667 2160 1728 2223; x_wconf 75' lang='lat' dir='ltr'><strong>Re</strong></span> 
     </span>
     <span class='ocr_line' id='line_1_22' title="bbox 141 2242 1728 2337; baseline 0.006 -32"><span class='ocrx_word' id='word_1_240' title='bbox 141 2243 271 2305; x_wconf 85' lang='lat' dir='ltr'><strong>Omnino</strong></span> <span class='ocrx_word' id='word_1_241' title='bbox 291 2251 388 2306; x_wconf 78' lang='lat' dir='ltr'><strong>autem</strong></span> <span class='ocrx_word' id='word_1_242' title='bbox 409 2267 476 2308; x_wconf 86' lang='lat' dir='ltr'><strong>cum</strong></span> <span class='ocrx_word' id='word_1_243' title='bbox 495 2269 513 2309; x_wconf 90' lang='lat' dir='ltr'><strong>e</strong></span> <span class='ocrx_word' id='word_1_244' title='bbox 532 2247 690 2310; x_wconf 82' lang='lat' dir='ltr'><strong>Moscovia</strong></span> <span class='ocrx_word' id='word_1_245' title='bbox 708 2242 866 2307; x_wconf 71' lang='lat' dir='ltr'><strong>discedere</strong></span> <span class='ocrx_word' id='word_1_246' title='bbox 924 2263 1046 2323; x_wconf 77' lang='lat' dir='ltr'><strong>gnarum</strong></span> <span class='ocrx_word' id='word_1_247' title='bbox 1065 2246 1285 2306; x_wconf 78' lang='lat' dir='ltr'><strong>enumerationc</strong></span> <span class='ocrx_word' id='word_1_248' title='bbox 1305 2247 1426 2310; x_wconf 68' lang='lat' dir='ltr'><strong>nubea</strong></span> <span class='ocrx_word' id='word_1_249' title='bbox 1449 2247 1551 2322; x_wconf 80' lang='lat' dir='ltr'><strong>Quare</strong></span> <span class='ocrx_word' id='word_1_250' title='bbox 1562 2271 1626 2314; x_wconf 79' lang='lat' dir='ltr'><strong>cunr</strong></span> <span class='ocrx_word' id='word_1_251' title='bbox 1647 2254 1728 2337; x_wconf 85' lang='lat' dir='ltr'><strong>apud</strong></span> 
     </span>
     <span class='ocr_line' id='line_1_23' title="bbox 65 2335 1728 2427; baseline 0.005 -26"><span class='ocrx_word' id='word_1_252' title='bbox 65 2339 196 2401; x_wconf 82' lang='lat' dir='ltr'><strong>raineris</strong></span> <span class='ocrx_word' id='word_1_253' title='bbox 215 2359 248 2399; x_wconf 86' lang='lat' dir='ltr'><strong>re</strong></span> <span class='ocrx_word' id='word_1_254' title='bbox 268 2359 419 2421; x_wconf 86' lang='lat' dir='ltr'><strong>prospere,</strong></span> <span class='ocrx_word' id='word_1_255' title='bbox 439 2346 471 2402; x_wconf 87' lang='lat' dir='ltr'><strong>et</strong></span> <span class='ocrx_word' id='word_1_256' title='bbox 480 2340 609 2404; x_wconf 79' lang='lat' dir='ltr'><strong>feliciter</strong></span> <span class='ocrx_word' id='word_1_257' title='bbox 628 2346 731 2421; x_wconf 77' lang='lat' dir='ltr'><strong>gesta,</strong></span> <span class='ocrx_word' id='word_1_258' title='bbox 752 2339 867 2400; x_wconf 88' lang='lat' dir='ltr'><strong>litteras</strong></span> <span class='ocrx_word' id='word_1_259' title='bbox 926 2357 981 2398; x_wconf 87' lang='lat' dir='ltr'><strong>nos</strong></span> <span class='ocrx_word' id='word_1_260' title='bbox 1000 2335 1102 2417; x_wconf 73' lang='lat' dir='ltr'><strong>Magni</strong></span> <span class='ocrx_word' id='word_1_261' title='bbox 1121 2336 1299 2401; x_wconf 78' lang='lat' dir='ltr'><strong>Moscoriae</strong></span> <span class='ocrx_word' id='word_1_262' title='bbox 1309 2337 1406 2403; x_wconf 88' lang='lat' dir='ltr'><strong>Ducis</strong></span> <span class='ocrx_word' id='word_1_263' title='bbox 1424 2347 1604 2427; x_wconf 83' lang='lat' dir='ltr'><strong>nuncupatio</strong></span> <span class='ocrx_word' id='word_1_264' title='bbox 1623 2351 1728 2420; x_wconf 85' lang='lat' dir='ltr'><strong>notior,</strong></span> 
     </span>
     <span class='ocr_line' id='line_1_24' title="bbox 63 2430 1728 2515; baseline 0.004 -18"><span class='ocrx_word' id='word_1_265' title='bbox 63 2434 168 2512; x_wconf 75' lang='lat' dir='ltr'><strong>Magni</strong></span> <span class='ocrx_word' id='word_1_266' title='bbox 188 2432 285 2494; x_wconf 89' lang='lat' dir='ltr'><strong>Ducis</strong></span> <span class='ocrx_word' id='word_1_267' title='bbox 309 2432 348 2494; x_wconf 89' lang='lat' dir='ltr'><strong>od</strong></span> <span class='ocrx_word' id='word_1_268' title='bbox 368 2432 598 2513; x_wconf 74' lang='lat' dir='ltr'><strong>sanctissinum</strong></span> <span class='ocrx_word' id='word_1_269' title='bbox 621 2433 797 2497; x_wconf 77' lang='lat' dir='ltr'><strong>Pontificem</strong></span> <span class='ocrx_word' id='word_1_270' title='bbox 824 2430 866 2491; x_wconf 90' lang='lat' dir='ltr'><strong>di·</strong></span> <span class='ocrx_word' id='word_1_271' title='bbox 924 2435 956 2492; x_wconf 89' lang='lat' dir='ltr'><strong>et</strong></span> <span class='ocrx_word' id='word_1_272' title='bbox 974 2431 1104 2492; x_wconf 81' lang='lat' dir='ltr'><strong>crebrior</strong></span> <span class='ocrx_word' id='word_1_273' title='bbox 1121 2432 1172 2508; x_wconf 87' lang='lat' dir='ltr'><strong>sit,</strong></span> <span class='ocrx_word' id='word_1_274' title='bbox 1192 2453 1229 2495; x_wconf 83' lang='lat' dir='ltr'><strong>es</strong></span> <span class='ocrx_word' id='word_1_275' title='bbox 1255 2433 1445 2515; x_wconf 77' lang='lat' dir='ltr'><strong>potissimum</strong></span> <span class='ocrx_word' id='word_1_276' title='bbox 1464 2456 1522 2500; x_wconf 88' lang='lat' dir='ltr'><strong>usa</strong></span> <span class='ocrx_word' id='word_1_277' title='bbox 1546 2449 1595 2501; x_wconf 91' lang='lat' dir='ltr'><strong>est</strong></span> <span class='ocrx_word' id='word_1_278' title='bbox 1612 2439 1728 2503; x_wconf 87' lang='lat' dir='ltr'><strong>Sancti·</strong></span> 
     </span>
     <span class='ocr_line' id='line_1_25' title="bbox 64 2523 1728 2612; baseline 0.005 -22"><span class='ocrx_word' id='word_1_279' title='bbox 64 2549 139 2609; x_wconf 80' lang='lat' dir='ltr'><strong>gnus</strong></span> <span class='ocrx_word' id='word_1_280' title='bbox 159 2536 242 2588; x_wconf 88' lang='lat' dir='ltr'><strong>tanto</strong></span> <span class='ocrx_word' id='word_1_281' title='bbox 263 2523 419 2607; x_wconf 82' lang='lat' dir='ltr'><strong>Principe,</strong></span> <span class='ocrx_word' id='word_1_282' title='bbox 437 2527 545 2608; x_wconf 76' lang='lat' dir='ltr'><strong>dignas</strong></span> <span class='ocrx_word' id='word_1_283' title='bbox 564 2528 771 2612; x_wconf 81' lang='lat' dir='ltr'><strong>expectatione</strong></span> <span class='ocrx_word' id='word_1_284' title='bbox 790 2524 866 2588; x_wconf 80' lang='lat' dir='ltr'><strong>San·</strong></span> <span class='ocrx_word' id='word_1_285' title='bbox 924 2528 973 2586; x_wconf 82' lang='lat' dir='ltr'><strong>tas</strong></span> <span class='ocrx_word' id='word_1_286' title='bbox 992 2544 1050 2587; x_wconf 87' lang='lat' dir='ltr'><strong>sua</strong></span> <span class='ocrx_word' id='word_1_287' title='bbox 1070 2545 1166 2607; x_wconf 77' lang='lat' dir='ltr'><strong>neque</strong></span> <span class='ocrx_word' id='word_1_288' title='bbox 1192 2533 1241 2588; x_wconf 90' lang='lat' dir='ltr'><strong>est</strong></span> <span class='ocrx_word' id='word_1_289' title='bbox 1262 2526 1342 2607; x_wconf 88' lang='lat' dir='ltr'><strong>quod</strong></span> <span class='ocrx_word' id='word_1_290' title='bbox 1362 2530 1431 2611; x_wconf 89' lang='lat' dir='ltr'><strong>ejus</strong></span> <span class='ocrx_word' id='word_1_291' title='bbox 1449 2528 1607 2596; x_wconf 73' lang='lat' dir='ltr'><strong>serenitas</strong></span> <span class='ocrx_word' id='word_1_292' title='bbox 1627 2556 1728 2598; x_wconf 80' lang='lat' dir='ltr'><strong>verea-</strong></span> 
     </span>
     <span class='ocr_line' id='line_1_26' title="bbox 64 2616 1730 2706; baseline 0.004 -22"><span class='ocrx_word' id='word_1_293' title='bbox 64 2621 175 2684; x_wconf 88' lang='lat' dir='ltr'><strong>ctitatis</strong></span> <span class='ocrx_word' id='word_1_294' title='bbox 194 2639 270 2681; x_wconf 88' lang='lat' dir='ltr'><strong>suae</strong></span> <span class='ocrx_word' id='word_1_295' title='bbox 296 2625 327 2680; x_wconf 89' lang='lat' dir='ltr'><strong>et</strong></span> <span class='ocrx_word' id='word_1_296' title='bbox 353 2628 488 2694; x_wconf 75' lang='lat' dir='ltr'><strong>nosnos,</strong></span> <span class='ocrx_word' id='word_1_297' title='bbox 518 2628 549 2685; x_wconf 89' lang='lat' dir='ltr'><strong>et</strong></span> <span class='ocrx_word' id='word_1_298' title='bbox 567 2643 655 2706; x_wconf 86' lang='lat' dir='ltr'><strong>quam</strong></span> <span class='ocrx_word' id='word_1_299' title='bbox 676 2621 867 2704; x_wconf 76' lang='lat' dir='ltr'><strong>plenissimas</strong></span> <span class='ocrx_word' id='word_1_300' title='bbox 925 2622 983 2688; x_wconf 89' lang='lat' dir='ltr'><strong>tur,</strong></span> <span class='ocrx_word' id='word_1_301' title='bbox 1005 2616 1149 2698; x_wconf 86' lang='lat' dir='ltr'><strong>quidquid</strong></span> <span class='ocrx_word' id='word_1_302' title='bbox 1169 2640 1207 2680; x_wconf 84' lang='lat' dir='ltr'><strong>ex</strong></span> <span class='ocrx_word' id='word_1_303' title='bbox 1226 2640 1263 2680; x_wconf 93' lang='lat' dir='ltr'><strong>eo</strong></span> <span class='ocrx_word' id='word_1_304' title='bbox 1289 2619 1328 2682; x_wconf 90' lang='lat' dir='ltr'><strong>de</strong></span> <span class='ocrx_word' id='word_1_305' title='bbox 1349 2624 1417 2704; x_wconf 88' lang='lat' dir='ltr'><strong>ejus</strong></span> <span class='ocrx_word' id='word_1_306' title='bbox 1436 2622 1579 2704; x_wconf 78' lang='lat' dir='ltr'><strong>dignitato</strong></span> <span class='ocrx_word' id='word_1_307' title='bbox 1599 2630 1730 2691; x_wconf 83' lang='lat' dir='ltr'><strong>imminui</strong></span> 
     </span>
     <span class='ocr_line' id='line_1_27' title="bbox 65 2711 1728 2798; baseline 0.004 -20"><span class='ocrx_word' id='word_1_308' title='bbox 65 2714 240 2798; x_wconf 78' lang='lat' dir='ltr'><strong>reportabis.</strong></span> <span class='ocrx_word' id='word_1_309' title='bbox 262 2712 337 2775; x_wconf 88' lang='grc' dir='ltr'>Τιιιιι</span> <span class='ocrx_word' id='word_1_310' title='bbox 350 2715 422 2776; x_wconf 89' lang='lat' dir='ltr'><strong>illud</strong></span> <span class='ocrx_word' id='word_1_311' title='bbox 442 2722 472 2777; x_wconf 88' lang='lat' dir='ltr'><strong>ct</strong></span> <span class='ocrx_word' id='word_1_312' title='bbox 492 2719 571 2778; x_wconf 92' lang='lat' dir='ltr'><strong>omni</strong></span> <span class='ocrx_word' id='word_1_313' title='bbox 592 2718 782 2778; x_wconf 85' lang='lat' dir='ltr'><strong>contentione</strong></span> <span class='ocrx_word' id='word_1_314' title='bbox 802 2735 866 2796; x_wconf 89' lang='lat' dir='ltr'><strong>pro·</strong></span> <span class='ocrx_word' id='word_1_315' title='bbox 926 2716 987 2773; x_wconf 77' lang='lat' dir='ltr'><strong>mu</strong></span> <span class='ocrx_word' id='word_1_316' title='bbox 1008 2711 1092 2793; x_wconf 86' lang='lat' dir='ltr'><strong>quia,</strong></span> <span class='ocrx_word' id='word_1_317' title='bbox 1116 2716 1149 2772; x_wconf 87' lang='lat' dir='ltr'><strong>ut</strong></span> <span class='ocrx_word' id='word_1_318' title='bbox 1163 2714 1225 2795; x_wconf 89' lang='lat' dir='ltr'><strong>jam</strong></span> <span class='ocrx_word' id='word_1_319' title='bbox 1246 2711 1306 2774; x_wconf 81' lang='lat' dir='ltr'><strong>disi</strong></span> <span class='ocrx_word' id='word_1_320' title='bbox 1333 2735 1370 2774; x_wconf 88' lang='lat' dir='ltr'><strong>ea</strong></span> <span class='ocrx_word' id='word_1_321' title='bbox 1390 2715 1470 2796; x_wconf 85' lang='lat' dir='ltr'><strong>apud</strong></span> <span class='ocrx_word' id='word_1_322' title='bbox 1490 2739 1548 2779; x_wconf 92' lang='lat' dir='ltr'><strong>nos</strong></span> <span class='ocrx_word' id='word_1_323' title='bbox 1576 2722 1728 2783; x_wconf 88' lang='lat' dir='ltr'><strong>scribendi</strong></span> 
     </span>
     <span class='ocr_line' id='line_1_28' title="bbox 63 2805 1732 2894; baseline 0.004 -23"><span class='ocrx_word' id='word_1_324' title='bbox 63 2810 184 2871; x_wconf 87' lang='lat' dir='ltr'><strong>curabis</strong></span> <span class='ocrx_word' id='word_1_325' title='bbox 202 2813 236 2869; x_wconf 93' lang='lat' dir='ltr'><strong>ut</strong></span> <span class='ocrx_word' id='word_1_326' title='bbox 261 2806 328 2891; x_wconf 84' lang='lat' dir='ltr'><strong>ejus</strong></span> <span class='ocrx_word' id='word_1_327' title='bbox 347 2809 503 2872; x_wconf 80' lang='lat' dir='ltr'><strong>serenitas</strong></span> <span class='ocrx_word' id='word_1_328' title='bbox 522 2830 560 2871; x_wconf 84' lang='lat' dir='ltr'><strong>ox</strong></span> <span class='ocrx_word' id='word_1_329' title='bbox 584 2811 728 2892; x_wconf 83' lang='lat' dir='ltr'><strong>majorum</strong></span> <span class='ocrx_word' id='word_1_330' title='bbox 746 2826 868 2870; x_wconf 89' lang='lat' dir='ltr'><strong>suorum</strong></span> <span class='ocrx_word' id='word_1_331' title='bbox 926 2805 1002 2866; x_wconf 91' lang='lat' dir='ltr'><strong>ratio</strong></span> <span class='ocrx_word' id='word_1_332' title='bbox 1031 2809 1181 2881; x_wconf 78' lang='lat' dir='ltr'><strong>servatur,</strong></span> <span class='ocrx_word' id='word_1_333' title='bbox 1210 2811 1272 2867; x_wconf 90' lang='lat' dir='ltr'><strong>tum</strong></span> <span class='ocrx_word' id='word_1_334' title='bbox 1299 2807 1387 2868; x_wconf 87' lang='lat' dir='ltr'><strong>etiam</strong></span> <span class='ocrx_word' id='word_1_335' title='bbox 1414 2809 1485 2887; x_wconf 87' lang='lat' dir='ltr'><strong>quia</strong></span> <span class='ocrx_word' id='word_1_336' title='bbox 1503 2831 1590 2875; x_wconf 89' lang='lat' dir='ltr'><strong>nemo</strong></span> <span class='ocrx_word' id='word_1_337' title='bbox 1617 2816 1732 2894; x_wconf 80' lang='lat' dir='ltr'><strong>ignorat</strong></span> 
     </span>
     <span class='ocr_line' id='line_1_29' title="bbox 64 2895 1730 2987; baseline 0.001 -23"><span class='ocrx_word' id='word_1_338' title='bbox 64 2900 203 2981; x_wconf 79' lang='lat' dir='ltr'><strong>exemplo</strong></span> <span class='ocrx_word' id='word_1_339' title='bbox 215 2902 392 2979; x_wconf 80' lang='lat' dir='ltr'><strong>legationem</strong></span> <span class='ocrx_word' id='word_1_340' title='bbox 405 2901 661 2985; x_wconf 76' lang='lat' dir='ltr'><strong>quoqueRoman</strong></span> <span class='ocrx_word' id='word_1_341' title='bbox 671 2903 776 2974; x_wconf 78' lang='lat' dir='ltr'><strong>mittat,</strong></span> <span class='ocrx_word' id='word_1_342' title='bbox 788 2896 869 2982; x_wconf 81' lang='lat' dir='ltr'><strong>quod</strong></span> <span class='ocrx_word' id='word_1_343' title='bbox 928 2899 997 2980; x_wconf 87' lang='lat' dir='ltr'><strong>ejus</strong></span> <span class='ocrx_word' id='word_1_344' title='bbox 1009 2895 1208 2959; x_wconf 82' lang='lat' dir='ltr'><strong>Serenitatera</strong></span> <span class='ocrx_word' id='word_1_345' title='bbox 1227 2899 1460 2981; x_wconf 81' lang='lat' dir='ltr'><strong>quamplurimis</strong></span> <span class='ocrx_word' id='word_1_346' title='bbox 1478 2903 1607 2986; x_wconf 85' lang='lat' dir='ltr'><strong>populis,</strong></span> <span class='ocrx_word' id='word_1_347' title='bbox 1628 2912 1730 2987; x_wconf 86' lang='lat' dir='ltr'><strong>etpro-</strong></span> 
     </span>
     <span class='ocr_line' id='line_1_30' title="bbox 65 2989 1731 3078; baseline 0.004 -22"><span class='ocrx_word' id='word_1_348' title='bbox 65 2997 189 3056; x_wconf 76' lang='lat' dir='ltr'><strong>Snnmo</strong></span> <span class='ocrx_word' id='word_1_349' title='bbox 202 2992 350 3067; x_wconf 82' lang='lat' dir='ltr'><strong>Pontifici,</strong></span> <span class='ocrx_word' id='word_1_350' title='bbox 372 3007 403 3056; x_wconf 91' lang='lat' dir='ltr'><strong>et</strong></span> <span class='ocrx_word' id='word_1_351' title='bbox 414 2993 509 3057; x_wconf 87' lang='lat' dir='ltr'><strong>Sacro</strong></span> <span class='ocrx_word' id='word_1_352' title='bbox 526 2993 798 3058; x_wconf 79' lang='lat' dir='ltr'><strong>illustrissimorum</strong></span> <span class='ocrx_word' id='word_1_353' title='bbox 808 2992 868 3056; x_wconf 89' lang='lat' dir='ltr'><strong>Do·</strong></span> <span class='ocrx_word' id='word_1_354' title='bbox 928 2990 1034 3052; x_wconf 88' lang='lat' dir='ltr'><strong>vinclis</strong></span> <span class='ocrx_word' id='word_1_355' title='bbox 1052 2989 1199 3052; x_wconf 75' lang='lat' dir='ltr'><strong>latissime</strong></span> <span class='ocrx_word' id='word_1_356' title='bbox 1219 2992 1380 3073; x_wconf 85' lang='lat' dir='ltr'><strong>imperare,</strong></span> <span class='ocrx_word' id='word_1_357' title='bbox 1413 3014 1473 3077; x_wconf 84' lang='lat' dir='ltr'><strong>qua</strong></span> <span class='ocrx_word' id='word_1_358' title='bbox 1505 2997 1624 3078; x_wconf 75' lang='lat' dir='ltr'><strong>quddam</strong></span> <span class='ocrx_word' id='word_1_359' title='bbox 1648 3001 1678 3060; x_wconf 94' lang='lat' dir='ltr'><strong>in</strong></span> <span class='ocrx_word' id='word_1_360' title='bbox 1698 3021 1731 3063; x_wconf 91' lang='lat' dir='ltr'><strong>re</strong></span> 
     </span>
     <span class='ocr_line' id='line_1_31' title="bbox 66 3082 1731 3169; baseline 0.004 -19"><span class='ocrx_word' id='word_1_361' title='bbox 66 3091 208 3150; x_wconf 69' lang='lat' dir='ltr'><strong>ninom·</strong></span> <span class='ocrx_word' id='word_1_362' title='bbox 232 3085 431 3151; x_wconf 75' lang='lat' dir='ltr'><strong>cardinalium</strong></span> <span class='ocrx_word' id='word_1_363' title='bbox 443 3088 577 3169; x_wconf 77' lang='lat' dir='ltr'><strong>collegio</strong></span> <span class='ocrx_word' id='word_1_364' title='bbox 596 3088 795 3168; x_wconf 79' lang='lat' dir='ltr'><strong>gratissimum</strong></span> <span class='ocrx_word' id='word_1_365' title='bbox 805 3087 870 3149; x_wconf 89' lang='lat' dir='ltr'><strong>lore</strong></span> <span class='ocrx_word' id='word_1_366' title='bbox 928 3082 1049 3166; x_wconf 80' lang='lat' dir='ltr'><strong>siquid</strong></span> <span class='ocrx_word' id='word_1_367' title='bbox 1066 3104 1087 3146; x_wconf 86' lang='lat' dir='ltr'><strong>a</strong></span> <span class='ocrx_word' id='word_1_368' title='bbox 1105 3084 1194 3147; x_wconf 88' lang='lat' dir='ltr'><strong>nobis</strong></span> <span class='ocrx_word' id='word_1_369' title='bbox 1212 3101 1330 3167; x_wconf 81' lang='lat' dir='ltr'><strong>quoque</strong></span> <span class='ocrx_word' id='word_1_370' title='bbox 1348 3089 1590 3168; x_wconf 77' lang='lat' dir='ltr'><strong>praetermissum</strong></span> <span class='ocrx_word' id='word_1_371' title='bbox 1615 3099 1663 3155; x_wconf 88' lang='lat' dir='ltr'><strong>est</strong></span> <span class='ocrx_word' id='word_1_372' title='bbox 1682 3112 1731 3157; x_wconf 86' lang='lat' dir='ltr'><strong>cu·</strong></span> 
     </span>
     <span class='ocr_line' id='line_1_32' title="bbox 64 3177 1731 3265; baseline 0.004 -21"><span class='ocrx_word' id='word_1_373' title='bbox 64 3181 271 3254; x_wconf 77' lang='lat' dir='ltr'><strong>confirmabis,</strong></span> <span class='ocrx_word' id='word_1_374' title='bbox 300 3181 504 3265; x_wconf 85' lang='lat' dir='ltr'><strong>ostendesque</strong></span> <span class='ocrx_word' id='word_1_375' title='bbox 528 3182 588 3245; x_wconf 89' lang='lat' dir='ltr'><strong>boc</strong></span> <span class='ocrx_word' id='word_1_376' title='bbox 607 3182 735 3244; x_wconf 77' lang='lat' dir='ltr'><strong>maxine</strong></span> <span class='ocrx_word' id='word_1_377' title='bbox 754 3199 869 3243; x_wconf 80' lang='lat' dir='ltr'><strong>aecum</strong></span> <span class='ocrx_word' id='word_1_378' title='bbox 926 3179 1026 3261; x_wconf 89' lang='lat' dir='ltr'><strong>pimus</strong></span> <span class='ocrx_word' id='word_1_379' title='bbox 1037 3198 1098 3239; x_wconf 92' lang='lat' dir='ltr'><strong>non</strong></span> <span class='ocrx_word' id='word_1_380' title='bbox 1107 3177 1187 3261; x_wconf 79' lang='lat' dir='ltr'><strong>apud</strong></span> <span class='ocrx_word' id='word_1_381' title='bbox 1198 3177 1471 3262; x_wconf 84' lang='lat' dir='ltr'><strong>ejusSereoitatem</strong></span> <span class='ocrx_word' id='word_1_382' title='bbox 1480 3189 1641 3247; x_wconf 82' lang='lat' dir='ltr'><strong>excusatos</strong></span> <span class='ocrx_word' id='word_1_383' title='bbox 1650 3206 1731 3250; x_wconf 86' lang='lat' dir='ltr'><strong>ease.</strong></span> 
     </span>
     <span class='ocr_line' id='line_1_33' title="bbox 64 3271 1730 3356; baseline 0.002 -18"><span class='ocrx_word' id='word_1_384' title='bbox 64 3275 217 3338; x_wconf 89' lang='lat' dir='ltr'><strong>modatnm</strong></span> <span class='ocrx_word' id='word_1_385' title='bbox 237 3275 385 3338; x_wconf 84' lang='lat' dir='ltr'><strong>vinculum</strong></span> <span class='ocrx_word' id='word_1_386' title='bbox 404 3297 476 3339; x_wconf 86' lang='lat' dir='ltr'><strong>esse</strong></span> <span class='ocrx_word' id='word_1_387' title='bbox 491 3273 775 3339; x_wconf 76' lang='lat' dir='ltr'><strong>adconnectendan</strong></span> <span class='ocrx_word' id='word_1_388' title='bbox 786 3279 869 3335; x_wconf 87' lang='lat' dir='ltr'><strong>tanto</strong></span> <span class='ocrx_word' id='word_1_389' title='bbox 1005 3271 1092 3334; x_wconf 88' lang='lat' dir='ltr'><strong>Deus</strong></span> <span class='ocrx_word' id='word_1_390' title='bbox 1111 3273 1310 3356; x_wconf 75' lang='lat' dir='ltr'><strong>onotpoteos,</strong></span> <span class='ocrx_word' id='word_1_391' title='bbox 1329 3275 1380 3355; x_wconf 87' lang='lat' dir='ltr'><strong>qni</strong></span> <span class='ocrx_word' id='word_1_392' title='bbox 1400 3273 1633 3356; x_wconf 86' lang='lat' dir='ltr'><strong>plantationibus</strong></span> <span class='ocrx_word' id='word_1_393' title='bbox 1653 3285 1684 3340; x_wconf 90' lang='lat' dir='ltr'><strong>et</strong></span> <span class='ocrx_word' id='word_1_394' title='bbox 1695 3281 1730 3341; x_wconf 89' lang='lat' dir='ltr'><strong>ir·</strong></span> 
     </span>
     <span class='ocr_line' id='line_1_34' title="bbox 65 3365 1733 3456; baseline -0.001 -23"><span class='ocrx_word' id='word_1_395' title='bbox 65 3371 179 3433; x_wconf 77' lang='lat' dir='ltr'><strong>metius</strong></span> <span class='ocrx_word' id='word_1_396' title='bbox 198 3369 424 3432; x_wconf 86' lang='lat' dir='ltr'><strong>benevolentiae</strong></span> <span class='ocrx_word' id='word_1_397' title='bbox 443 3371 591 3450; x_wconf 85' lang='lat' dir='ltr'><strong>copulam,</strong></span> <span class='ocrx_word' id='word_1_398' title='bbox 609 3369 762 3451; x_wconf 79' lang='lat' dir='ltr'><strong>multaque</strong></span> <span class='ocrx_word' id='word_1_399' title='bbox 782 3389 820 3430; x_wconf 83' lang='lat' dir='ltr'><strong>ex</strong></span> <span class='ocrx_word' id='word_1_400' title='bbox 833 3387 870 3429; x_wconf 90' lang='lat' dir='ltr'><strong>eo</strong></span> <span class='ocrx_word' id='word_1_401' title='bbox 927 3365 1123 3447; x_wconf 72' lang='lat' dir='ltr'><strong>rigationibus</strong></span> <span class='ocrx_word' id='word_1_402' title='bbox 1141 3369 1254 3428; x_wconf 85' lang='lat' dir='ltr'><strong>nostris</strong></span> <span class='ocrx_word' id='word_1_403' title='bbox 1273 3366 1585 3432; x_wconf 78' lang='lat' dir='ltr'><strong>solusincreneotum</strong></span> <span class='ocrx_word' id='word_1_404' title='bbox 1600 3371 1653 3434; x_wconf 86' lang='lat' dir='ltr'><strong>dat</strong></span> <span class='ocrx_word' id='word_1_405' title='bbox 1666 3374 1733 3456; x_wconf 84' lang='lat' dir='ltr'><strong>ipse</strong></span> 
     </span>
     <span class='ocr_line' id='line_1_35' title="bbox 65 3457 1734 3546; baseline 0.004 -26"><span class='ocrx_word' id='word_1_406' title='bbox 65 3462 236 3540; x_wconf 72' lang='lat' dir='ltr'><strong>commoda,</strong></span> <span class='ocrx_word' id='word_1_407' title='bbox 256 3469 287 3524; x_wconf 87' lang='lat' dir='ltr'><strong>et</strong></span> <span class='ocrx_word' id='word_1_408' title='bbox 306 3464 448 3527; x_wconf 79' lang='lat' dir='ltr'><strong>utilitates</strong></span> <span class='ocrx_word' id='word_1_409' title='bbox 472 3469 813 3546; x_wconf 50' lang='lat' dir='ltr'><strong>promunturiumque</strong></span> <span class='ocrx_word' id='word_1_410' title='bbox 837 3466 871 3523; x_wconf 85' lang='lat' dir='ltr'><strong>to</strong></span> <span class='ocrx_word' id='word_1_411' title='bbox 929 3460 981 3521; x_wconf 82' lang='lat' dir='ltr'><strong>del</strong></span> <span class='ocrx_word' id='word_1_412' title='bbox 999 3459 1053 3520; x_wconf 81' lang='lat' dir='ltr'><strong>libi</strong></span> <span class='ocrx_word' id='word_1_413' title='bbox 1068 3457 1211 3541; x_wconf 72' lang='lat' dir='ltr'><strong>Spiritu·</strong></span> <span class='ocrx_word' id='word_1_414' title='bbox 1221 3459 1338 3522; x_wconf 73' lang='lat' dir='ltr'><strong>camilli</strong></span> <span class='ocrx_word' id='word_1_415' title='bbox 1352 3470 1383 3524; x_wconf 83' lang='lat' dir='ltr'><strong>ei</strong></span> <span class='ocrx_word' id='word_1_416' title='bbox 1394 3463 1572 3542; x_wconf 74' lang='lat' dir='ltr'><strong>intellectus,</strong></span> <span class='ocrx_word' id='word_1_417' title='bbox 1591 3468 1734 3531; x_wconf 72' lang='lat' dir='ltr'><strong>triennia</strong></span> 
     </span>
     <span class='ocr_line' id='line_1_36' title="bbox 65 3553 1733 3640; baseline 0.001 -20"><span class='ocrx_word' id='word_1_418' title='bbox 65 3561 195 3640; x_wconf 77' lang='lat' dir='ltr'><strong>graviter</strong></span> <span class='ocrx_word' id='word_1_419' title='bbox 224 3564 422 3638; x_wconf 83' lang='lat' dir='ltr'><strong>accurateque</strong></span> <span class='ocrx_word' id='word_1_420' title='bbox 453 3558 665 3639; x_wconf 87' lang='lat' dir='ltr'><strong>percensebis,</strong></span> <span class='ocrx_word' id='word_1_421' title='bbox 696 3575 870 3636; x_wconf 74' lang='lat' dir='ltr'><strong>omenque</strong></span> <span class='ocrx_word' id='word_1_422' title='bbox 929 3553 1055 3616; x_wconf 78' lang='lat' dir='ltr'><strong>fideliter</strong></span> <span class='ocrx_word' id='word_1_423' title='bbox 1075 3557 1105 3614; x_wconf 88' lang='lat' dir='ltr'><strong>et</strong></span> <span class='ocrx_word' id='word_1_424' title='bbox 1124 3553 1235 3615; x_wconf 89' lang='lat' dir='ltr'><strong>utiliter</strong></span> <span class='ocrx_word' id='word_1_425' title='bbox 1253 3573 1338 3634; x_wconf 77' lang='lat' dir='ltr'><strong>agas,</strong></span> <span class='ocrx_word' id='word_1_426' title='bbox 1357 3562 1390 3618; x_wconf 90' lang='lat' dir='ltr'><strong>ut</strong></span> <span class='ocrx_word' id='word_1_427' title='bbox 1410 3563 1441 3619; x_wconf 90' lang='lat' dir='ltr'><strong>ot</strong></span> <span class='ocrx_word' id='word_1_428' title='bbox 1459 3558 1498 3620; x_wconf 93' lang='lat' dir='ltr'><strong>ab</strong></span> <span class='ocrx_word' id='word_1_429' title='bbox 1509 3559 1576 3640; x_wconf 90' lang='lat' dir='ltr'><strong>ipso</strong></span> <span class='ocrx_word' id='word_1_430' title='bbox 1590 3559 1619 3620; x_wconf 92' lang='lat' dir='ltr'><strong>in</strong></span> <span class='ocrx_word' id='word_1_431' title='bbox 1629 3560 1733 3633; x_wconf 85' lang='lat' dir='ltr'><strong>coelis,</strong></span> 
     </span>
     <span class='ocr_line' id='line_1_37' title="bbox 65 3647 1734 3736; baseline -0.002 -18"><span class='ocrx_word' id='word_1_432' title='bbox 65 3675 186 3736; x_wconf 84' lang='lat' dir='ltr'><strong>operam</strong></span> <span class='ocrx_word' id='word_1_433' title='bbox 211 3651 313 3724; x_wconf 86' lang='lat' dir='ltr'><strong>dabis,</strong></span> <span class='ocrx_word' id='word_1_434' title='bbox 348 3657 380 3713; x_wconf 88' lang='lat' dir='ltr'><strong>ut</strong></span> <span class='ocrx_word' id='word_1_435' title='bbox 400 3651 431 3712; x_wconf 92' lang='lat' dir='ltr'><strong>id</strong></span> <span class='ocrx_word' id='word_1_436' title='bbox 451 3658 482 3714; x_wconf 89' lang='lat' dir='ltr'><strong>et</strong></span> <span class='ocrx_word' id='word_1_437' title='bbox 500 3670 678 3732; x_wconf 79' lang='lat' dir='ltr'><strong>magnopere</strong></span> <span class='ocrx_word' id='word_1_438' title='bbox 704 3650 801 3732; x_wconf 83' lang='lat' dir='ltr'><strong>ipsam</strong></span> <span class='ocrx_word' id='word_1_439' title='bbox 820 3649 870 3711; x_wconf 90' lang='lat' dir='ltr'><strong>de·</strong></span> <span class='ocrx_word' id='word_1_440' title='bbox 929 3653 961 3709; x_wconf 91' lang='lat' dir='ltr'><strong>et</strong></span> <span class='ocrx_word' id='word_1_441' title='bbox 979 3649 1018 3710; x_wconf 91' lang='lat' dir='ltr'><strong>ab</strong></span> <span class='ocrx_word' id='word_1_442' title='bbox 1037 3648 1106 3728; x_wconf 87' lang='lat' dir='ltr'><strong>ejus</strong></span> <span class='ocrx_word' id='word_1_443' title='bbox 1132 3647 1254 3710; x_wconf 86' lang='lat' dir='ltr'><strong>vicario.</strong></span> <span class='ocrx_word' id='word_1_444' title='bbox 1294 3649 1327 3710; x_wconf 93' lang='lat' dir='ltr'><strong>ln</strong></span> <span class='ocrx_word' id='word_1_445' title='bbox 1346 3650 1434 3712; x_wconf 85' lang='lat' dir='ltr'><strong>terris</strong></span> <span class='ocrx_word' id='word_1_446' title='bbox 1444 3650 1610 3713; x_wconf 82' lang='lat' dir='ltr'><strong>laborbms</strong></span> <span class='ocrx_word' id='word_1_447' title='bbox 1619 3653 1734 3715; x_wconf 88' lang='lat' dir='ltr'><strong>meritis</strong></span> 
     </span>
     <span class='ocr_line' id='line_1_38' title="bbox 65 3737 1222 3829; baseline -0.003 -21"><span class='ocrx_word' id='word_1_448' title='bbox 65 3768 152 3821; x_wconf 85' lang='lat' dir='ltr'><strong>ecre,</strong></span> <span class='ocrx_word' id='word_1_449' title='bbox 181 3749 352 3829; x_wconf 87' lang='lat' dir='ltr'><strong>praesertim</strong></span> <span class='ocrx_word' id='word_1_450' title='bbox 378 3766 446 3807; x_wconf 88' lang='lat' dir='ltr'><strong>cum</strong></span> <span class='ocrx_word' id='word_1_451' title='bbox 477 3745 619 3807; x_wconf 83' lang='lat' dir='ltr'><strong>Summus</strong></span> <span class='ocrx_word' id='word_1_452' title='bbox 645 3742 784 3806; x_wconf 79' lang='lat' dir='ltr'><strong>Pontifex</strong></span> <span class='ocrx_word' id='word_1_453' title='bbox 808 3744 871 3824; x_wconf 78' lang='lat' dir='ltr'><strong>jan</strong></span> <span class='ocrx_word' id='word_1_454' title='bbox 930 3741 1049 3822; x_wconf 71' lang='lat' dir='ltr'><strong>premiis</strong></span> <span class='ocrx_word' id='word_1_455' title='bbox 1068 3737 1222 3805; x_wconf 85' lang='lat' dir='ltr'><strong>alliciatur.</strong></span> 
     </span>
     <span class='ocr_line' id='line_1_39' title="bbox 64 3833 1734 3918; baseline -0.003 -15"><span class='ocrx_word' id='word_1_456' title='bbox 64 3841 144 3904; x_wconf 91' lang='lat' dir='ltr'><strong>adeo</strong></span> <span class='ocrx_word' id='word_1_457' title='bbox 164 3841 329 3902; x_wconf 86' lang='lat' dir='ltr'><strong>humaniter</strong></span> <span class='ocrx_word' id='word_1_458' title='bbox 349 3840 542 3918; x_wconf 86' lang='lat' dir='ltr'><strong>praevenerit,</strong></span> <span class='ocrx_word' id='word_1_459' title='bbox 561 3844 593 3900; x_wconf 90' lang='lat' dir='ltr'><strong>ct</strong></span> <span class='ocrx_word' id='word_1_460' title='bbox 611 3857 672 3898; x_wconf 93' lang='lat' dir='ltr'><strong>non</strong></span> <span class='ocrx_word' id='word_1_461' title='bbox 684 3836 871 3898; x_wconf 76' lang='lat' dir='ltr'><strong>mediocriter</strong></span> <span class='ocrx_word' id='word_1_462' title='bbox 1007 3834 1076 3897; x_wconf 82' lang='lat' dir='ltr'><strong>&#39;i&#39;ibi</strong></span> <span class='ocrx_word' id='word_1_463' title='bbox 1095 3833 1275 3915; x_wconf 83' lang='lat' dir='ltr'><strong>Apostolica</strong></span> <span class='ocrx_word' id='word_1_464' title='bbox 1300 3835 1475 3897; x_wconf 86' lang='lat' dir='ltr'><strong>anctoritate</strong></span> <span class='ocrx_word' id='word_1_465' title='bbox 1500 3836 1578 3898; x_wconf 91' lang='lat' dir='ltr'><strong>bene</strong></span> <span class='ocrx_word' id='word_1_466' title='bbox 1597 3836 1734 3916; x_wconf 72' lang='lat' dir='ltr'><strong>dicimus,</strong></span> 
     </span>
     <span class='ocr_line' id='line_1_40' title="bbox 64 3925 1735 4015; baseline -0.001 -19"><span class='ocrx_word' id='word_1_467' title='bbox 64 3934 108 3997; x_wconf 92' lang='lat' dir='ltr'><strong>ad</strong></span> <span class='ocrx_word' id='word_1_468' title='bbox 127 3953 300 3995; x_wconf 81' lang='lat' dir='ltr'><strong>communes</strong></span> <span class='ocrx_word' id='word_1_469' title='bbox 320 3952 369 3994; x_wconf 89' lang='lat' dir='ltr'><strong>res</strong></span> <span class='ocrx_word' id='word_1_470' title='bbox 388 3931 556 3996; x_wconf 90' lang='lat' dir='ltr'><strong>conducere</strong></span> <span class='ocrx_word' id='word_1_471' title='bbox 575 3933 642 4015; x_wconf 84' lang='lat' dir='ltr'><strong>ejus</strong></span> <span class='ocrx_word' id='word_1_472' title='bbox 662 3929 870 3992; x_wconf 81' lang='lat' dir='ltr'><strong>Serenitasio·</strong></span> <span class='ocrx_word' id='word_1_473' title='bbox 930 3934 1020 4010; x_wconf 84' lang='lat' dir='ltr'><strong>toque</strong></span> <span class='ocrx_word' id='word_1_474' title='bbox 1040 3928 1155 3990; x_wconf 83' lang='lat' dir='ltr'><strong>saluum</strong></span> <span class='ocrx_word' id='word_1_475' title='bbox 1176 3927 1229 4002; x_wconf 89' lang='lat' dir='ltr'><strong>ire,</strong></span> <span class='ocrx_word' id='word_1_476' title='bbox 1257 3932 1288 3988; x_wconf 89' lang='lat' dir='ltr'><strong>et</strong></span> <span class='ocrx_word' id='word_1_477' title='bbox 1314 3925 1410 3988; x_wconf 87' lang='lat' dir='ltr'><strong>redire</strong></span> <span class='ocrx_word' id='word_1_478' title='bbox 1435 3948 1489 4010; x_wconf 85' lang='lat' dir='ltr'><strong>pro</strong></span> <span class='ocrx_word' id='word_1_479' title='bbox 1520 3934 1623 3991; x_wconf 86' lang='lat' dir='ltr'><strong>nostro</strong></span> <span class='ocrx_word' id='word_1_480' title='bbox 1654 3932 1685 3992; x_wconf 91' lang='lat' dir='ltr'><strong>in</strong></span> <span class='ocrx_word' id='word_1_481' title='bbox 1704 3941 1735 3995; x_wconf 89' lang='lat' dir='ltr'><strong>te</strong></span> 
     </span>
     <span class='ocr_line' id='line_1_41' title="bbox 63 4019 1736 4106; baseline 0 -17"><span class='ocrx_word' id='word_1_482' title='bbox 63 4027 192 4106; x_wconf 76' lang='lat' dir='ltr'><strong>telligat.</strong></span> <span class='ocrx_word' id='word_1_483' title='bbox 930 4042 1032 4087; x_wconf 84' lang='lat' dir='ltr'><strong>amore</strong></span> <span class='ocrx_word' id='word_1_484' title='bbox 1071 4019 1159 4084; x_wconf 78' lang='lat' dir='ltr'><strong>vaide</strong></span> <span class='ocrx_word' id='word_1_485' title='bbox 1187 4024 1335 4102; x_wconf 76' lang='lat' dir='ltr'><strong>optamus.</strong></span> <span class='ocrx_word' id='word_1_486' title='bbox 1394 4019 1506 4084; x_wconf 88' lang='lat' dir='ltr'><strong>Datum</strong></span> <span class='ocrx_word' id='word_1_487' title='bbox 1536 4021 1736 4105; x_wconf 80' lang='lat' dir='ltr'><strong>Retisbonar,</strong></span> 
     </span>
     <span class='ocr_line' id='line_1_42' title="bbox 147 4113 1422 4201; baseline 0.001 -25"><span class='ocrx_word' id='word_1_488' title='bbox 147 4116 293 4182; x_wconf 82' lang='lat' dir='ltr'><strong>Volumus</strong></span> <span class='ocrx_word' id='word_1_489' title='bbox 312 4123 465 4196; x_wconf 86' lang='lat' dir='ltr'><strong>praeterea</strong></span> <span class='ocrx_word' id='word_1_490' title='bbox 484 4124 518 4180; x_wconf 92' lang='lat' dir='ltr'><strong>ut</strong></span> <span class='ocrx_word' id='word_1_491' title='bbox 535 4116 574 4180; x_wconf 91' lang='lat' dir='ltr'><strong>de</strong></span> <span class='ocrx_word' id='word_1_492' title='bbox 594 4122 694 4180; x_wconf 86' lang='lat' dir='ltr'><strong>noetm</strong></span> <span class='ocrx_word' id='word_1_493' title='bbox 714 4135 786 4198; x_wconf 76' lang='lat' dir='ltr'><strong>erga</strong></span> <span class='ocrx_word' id='word_1_494' title='bbox 804 4117 872 4201; x_wconf 82' lang='lat' dir='ltr'><strong>cJ’us</strong></span> <span class='ocrx_word' id='word_1_495' title='bbox 932 4117 982 4179; x_wconf 92' lang='lat' dir='ltr'><strong>die</strong></span> <span class='ocrx_word' id='word_1_496' title='bbox 1203 4113 1319 4176; x_wconf 88' lang='lat' dir='ltr'><strong>mensis</strong></span> <span class='ocrx_word' id='word_1_497' title='bbox 1340 4113 1422 4177; x_wconf 73' lang='lat'><strong>1576.</strong></span> 
     </span>
    </p>
   </div>
   <div class='ocr_carea' id='block_1_4' title="bbox 0 0 1888 5626">
    <p class='ocr_par' dir='ltr' id='par_1_4' title="bbox 0 0 1888 5626">
     <span class='ocr_line' id='line_1_43' title="bbox 0 0 1888 5626; baseline 0 0"><span class='ocrx_word' id='word_1_498' title='bbox 0 0 1888 5626; x_wconf 95' lang='lat' dir='ltr'><strong> </strong></span> 
     </span>
    </p>
   </div>
  </div>
 </body>
</html>
