3742 5626
512 197 642 261 vnrnn
663 194 1281 276 nonnnnsnnsnnnnrs,mnnnn.
1673 200 1729 263 ιιι

67 376 147 426 certe
172 382 259 425 uenno
287 363 454 443 comparari
479 372 582 443 potest
608 361 647 424 ad
667 382 749 432 eunn,
770 382 788 423 a
809 380 868 442 quo
926 379 980 440 per
1004 344 1178 441 imaginem:
1202 365 1231 422 si
1257 371 1357 424 tannen
1376 361 1433 423 Ilei
1460 368 1561 442 potest
1578 362 1639 425 ulla
1658 362 1730 446 tingi

65 458 163 520 omnia
184 476 203 519 a
224 456 372 537 principio
392 453 474 518 facta
493 464 524 517 et
543 459 706 517 constituta
726 462 805 530 sunt,
826 461 868 516 at·
925 456 1032 534 imago.
1074 451 1207 516 Mendax
1218 456 1316 533 imago
1336 452 1427 517 taint:
1448 465 1480 518 et
1490 464 1590 519 taen
1600 456 1731 523 bominis

62 571 119 633 qne
129 549 168 611 ad
178 547 401 610 innumerabilia
420 548 543 611 saecula
563 547 737 635 incredibili·
750 551 870 630 sapien·
924 546 996 608 licet
1014 567 1086 608 vers
1106 549 1220 627 imago,
1240 547 1411 628 quantulum
1431 558 1480 610 est
1498 549 1564 623 boc,
1584 548 1666 634 qnod
1684 572 1729 615 re·

61 647 104 706 tia
124 650 266 722 reguntur
285 649 375 721 atque
396 650 618 704 conservantur.
659 641 714 704 llle
728 640 867 703 cumfilio
924 646 1096 720 praesentat
1114 640 1264 701 hominist
1283 648 1314 701 et
1332 639 1393 701 Dei
1414 644 1540 723 requiris
1552 644 1732 725 lagineml

61 747 93 798 ct
123 735 238 816 Spiritu
275 742 382 795 sancto
414 735 641 815 religiosissime
672 733 867 810 invocandus,
923 732 995 793 nibil
1023 731 1139 814 eloqui,
1175 731 1248 793 nihil
1279 735 1461 812 cogitatione
1490 732 1601 814 lingere
1631 744 1730 819 potes,

63 825 226 903 colendus,
253 837 284 889 et
308 826 520 910 suspiciendus
553 836 617 904 est,
646 849 702 889 nnec
729 825 869 909 ponenda
924 823 1002 906 quod
1022 824 1108 888 Deus
1129 832 1186 902 est,
1205 827 1255 906 qni
1275 845 1353 887 unus
1374 833 1425 887 est
1442 823 1624 890 adorandus.
1668 830 1730 893 Ubi

62 932 111 985 est
136 929 273 983 creatura
298 940 391 1002 supro
416 941 498 995 enm,
529 925 578 1002 qui
605 919 740 983 condidit
758 923 866 981 omnia.
893 954 896 961 ·
923 916 1147 981 transcenderis
1184 939 1301 981 omnem
1337 918 1550 982 sublimitatem
1587 926 1729 985 nentium

62 1016 127 1076 Nec
152 1016 231 1076 enim
263 1011 342 1075 alind
371 1034 477 1076 nomen
502 1013 560 1075 snb
586 1014 671 1077 coelo
698 1013 868 1075 hominibus
894 1048 897 1095 2
924 1012 1151 1092 Angelicernm,
1181 1010 1280 1075 adbuc
1304 1010 1428 1075 inlinitis
1455 1012 1590 1092 partibus
1614 1013 1728 1077 abesa

62 1108 162 1171 datum
188 1116 253 1183 est,
289 1127 345 1188 per
371 1104 452 1187 qnod
479 1110 592 1169 servari
618 1111 752 1189 possint,
779 1126 866 1187 quam
923 1104 1103 1167 celsitudine
1122 1106 1195 1181 Dei,
1216 1108 1265 1186 qni
1285 1105 1380 1167 lucem
1397 1105 1513 1171 habitat
1531 1107 1728 1173 inaccessam.

60 1202 283 1263 sanctissimum
302 1197 374 1259 illud
396 1208 428 1261 et
446 1198 652 1263 dulcissimum
670 1199 741 1261 lcsn
755 1198 867 1261 Christi
893 1230 896 1243 =
925 1195 990 1257 set
1015 1197 1145 1260 adorans
1170 1200 1284 1281 aspicis
1315 1200 1473 1279 imaginem
1504 1198 1581 1261 Dei:
1614 1204 1727 1283 aspice,

60 1294 205 1357 Nazaraei
224 1313 351 1368 nomem,
372 1313 460 1374 quem
479 1292 565 1355 Deus
585 1294 726 1355 excitavit
745 1313 781 1353 ex
793 1312 867 1353 mor·
923 1287 978 1350 sed
999 1298 1032 1351 ut
1052 1290 1178 1369 lignum,
1204 1298 1256 1354 aut
1277 1291 1417 1374 lapidem,
1442 1292 1570 1355 bominis
1596 1294 1726 1358 mannia·

60 1390 138 1462 tuis,
164 1389 214 1467 qui
241 1386 326 1447 solus
354 1389 537 1447 constitutus
558 1395 607 1447 est
625 1384 771 1449 mediator
790 1385 868 1446 inter
923 1390 1013 1445 ctum.
1043 1382 1083 1444 ·0
1103 1381 1290 1447 idololatriae
1309 1393 1341 1448 et
1360 1388 1520 1469 impietatis
1540 1386 1638 1450 omnis
1656 1388 1725 1450 ima·

63 1480 159 1540 lleum
173 1488 204 1540 et
225 1479 369 1551 homines,
388 1481 584 1562 quiseipsnm
604 1482 691 1552 viam,
710 1482 865 1540 veritatem
894 1484 896 1495 '
922 1477 1008 1556 gines
1033 1477 1214 1557 magistree‘l
1252 1477 1337 1565 0.⁵¹¹
1361 1486 1506 1540 tartarum
1525 1478 1650 1543 Duoss‘l
1687 1480 1728 1545 nt

59 1584 89 1634 et
115 1575 205 1635 vitam
233 1592 304 1635 esse
331 1572 486 1654 praeclaro
512 1580 543 1633 et
568 1575 667 1633 veraci
693 1574 866 1634 testimonio
923 1567 1081 1629 damnatae
1106 1571 1330 1652 superstitionis
1355 1569 1531 1651 adjutricisi
1569 1572 1726 1651 Quaenam

60 1663 253 1727 confirmavit.
301 1663 395 1743 lgitun·
419 1662 491 1746 qnid
515 1662 641 1745 prodest
665 1672 748 1726 tanto
778 1672 867 1744 gestu
921 1682 976 1743 per
999 1663 1082 1725 illum
1108 1664 1220 1741 licum,
1249 1664 1373 1745 quivos
1393 1663 1589 1740 abominatum
1609 1670 1727 1729 antris

59 1766 191 1820 montrum
210 1755 358 1819 adorerel
396 1757 591 1839 Compositae
606 1778 711 1819 manus
724 1758 868 1820 tolluntur
893 1766 896 1779 '
922 1756 1048 1834 ingenii,
1078 1765 1130 1817 aut
1159 1756 1283 1819 ubertas
1308 1757 1511 1839 eloquentiae,
1540 1758 1664 1839 perinde
1691 1780 1728 1821 sc

61 1854 89 1911 inn
119 1851 252 1925 eoelum,
285 1849 443 1911 llectuntur
462 1870 575 1930 genna,
596 1848 727 1931 figuntur
752 1853 867 1924 oscula,
921 1848 999 1911 male
1028 1847 1067 1911 de
1092 1850 1180 1911 nobis
1206 1853 1329 1913 meritae
1356 1850 1449 1925 estis,
1478 1851 1648 1931 vituperare
1672 1871 1727 1913 vos

61 1945 154 2006 totius
175 1944 311 2024 corporis
331 1942 453 2006 babitus
473 1942 513 2005 ad
531 1943 705 2023 religionem
717 1948 866 2028 componi·
892 1950 895 2021 ζ
921 1942 1039 2022 possiti
1077 1942 1139 2005 Per
1156 1962 1213 2004 vos
1232 1963 1321 2004 verns
1341 1945 1459 2005 maximi
1475 1941 1567 2018 illius,
1587 1942 1728 2005 coelitem

58 2048 115 2097 tur.
158 2036 243 2099 llaec
253 2034 398 2097 decenter
415 2035 531 2109 fierent,
551 2039 579 2099 si
598 2036 704 2098 fierent
723 2041 818 2108 intus,
837 2040 865 2099 si
892 2074 895 2111 ,
920 2042 1009 2116 atque
1029 2034 1179 2097 bominum
1198 2039 1303 2118 patris,
1325 2034 1474 2115 etltegis
1493 2035 1593 2097 cultus
1611 2033 1726 2099 desbu-

57 2130 161 2193 lerent
186 2149 286 2191 coram
312 2128 380 2190 solo
405 2129 481 2191 lieo,
526 2132 608 2191 Citra
635 2150 741 2191 noxam
765 2138 865 2192 tamen
892 2118 895 2199 ζ
921 2136 988 2189 ctus
1008 2137 1064 2201 est,
1083 2130 1133 2208 qni
1153 2148 1213 2190 non
1231 2131 1261 2189 in
1269 2130 1389 2201 statuis,
1408 2124 1466 2189 scd
1477 2130 1508 2188 ia
1520 2130 1727 2193 sanctissimis

57 2222 118 2283 divi
143 2241 180 2283 ac
205 2221 294 2283 divae
319 2224 429 2303 optione
455 2221 601 2293 coluntur,
627 2226 654 2283 si
675 2226 742 2304 qnis
763 2242 865 2284 eorum
892 2204 895 2307 i
921 2219 1041 2299 legibus
1060 2224 1127 2283 suis
1136 2220 1283 2287 bominum
1298 2222 1450 2302 generlsc
1467 2220 1726 2304 contemplandum

57 2320 200 2398 pietatem
220 2324 252 2376 et
272 2311 360 2374 tidesn
380 2314 521 2377 imitatur.
561 2314 640 2377 Nem
659 2324 691 2377 et
706 2319 765 2398 ipsi
775 2336 864 2398 quum
892 2320 894 2331 '
920 2321 952 2374 et
970 2311 1176 2394 aspiciendum
1196 2312 1294 2389 dedit,
1313 2322 1345 2377 et
1363 2313 1444 2376 clare
1454 2311 1567 2391 docuit,
1585 2314 1658 2396 qnid
1667 2319 1727 2379 esl-

60 2406 159 2471 ndbnc
185 2406 301 2467 mortali
327 2426 455 2489 corpore
480 2410 595 2487 grauati
623 2408 758 2486 luerunt,
777 2429 795 2471 a
817 2429 866 2471 ue·
919 2414 1006 2485 geret
1025 2425 1044 2469 s
1064 2405 1163 2483 nobis,
1182 2405 1726 2491 quidvelaciendmlugiwquse

56 2503 135 2562 mine
160 2518 289 2581 unquam
314 2518 351 2559 se
376 2503 460 2580 passi
485 2508 556 2562 sunt
581 2499 711 2563 adorari.
762 2504 866 2581 Agno-
891 2492 894 2519 '
920 2498 1008 2575 foret,
1029 2507 1063 2562 ut
1082 2496 1123 2561 ad
1140 2502 1233 2562 vitam
1253 2499 1370 2564 bonnm
1389 2520 1427 2563 ac
1445 2500 1640 2564 immortalem
1660 2522 1725 2584 per·

58 2593 186 2655 scebant
212 2595 289 2654 enim
316 2592 550 2655 imbecillitatem
574 2613 675 2669 suana,
694 2601 726 2655 et
744 2596 772 2655 si
792 2592 865 2675 qnid
891 2610 895 2667 ι
919 2593 1203 2673 venirepossenus.
1247 2592 1309 2656 Per
1334 2614 1391 2659 vos
1416 2594 1538 2675 cognito
1560 2614 1658 2659 rernm
1683 2592 1726 2656 di·

56 2686 118 2747 nlls
137 2690 168 2747 in
191 2706 224 2746 re
244 2685 397 2767 praeclare
413 2685 574 2762 iecissent,
595 2684 626 2747 id
639 2695 734 2748 totum
746 2683 865 2749 divinae
891 2678 895 2755 ἱ
919 2687 1054 2746 dossum
1080 2686 1187 2748 evulsa
1214 2696 1263 2749 est
1287 2689 1396 2751 animis
1420 2687 1618 2768 simplicibus,
1638 2696 1726 2751 etex

56 2778 158 2841 deberi
179 2781 293 2859 gratiae
309 2777 506 2841 affirmabant.
545 2777 684 2860 ideoque
704 2778 865 2841 Divusille
892 2790 895 2857 i
920 2781 1031 2839 amoris
1055 2776 1238 2841 abmndantia
1260 2778 1318 2840 Dei
1341 2778 1620 2860 contemplationem
1639 2782 1726 2843 anxie

57 2872 167 2932 Petrus
177 2870 350 2932 Cornelium
370 2869 411 2931 sd
431 2869 526 2952 pedes
543 2890 617 2932 suos
635 2871 753 2953 lapsum
761 2871 864 2933 statim
892 2862 895 2927 i
921 2870 1138 2951 expetentibus.
1185 2870 1298 2932 Vestra
1318 2870 1479 2931 simulacre
1497 2890 1586 2933 aures
1606 2871 1726 2946 babent,

57 2962 212 3037 allevant,
245 2970 276 3023 et
301 2984 337 3023 se
363 2983 482 3044 qnoque
513 2963 659 3024 hominem
693 2962 864 3025 mortalitati
892 2952 895 2969 '
920 2984 977 3023 nec
1002 2960 1141 3038 audiunt,
1168 2982 1273 3025 manus
1292 2962 1412 3035 babent,
1441 2984 1499 3025 nnec
1517 2973 1646 3047 possunt
1663 2966 1725 3049 psl·

56 3055 216 3117 obnoxium
237 3054 395 3135 professus
413 3063 471 3118 est.
518 3054 673 3117 Consimili
698 3055 785 3135 plane
805 3074 865 3117 mo·
920 3054 1237 3137 parezreligionomet
1254 3058 1395 3138 pietatem
1407 3056 1601 3121 subvertuntt
1621 3078 1724 3124 excae

55 3146 155 3208 destia
187 3147 301 3208 Paulus
327 3157 359 3209 et
384 3146 544 3211 Bennebas
575 3147 805 3230 appellationem
833 3156 865 3209 et
891 3154 895 3203 l
919 3156 992 3211 cant
1017 3151 1149 3221 sinimoe,
1168 3152 1275 3211 inanes
1294 3168 1367 3231 spes
1385 3158 1419 3212 et
1434 3149 1655 3216 sollicitudines
1672 3150 1724 3216 ad·

56 3241 200 3301 lnouorem
224 3237 284 3300 Dei
310 3248 505 3322 sponneotes,
530 3239 754 3303 sacrificaturos
776 3238 864 3302 lovis
891 3246 894 3295 :
920 3240 1035 3319 lerunt,
1061 3244 1157 3304 aciem
1176 3246 1285 3305 montis
1306 3240 1476 3315 obscurant,
1495 3255 1607 3306 utnon
1626 3246 1725 3327 possit

52 3329 229 3396 sacerdotes
258 3332 492 3413 prohibuerant,
528 3333 627 3415 pelean
659 3333 801 3416 professi,
829 3352 864 3395 se
889 3300 894 3435 i
919 3336 1044 3407 intueri,
1070 3354 1148 3416 qnae
1172 3336 1221 3399 ris
1245 3333 1337 3397 ducat
1356 3333 1396 3397 ad
1414 3336 1609 3399 immortalem
1630 3347 1662 3403 ot
1676 3341 1724 3421 ju-

56 3428 193 3489 bominss
214 3446 297 3501 esse,
312 3423 432 3503 iisdem,
452 3425 561 3508 quibus
574 3426 635 3497 alii,
655 3425 863 3489 electionibus
919 3426 1135 3490 candissimum
1161 3425 1252 3489 divini
1277 3431 1407 3490 numinis
1430 3426 1617 3511 adspectum.
1658 3429 1726 3493 Vos

56 3519 212 3583 obnoxios.
266 3516 369 3595 Quidl
398 3516 479 3599 qnod
510 3528 540 3581 et
572 3518 710 3599 Angelus
742 3518 862 3581 Domini
890 3542 894 3597 Ι
920 3520 1086 3602 Gregorius
1116 3520 1170 3582 ille
1201 3540 1301 3584 errore
1329 3520 1460 3603 quodam
1489 3519 1639 3586 adductus
1668 3544 1725 3588 suo

55 3612 204 3674 Josnnneon
230 3609 269 3673 ed
296 3608 392 3692 pedes
415 3632 491 3673 suos
516 3609 679 3674 uenerandi
699 3615 796 3691 gratia
815 3632 863 3675 ac·
890 3604 894 3699 p
918 3618 1032 3695 primns
1057 3616 1088 3674 inn
1119 3614 1286 3677 lloclesiam
1313 3614 1371 3676 Dei
1398 3616 1523 3690 invexit,
1549 3616 1668 3680 scilicet
1691 3628 1725 3681 st

55 3702 228 3778 cedentem,
255 3703 395 3784 clareque
418 3724 494 3766 voce
520 3703 691 3788 probibuit:
709 3702 801 3776 Cave,
821 3705 862 3765 in·
890 3714 894 3759 !
921 3714 1038 3769 mentes
1073 3706 1223 3767 lnominum
1260 3707 1548 3788 simplicissimorum
1583 3708 1724 3787 religione

53 3800 128 3879 quit,
150 3817 187 3858 ne
208 3796 315 3871 iacias,
334 3816 501 3858 conservus
520 3800 598 3860 enim
619 3806 778 3869 museum,
799 3806 861 3859 tuo·
890 3804 894 3859 i
919 3806 1027 3860 saincte
1056 3796 1248 3876 intuentis,
1282 3808 1315 3860 et
1347 3802 1543 3860 tesmentiam
1579 3796 1725 3862 adversus

55 3909 179 3969 rumque
205 3888 344 3961 manum,
363 3891 438 3951 lesu
458 3892 661 3952 testimonium
681 3889 862 3967 habentium,
890 3894 894 3963 ζ
921 3891 1032 3962 Derim,
1071 3893 1268 3972 timoremque
1298 3891 1515 3970 ingeneraretis
1554 3898 1670 3953 castum
1694 3903 1726 3955 et

55 3982 156 4045 neon
180 3989 359 4043 uenerator:
386 4000 456 4043 osen
481 3981 559 4044 lesu
577 3985 779 4044 testimoninm
799 4002 862 4045 ors·
889 4024 893 4069 ¹
920 3986 1017 4065 pium:
1041 3981 1099 4045 sed
1118 3982 1252 4063 prolecto
1273 3983 1372 4047 bouus
1390 3984 1441 4045 ille
1461 4005 1480 4045 a
1497 4002 1593 4064 scopo
1613 3982 1724 4065 longis

55 4074 116 4134 euti
135 4076 261 4154 spiritns
280 4083 340 4135 est.
379 4073 486 4157 ltaque
506 4077 596 4137 sicuti
617 4072 705 4137 diues
725 4084 756 4138 et
774 4072 863 4137 diuos
918 4079 997 4138 siene
1021 4076 1181 4139 aberravit.
1227 4076 1298 4138 Non
1322 4078 1401 4137 enim
1426 4076 1516 4139 decet
1536 4094 1594 4137 nos
1620 4098 1657 4139 ex
1680 4080 1724 4161 pl-

54 4164 245 4227 invoeendos
274 4186 333 4226 nea
360 4188 432 4231 esse
457 4166 615 4230 docemus:
642 4171 685 4231 its
709 4170 800 4230 etiam
820 4166 862 4231 dl·
918 4180 1033 4231 ctoruun
1058 4178 1090 4231 et
1116 4171 1325 4232 statuariorum
1351 4169 1501 4249 figmentis
1519 4168 1647 4248 discere,
1666 4171 1723 4234 sed

55 4276 157 4319 vorum
180 4258 369 4337 imaginibus,
388 4265 528 4343 quoniam
547 4281 608 4324 non
625 4264 770 4338 sentiunt,
790 4261 863 4323 nilnil
919 4262 1044 4340 exlege
1069 4268 1100 4323 et
1126 4262 1202 4323 libro
1223 4262 1291 4335 llei,
1324 4265 1374 4344 qui
1395 4268 1443 4325 est
1462 4262 1538 4325 liber
1554 4270 1724 4327 sanetmm

54 4348 226 4412 babendum
248 4350 371 4415 bononis
397 4353 583 4417 arbitramur.
634 4354 712 4417 Nam
739 4374 863 4436 promus
918 4357 1140 4437 scripturarum.
1161 4354 1222 4434 Qui
1235 4354 1334 4419 Deum
1343 4374 1436 4417 nosse
1446 4358 1538 4439 capit,
1547 4357 1653 4420 oculos
1663 4379 1723 4421 non

55 4442 198 4506 horribile
218 4447 330 4506 crimen
351 4454 400 4508 est
417 4445 596 4522 idololatria,
616 4448 674 4509 lnoc
694 4456 753 4524 est,
773 4450 862 4510 slus·
919 4446 1054 4511 intendat
1079 4452 1109 4511 in
1132 4458 1278 4521 ιιιιιιιιιι,
1296 4448 1353 4511 sed
1371 4455 1521 4513 scrutetur
1539 4448 1658 4513 divion
1678 4451 1722 4513 lit·

54 4539 203 4598 lacrorum
223 4537 336 4613 colons,
358 4560 446 4620 quem
468 4540 603 4605 Africani
622 4541 742 4603 concilii
762 4550 863 4605 aucto·
915 4554 1011 4619 teras,
1029 4562 1108 4625 qnae
1127 4540 1166 4604 de
1185 4541 1254 4604 lleo
1273 4541 1392 4605 abunnde
1411 4551 1569 4618 testantur,
1588 4542 1725 4623 quilitte·

52 4634 132 4691 sites
154 4632 219 4711 jem
244 4630 314 4692 olim
333 4632 474 4709 sustulit,
495 4637 526 4696 in
544 4655 604 4717 qno
624 4634 777 4697 decretam
796 4634 862 4706 luit,
917 4656 1014 4699 rarum
1040 4644 1210 4699 sanctam
1235 4639 1359 4714 ignarus
1388 4645 1451 4706 est,
1475 4636 1504 4695 ls
1523 4634 1645 4695 uerbum
1663 4632 1723 4697 Ilei

53 4744 93 4785 se
111 4722 185 4804 qnid
203 4727 236 4785 ιιιΙ
254 4725 375 4806 templis
386 4734 471 4789 esset
489 4730 726 4791 autrecltaretar
744 4736 864 4810 praeter
917 4727 1029 4802 audiat,
1047 4739 1081 4791 ut
1100 4726 1188 4791 tidem
1209 4727 1317 4791 babeat
1337 4750 1374 4790 ex
1394 4726 1507 4791 auditu.
1555 4725 1622 4789 Vos
1643 4724 1723 4789 odio·

54 4816 223 4897 scripturas
241 4816 423 4880 Canonicas.
464 4822 557 4900 lgitnr
574 4824 721 4899 imagines
742 4819 782 4881 ad
802 4822 862 4883 cul·
916 4840 972 4885 sse
996 4829 1028 4885 et
1053 4825 1239 4903 importunae
1264 4822 1410 4899 imagines
1436 4819 1553 4881 docetis
1579 4818 1620 4883 ad
1642 4819 1724 4901 ligne

53 4918 119 4968 tuan
149 4913 342 4988 prostitutas,
373 4933 432 4973 non
458 4912 553 4974 solum
573 4934 593 4975 e
612 4912 740 4995 templis,
761 4932 862 4975 rerum
917 4924 950 4976 et
974 4912 1092 4995 lapides
1117 4914 1264 4976 bominenn
1293 4911 1467 4993 coningere,
1498 4932 1554 4975 uos
1578 4932 1722 4977 snnnmsnn

54 5002 146 5062 etiam
172 5022 208 5063 ex
235 5007 313 5064 omni
340 5008 462 5068 civitate
486 5004 623 5069 sublatas
643 5024 714 5067 osse
733 5013 860 5089 oportet.
915 5004 1071 5068 stultitias
1082 5016 1113 5068 et
1132 5006 1312 5089 impietatem
1334 5008 1364 5066 in
1385 5003 1526 5067 mnndusn
1545 5008 1721 5088 importatis.

54 5092 164 5155 Nonne
189 5106 288 5158 antean
314 5100 388 5159 mira
414 5095 586 5161 crassitudo
611 5107 661 5160 est
687 5102 717 5159 io
744 5099 862 5162 bomine
917 5096 1022 5180 ltaque
1042 5099 1121 5161 nnlla
1139 5099 1274 5179 imperia,
1294 5097 1396 5161 nullae
1413 5098 1564 5177 ιιιίιιιιι,
1581 5096 1654 5163 nulli
1672 5118 1721 5163 sa·

56 5185 229 5249 Christiano
254 5210 312 5251 non
338 5210 433 5272 posse
456 5191 650 5275 contemplari
671 5191 782 5267 Deum,
801 5192 860 5261 nisi
918 5195 1037 5273 pientes
1067 5192 1167 5275 populi
1197 5198 1298 5253 vestro
1329 5191 1414 5269 cultu
1443 5210 1582 5273 usquam.
