3742 5626
570 222 624 285 ni:
644 220 786 287 RELbO
795 218 1098 293 moscnvrtrcn,
1120 220 1244 287 ctrina
1267 222 1318 283 ΙΙΙ.

107 400 245 469 tanquam
266 388 296 448 in
316 384 466 469 triumpbo
485 384 576 449 «lumi.
602 384 641 447 lli
660 387 747 447 noris
765 384 913 447 mandatis

107 504 126 543 a
146 482 286 561 Principe
303 500 361 541 sero
381 480 527 562 acceptis,
552 478 651 539 derrno
676 477 726 538 laic
757 480 795 541 ad
825 478 911 538 eollo·

106 578 177 656 quia
196 575 338 649 admissi,
363 574 486 655 primum
507 570 698 633 Nerelenscs
724 571 911 632 conditiones

107 670 270 747 urgebant:
289 668 400 747 quibus
419 668 461 728 rei
480 664 690 745 transigendae
717 686 734 725 ιι
753 664 912 727 Ιιίιιιιιιιιιίιι

108 752 306 822 senatoribus
324 764 432 821 ccrtaar
451 780 536 841 spen
558 758 666 821 lactata
678 758 744 823 ¹sibi
757 756 911 829 dicebant3

106 856 215 935 quibas
233 873 299 914 cnar
318 851 386 913 aliis
406 852 572 913 rationibus
590 850 735 923 refutatis,
754 860 817 911 tarn
830 849 911 929 quod

108 946 270 1031 raajoribus
288 954 397 1027 postea
416 944 585 1025 sumptibus
603 944 719 1022 ache
738 943 837 1016 lactis,
855 942 911 1004 Za·

107 1042 279 1122 relociaque
298 1043 387 1119 capta
407 1058 467 1097 non
486 1036 737 1118 integrsaarplius
749 1046 911 1097 rescssot:

106 1134 226 1196 tandem
248 1152 329 1193 nore
347 1152 405 1193 urio
422 1131 474 1193 diu
494 1132 577 1213 prins
596 1129 699 1191 licitati
725 1150 763 1191 co
783 1128 908 1191 descen·

107 1228 230 1303 elamat,
255 1230 289 1287 at
307 1222 346 1285 ad
366 1226 441 1297 alia,
459 1244 539 1304 qnae
562 1228 634 1284 anto
663 1222 832 1283 obtulerunt
863 1242 909 1283 ca·

107 1320 197 1382 stella
215 1318 375 1389 lsiroaiae,
400 1318 524 1379 urbibus
548 1336 587 1376 ac
612 1316 721 1377 castris
747 1316 911 1397 potioribus

108 1414 223 1483 t'etme,
255 1412 396 1491 Derpato,
424 1410 651 1487 lllariearbnrgo,
680 1408 842 1479 Petuaria,
874 1428 911 1469 aa

106 1506 216 1580 Nema,
237 1506 363 1586 Principl
375 1526 432 1565 sno
452 1504 592 1584 receptis,
622 1501 748 1581 reliquis
774 1502 912 1562 omnibus

107 1600 183 1677 Regi
202 1596 394 1661 decederent.
432 1596 500 1657 Rex
521 1596 578 1655 nisi
597 1596 677 1655 omni
703 1594 830 1655 Liuonia
859 1592 911 1655 bo·

106 1694 166 1753 stis
186 1690 363 1764 decederet,
380 1688 441 1752 alia
459 1688 628 1749 conditione
652 1708 758 1757 pacem
785 1688 844 1749 sibi
871 1686 911 1747 t'a·

106 1784 242 1847 ciendam
262 1806 327 1845 cnm
352 1802 390 1843 eo
417 1804 475 1843 non
494 1781 699 1843 arbitrabatur.
739 1781 825 1843 llaec
844 1802 912 1841 sen·

106 1882 198 1941 tentia
216 1877 371 1939 oralirribns
389 1876 551 1957 proposita,
569 1874 688 1956 publice
707 1894 826 1956 quoque
850 1893 911 1935 om·

107 1974 195 2033 nibus
213 1971 333 2053 placuit.
372 1970 506 2029 Adbibiti
532 1968 682 2047 eolloqnio
707 1988 773 2027 etna
796 1967 912 2027 blancis

107 2066 177 2127 buic
195 2086 236 2125 ea
255 2062 417 2125 nobilitatis
438 2062 551 2123 rrnrrtiis
570 2061 684 2140 aliquot
702 2060 831 2135 inerunt,
851 2079 911 2138 quo

105 2158 351 2237 tergiversatione
361 2154 459 2217 blosci
479 2158 648 2234 perspecta,
666 2158 729 2214 tota
748 2152 787 2212 dc
808 2174 841 2213 re
852 2153 911 2233 ipsi

106 2253 226 2334 plenius
244 2249 378 2326 collegas
396 2267 471 2307 snos
491 2247 619 2307 edocere
638 2252 775 2326 possent.
817 2245 910 2307 Utris-

107 2366 167 2425 que
186 2347 216 2405 in
235 2341 386 2403 seruientia
405 2340 661 2421 qur-anemium.
693 2339 803 2400 iniecta
833 2360 866 2399 ro
892 2359 911 2400 a

106 2438 257 2518 «elloquio
275 2454 427 2497 recessura
447 2432 512 2493 luit.
551 2433 616 2495 Rex
634 2434 676 2493 ita
694 2434 857 2494 aconitiis
868 2432 910 2492 di·

107 2532 228 2601 sccssit,
247 2534 280 2589 ut
300 2526 410 2588 biennii
429 2526 538 2589 tributo
559 2527 598 2587 ab
610 2524 774 2587 Ordinibus
783 2528 911 2600 mrrcito,

106 2646 166 2685 non
186 2626 270 2707 prins
289 2638 391 2700 pacem
411 2640 448 2679 se
472 2618 618 2681 iacturum
643 2638 710 2679 cum
730 2619 820 2680 beate
849 2618 912 2701 pol·

105 2719 253 2789 liceretur,
271 2735 360 2795 qnam
380 2714 408 2772 ic
426 2713 564 2773 uniuersa
577 2712 912 2773 bicorniacaecssissct.

106 2810 173 2872 Sub
191 2811 281 2869 lirrem
300 2808 483 2867 comitiorum
504 2806 598 2865 nuntii
609 2805 770 2865 nobilitatis
780 2824 834 2885 per
842 2804 911 2865 Sta·

106 2903 235 2962 nislaum
255 2898 475 2966 l'rieruiscinm,
504 2916 591 2975 quera
617 2916 637 2957 a
662 2896 741 2957 bello
760 2914 910 2957 reversum

107 2990 388 3079 nobilitani-ajoris
405 2987 549 3049 Poloniae
572 2990 705 3049 nuntium
725 2994 856 3059 crearat,
879 2994 911 3051 et

105 3093 166 3146 tn·
188 3084 354 3145 nuntiorum
373 3081 444 3143 illud
467 3079 629 3143 nobilitatis
648 3082 805 3163 collegium
826 3083 909 3144 initio

103 3180 286 3239 comitiorum
318 3172 538 3237 b'larscbalcn·
571 3194 590 3233 e
621 3196 701 3237 nure
733 3175 911 3257 prodiderat,

103 3272 191 3351 Rege
208 3269 299 3339 adito,
318 3272 352 3329 ut
370 3268 502 3341 remotis,
522 3269 632 3348 quibus
652 3270 682 3331 io
702 3270 849 3333 Senamm
869 3270 910 3331 in·

102 3361 255 3443 grediendi
270 3362 325 3442 jus
344 3382 403 3421 aen
423 3369 525 3432 esset,
549 3361 669 3425 dicendi
695 3370 834 3446 potestus
851 3364 911 3425 sibi

103 3458 198 3533 tieret,
210 3455 346 3536 petebat:
365 3456 575 3536 reimpetrata,
590 3464 695 3535 rogant
707 3478 828 3535 operam
838 3458 911 3519 dare

102 3550 184 3621 rslit,
202 3557 235 3607 nt
255 3566 292 3606 ca
313 3547 505 3627 expeditione
525 3548 635 3609 bellum
660 3550 757 3609 dolat:
797 3550 840 3611 ita
860 3570 910 3611 ao·

103 3643 257 3709 bilitatem,
277 3638 406 3699 maxime
431 3638 560 3700 laarilias
586 3642 655 3723 ejus
680 3643 820 3713 nrsticas,
838 3663 910 3721 qua·

102 3756 168 3797 rum
187 3734 314 3795 salntem
336 3731 404 3791 sino
428 3750 548 3791 suarum
574 3732 703 3811 qnisque
729 3734 908 3795 t'ortnnamar

103 3828 279 3890 detrimento
300 3824 450 3901 negligere
470 3844 529 3881 ιιιιιι
542 3826 648 3903 possit,
668 3826 787 3887 tributis
797 3827 909 3887 cuban-

101 3928 180 3997 stas,
202 3924 233 3978 nt
254 3918 416 3998 majoribus
436 3914 568 3975 terendis
588 3938 678 3997 pares
694 3920 741 3978 cix
761 3921 822 3977 sint
834 3920 908 3981 tutn-

101 4034 165 4075 ne.
204 4009 372 4089 Respondit
392 4009 458 4070 Rex
478 4029 531 4088 per
551 4008 779 4087 cancellarium,
798 4012 908 4074 trellum

103 4108 246 4187 pacisce
266 4104 404 4185 publicae
424 4102 561 4163 utilitatis
581 4120 674 4162 cansa
698 4124 718 4163 a
742 4124 779 4164 se
804 4124 907 4165 susce-

102 4204 196 4281 ptum,
213 4200 333 4259 nrinimc
352 4218 390 4257 ex
411 4198 546 4257 instituto
564 4216 583 4255 a
602 4214 639 4255 ae
658 4195 714 4257 alit
735 4195 852 4258 bostem
870 4220 907 4258 eo

101 4290 268 4363 redactum,
288 4296 335 4355 ut,
355 4290 383 4349 si
403 4288 510 4349 bellum
532 4288 732 4361 continuetur,
754 4310 812 4349 non
831 4290 908 4351 adeo

102 4406 209 4463 magno
232 4384 352 4461 negotio
378 4382 483 4441 coelici
508 4383 621 4460 possit:
660 4402 697 4441 ee
716 4390 816 4443 tamen
838 4402 906 4443 con·

101 4478 302 4539 sentientibus
316 4472 449 4533 ordinum
470 4472 581 4534 studiis
601 4474 727 4533 libenter
747 4496 906 4537 concessa·

101 4592 182 4633 rum:
203 4568 477 4652 quamprinrumqne
498 4566 537 4625 ad
556 4566 730 4628 tradendam
751 4570 809 4629 sibi
821 4570 909 4631 laiso·

100 4667 179 4725 niam
191 4662 308 4723 bostem
321 4658 485 4732 adduxerit,
496 4660 666 4741 impetuque
676 4664 744 4744 ejus
755 4684 907 4745 represso,

99 4756 297 4840 Reipublicae
307 4754 368 4813 otio
388 4772 425 4813 ae
445 4754 599 4813 securitati
619 4755 810 4827 consuluerit,
830 4759 906 4837 paci,

99 4872 178 4931 qaae
197 4870 265 4911 cum
286 4847 403 4927 publica
423 4845 568 4925 dignitate
586 4854 678 4926 atque
696 4848 822 4909 utilitate
837 4868 905 4907 eoo·

94 4948 201 5028 juncta
226 4946 281 5013 sit,
312 4940 420 5002 nnllam
446 4960 558 5000 moram
586 4940 740 5001 tactum.
781 4938 907 5001 Publice

99 5038 171 5098 indo
190 5058 270 5097 nore
288 5037 431 5116 majorum
457 5032 534 5111 Regi
562 5032 781 5101 valedicentes,
812 5038 845 5093 ut
866 5033 906 5093 de

99 5130 274 5191 domesticis
293 5130 383 5189 etiarn
402 5124 504 5197 rebus,
522 5146 560 5185 ac
580 5126 731 5187 intestinis
750 5128 907 5187 inconmo-

98 5222 148 5283 dis
168 5220 312 5283 samu&
337 5221 547 5298 agitationem
573 5220 731 5299 suscipere
749 5218 836 5283 velit.
861 5240 904 5279 ro·

1720 218 1774 281 ltl

970 391 1055 461 gant:
1077 386 1246 447 nominatim
1268 384 1307 445 do
1319 386 1434 461 Regum
1456 384 1656 463 eligendorum
1675 382 1775 445 stabili

970 478 1070 557 aliqua
1090 481 1204 540 mtiono
1224 478 1434 541 constituenda
1454 485 1567 558 pmnnt,
1587 477 1775 553 utqueiisde

970 572 1078 643 rebus,
1103 574 1317 651 quamprimum
1341 571 1496 632 crrrnmodo
1523 570 1719 653 Reipublicae
1744 569 1775 631 id

970 663 1069 725 lacero
1088 667 1197 746 possit,
1217 666 1344 727 Comitia
1364 664 1475 726 babere
1495 664 1582 733 velit3
1599 684 1659 745 qno
1678 664 1775 745 majus

969 768 1059 819 antea
1078 756 1237 819 discrimen
1257 757 1443 840 Respublica
1459 756 1575 829 adierit,
1601 778 1668 817 enar
1688 758 1774 839 parti·

969 851 1026 910 bns
1045 852 1075 909 in
1095 851 1213 913 diversa
1233 852 1331 913 studia
1350 851 1470 919 scissis,
1489 852 1519 909 in
1530 848 1608 910 dnos
1621 850 1776 929 Principes

968 943 1150 1024 Respublica
1170 944 1312 1007 distracta
1334 944 1430 1013 luerit,
1450 964 1487 1003 co
1510 963 1600 1019 anne,
1618 947 1775 1025 postquam

969 1042 1047 1097 aretu
1069 1038 1126 1097 bac
1144 1037 1268 1099 liberata
1287 1039 1337 1110 sit,
1359 1056 1397 1097 ne
1416 1036 1493 1098 iden
1504 1034 1775 1118 perieulumdeano

968 1130 1085 1195 subeat.
1115 1130 1285 1208 diligentins
1311 1129 1524 1211 prouidendum
1553 1148 1626 1189 esse
1650 1126 1770 1188 docent.

969 1223 1126 1285 Accedere
1145 1224 1205 1285 buc
1223 1224 1454 1298 controversias,
1473 1224 1636 1302 quaeinter
1654 1240 1772 1282 aenum

969 1323 1001 1377 et
1020 1315 1170 1398 protanam
1196 1317 1329 1378 ordinem
1355 1315 1557 1387 intercedaot3
1589 1335 1712 1396 quarum
1741 1319 1773 1375 et

968 1410 1098 1490 ipsarum
1120 1430 1178 1469 non
1205 1410 1299 1471 levem
1327 1410 1471 1470 rationem
1504 1409 1562 1468 sibi
1596 1406 1772 1478 ducendam,

969 1508 1061 1581 utque
1078 1523 1183 1563 oneres
1203 1502 1320 1563 tandear
1346 1502 1499 1573 tollantur,
1525 1502 1679 1583 plurimum
1703 1500 1773 1563 Rei·

969 1596 1106 1676 pnblicae
1126 1597 1274 1656 iuteresse
1288 1592 1435 1675 judicent.
1476 1594 1621 1655 (tetendit
1640 1593 1706 1655 Res
1722 1614 1775 1672 per

970 1689 1097 1749 eundem
1112 1688 1340 1763 llarrccllarium,
1360 1707 1418 1749 arun
1439 1688 1543 1748 nrirrori
1562 1686 1772 1749 studioaddo·

970 1784 1112 1842 nesticae
1131 1802 1181 1841 res
1200 1787 1282 1843 recto
1300 1780 1536 1855 coristitnenqu
1556 1800 1642 1859 qnam
1656 1780 1695 1839 ad
1708 1800 1772 1861 per·

969 1874 1124 1935 iciendum
1145 1896 1183 1935 ex
1204 1876 1351 1935 sententia
1372 1876 1480 1935 bellnra
1499 1896 1535 1935 se
1562 1873 1648 1943 lerri,
1672 1878 1704 1933 et
1722 1872 1772 1950 qni

970 1968 1140 2029 bellicarum
1166 1988 1261 2029 rernm
1289 1968 1406 2028 landem
1429 1988 1486 2027 uon
1511 1972 1703 2048 aspernetur,
1735 1986 1773 2024 eo

969 2062 1073 2142 majori
1094 2066 1190 2121 tamon
1210 2060 1289 2120 «loni
1316 2061 1394 2121 bene
1419 2061 1597 2121 constitutae
1620 2058 1772 2139 Reipubli-

969 2173 1024 2213 cae
1049 2174 1134 2231 qnam
1163 2154 1289 2214 marine
1315 2154 1471 2215 diuturnae
1504 2154 1660 2214 memoriae
1686 2152 1771 2213 relin-

969 2244 1106 2325 quendae
1125 2246 1224 2307 studio
1243 2268 1280 2307 se
1305 2249 1413 2319 teneri,
1443 2246 1523 2327 quod
1553 2248 1621 2308 sine
1646 2244 1703 2306 bac
1734 2264 1773 2305 ne

969 2340 1151 2420 superiorem
1172 2339 1290 2419 qnidam
1310 2341 1430 2419 gloriam
1443 2338 1579 2401 stabilem
1592 2344 1773 2420 perpebraar·

969 2452 1028 2511 qne
1047 2452 1120 2493 esse
1143 2452 1240 2513 posse
1258 2436 1431 2515 perspiciat.
1471 2433 1521 2493 lle
1541 2434 1772 2509 interregnornm

970 2528 1084 2587 ratione
1103 2526 1222 2605 quoties
1241 2528 1367 2604 cogitet,
1393 2533 1504 2608 quanto
1523 2528 1552 2586 iu
1573 2526 1705 2605 periculo
1724 2544 1773 2585 su·

968 2620 1135 2700 perioribus
1149 2622 1333 2701 tcmqmribus
1344 2620 1530 2702 Respublica
1550 2619 1646 2689 t'ucrit,
1665 2618 1775 2700 quibus

970 2712 1148 2773 electiomnn
1168 2733 1205 2773 ac
1231 2715 1422 2775 ambitionum
1445 2713 1544 2774 studia
1570 2732 1607 2771 ea
1635 2717 1774 2792 tanquan

969 2805 1078 2866 deictus
1097 2806 1215 2885 qnidam
1236 2807 1315 2866 illam
1337 2808 1529 2884 exagitarint:
1555 2824 1622 2865 cun
1643 2826 1703 2865 non
1722 2804 1773 2865 rni-

970 2918 1028 2959 nus
1048 2898 1135 2967 banc,
1154 2918 1242 2977 qnam
1263 2901 1292 2959 in
1313 2920 1372 2981 qna
1391 2908 1480 2959 natus
1501 2900 1551 2973 sit,
1571 2900 1651 2959 omni
1671 2897 1772 2959 studio

969 2991 1028 3053 sibi
1041 2990 1293 3073 amplectendam,
1317 3014 1355 3053 eo
1380 2994 1522 3053 rariorem
1548 2992 1635 3051 ebear
1662 2990 1772 3051 baben·

970 3082 1037 3145 dan
1057 3084 1213 3163 intelligat,
1232 3106 1291 3165 quo
1313 3086 1473 3167 majoribus
1493 3084 1656 3146 bonoribus
1681 3090 1773 3165 atqtm

969 3180 1151 3240 ornamentis
1161 3187 1337 3259 susceptum
1352 3178 1540 3248 seadocerit,
1560 3178 1773 3239 coborrcseere

969 3292 1005 3333 se
1025 3274 1134 3345 antimo,
1156 3291 1382 3351 agnoscercqne
1401 3292 1460 3332 non
1480 3270 1538 3329 nisi
1557 3270 1699 3349 singulari
1719 3270 1769 3329 be·

970 3366 1114 3445 nignitate
1134 3364 1236 3427 dicias
1261 3368 1291 3427 in
1318 3364 1544 3425 commodiorem
1569 3369 1678 3424 statum
1703 3384 1770 3425 earn

968 3462 1157 3541 pen-enine.
1193 3459 1262 3520 lam
1288 3469 1322 3521 nt
1340 3458 1380 3520 de
1412 3464 1493 3520 certa
1524 3457 1701 3519 electionum
1727 3478 1771 3518 ra·

968 3551 1049 3613 tione
1068 3552 1245 3614 deliberatio
1264 3553 1455 3633 suscipiatur.
1481 3551 1645 3629 intelligere
1664 3572 1716 3611 ser
1743 3554 1770 3611 ai

967 3643 998 3705 id
1019 3646 1079 3714 liat,
1098 3652 1237 3724 qnantum
1259 3652 1289 3705 et
1310 3648 1339 3705 in
1362 3666 1394 3705 re
1415 3648 1480 3725 ipsa
1500 3643 1683 3705 difficultatis
1696 3645 1769 3703 intu-

967 3756 1046 3795 rnm:
1066 3738 1124 3796 etsi
1143 3738 1221 3815 qnod
1245 3738 1405 3799 uerendum
1426 3735 1568 3803 videatur.
1587 3736 1769 3795 occultaali·

967 3848 1025 3907 qna
1045 3826 1240 3907 Reipublicae
1260 3832 1380 3889 vulnera
1406 3850 1441 3887 ea
1462 3827 1568 3901 nudet,
1594 3828 1769 3887 incommodi

967 3918 1036 3979 inde
1057 3920 1246 3980 metuendum
1267 3926 1317 3987 sit,
1338 3942 1423 3981 ιιιιιιιιι
1444 3920 1562 4001 quidem
1588 3940 1708 4000 operam
1728 3928 1770 3981 at·

966 4032 1026 4092 qno
1050 4014 1251 4073 anctoritatem
1279 4012 1475 4094 Reipublicae
1501 4032 1537 4073 nc
1558 4012 1702 4073 (inlinura
1721 4034 1770 4073 co·

966 4104 1071 4165 luetati
1093 4126 1150 4164 non
1170 4104 1318 4165 delatura.
1359 4105 1439 4166 idem
1459 4105 1498 4166 de
1517 4104 1676 4165 concordia
1694 4105 1771 4167 inter

966 4198 1202 4259 eeclesiasticam
1229 4204 1259 4257 et
1288 4198 1403 4260 ciuilem
1430 4198 1561 4261 ordinere
1591 4218 1664 4259 aesc
1691 4198 1769 4281 jrrdi·

966 4310 1052 4365 care,
1079 4290 1150 4351 nibil
1176 4312 1213 4351 ea
1234 4312 1327 4371 posse
1347 4294 1458 4373 rrrscipi
1479 4292 1595 4366 utilius,
1620 4298 1711 4372 atqnc
1729 4292 1767 4353 ad

964 4382 1161 4463 Reipublicae
1190 4385 1383 4447 stabilitatem
1416 4388 1511 4467 magis
1549 4388 1768 4447 raeces-arium:

963 4476 1021 4537 scd
1037 4482 1190 4558 utramque
1208 4478 1246 4538 ad
1273 4498 1334 4539 rear
1361 4500 1514 4540 consensu
1538 4482 1704 4559 animisque
1728 4480 1768 4538 ab

963 4572 1041 4629 orani
1053 4570 1122 4629 odio
1134 4576 1164 4631 et
1176 4570 1526 4653 all'ectioneraenisopus
1536 4592 1618 4631 esse.
1638 4569 1769 4631 l’rolndc

964 4665 1022 4724 sibi
1043 4664 1163 4744 quidem
1184 4686 1319 4725 summae
1341 4686 1431 4725 carrae
1446 4686 1483 4725 ea
1497 4664 1575 4723 lore:
1597 4663 1704 4723 bertari
1717 4684 1767 4723 au·

963 4766 1024 4817 tem
1043 4756 1129 4837 ipsos
1148 4778 1277 4837 qnoque,
1296 4763 1328 4817 nt
1349 4759 1465 4817 animos
1483 4756 1522 4816 ad
1538 4755 1769 4818 deliberationes

964 4870 1060 4910 rerum
1080 4850 1182 4910 barum
1202 4850 1342 4917 sedatos.
1372 4850 1543 4929 nulliusque
1567 4849 1689 4911 alteriue
1714 4853 1767 4925 rei,

963 4962 1049 5019 quan
1069 4943 1183 5021 patriae
1201 4962 1239 5003 ac
1259 4942 1398 5023 publicae
1423 4942 1532 5001 salutis
1559 4948 1591 5003 ct
1616 4942 1767 5023 dignitatis

962 5032 1063 5093 studio
1081 5034 1201 5096 deditos
1218 5034 1351 5095 afferant.
1392 5032 1537 5095 llertatur
1556 5036 1640 5109 inde,
1666 5060 1765 5120 queat·

962 5124 1121 5188 admodum
1146 5134 1177 5187 et
1197 5128 1401 5209 sirperioribns
1431 5132 1614 5209 temporibus
1645 5130 1766 5197 lecerat

962 5232 995 5281 ut
1015 5240 1068 5299 per
1087 5220 1253 5283 absentia·
1273 5240 1358 5281 suun
1377 5224 1438 5282 otio
1457 5222 1699 5305 ettrauquiliitati
1713 5243 1764 5304 pa·
