3742 5626
551 140 606 201 llll
631 139 769 205 BELLO
790 141 1324 217 nroscovtr100,LtBsnlii.
1733 148 1786 207 tlt

125 316 179 357 :ires
199 296 390 359 Lublinensis
418 308 448 359 et
472 302 613 379 praetorii
640 304 786 363 exereitus
811 303 925 384 praele-
985 312 1131 367 currerat:
1156 304 1335 385 praesidium
1356 304 1502 368 custodiis
1528 316 1559 365 et
1584 304 1721 366 omnibns
1740 327 1783 365 re·

123 398 188 449 ctus
208 389 278 451 olim
297 390 409 463 iuerat,
438 390 529 464 lilius,
553 413 641 473 quum
665 392 853 457 bibernorurn
873 395 925 457 Vi·
983 394 1039 459 bus
1060 395 1202 457 lii-matum
1227 406 1408 477 repererunt.
1453 398 1566 461 llostes
1593 396 1784 460 nibilominus

122 482 334 545 tebsciensinm
353 484 445 543 otierin
463 481 541 545 ferre
561 505 619 544 rron
640 496 754 567 posset,
774 506 810 549 se
820 485 922 549 adino·
982 488 1083 549 subito
1104 487 1233 549 orleentn
1253 509 1353 551 sonim
1372 491 1512 561 exterriti,
1532 489 1698 570 subjeetum
1719 494 1782 555 arei

121 582 220 651 serat,
239 574 401 655 relictoque
427 579 525 657 equite
551 576 671 639 fallendi
697 578 794 643 hostis
819 600 922 653 causa,
981 580 1121 664 oppidum
1141 578 1345 643 incenderunt.

121 686 175 745 per
200 674 286 729 notas
312 668 433 729 semitas
457 689 476 731 s
503 668 632 731 Cosanis
659 666 767 733 ductus
798 694 835 735 co
873 694 918 737 ex·

749 1000 758 1009 -
812 986 1088 1031 ..τεθῇ-

683 1322 884 1398 aluus
919 1322 1209 1401 TERTIUS.

845 1540 1044 1571 -αφ-...η

195 1780 341 1845 Varsavia
361 1780 513 1844 Grodnmn
533 1781 733 1863 proficiscenti
758 1780 853 1859 Regi,
880 1803 916 1841 sc
974 1802 1083 1859 genere
1103 1783 1250 1844 bominum
1273 1804 1331 1845 nou
1352 1786 1439 1847 modo
1464 1788 1508 1847 rei
1533 1786 1666 1846 militaris
1687 1790 1774 1864 impe·

114 1872 143 1933 in
164 1873 290 1936 inituram
312 1872 528 1955 expeditionem
548 1878 626 1936 omni
643 1876 706 1953 jam
722 1893 793 1933 eura
807 1874 915 1933 ineum-
974 1872 1048 1949 rito,
1073 1894 1174 1935 rerum
1200 1880 1261 1938 otio
1284 1882 1374 1939 etiam
1399 1876 1550 1958 oppidano
1569 1875 1608 1938 ad
1629 1874 1773 1957 perferen·

112 1964 196 2028 beuti
215 1965 292 2029 duae
304 1968 491 2047 potissimum
502 1966 693 2028 diiticnltates
705 1965 916 2027 occurrebant:
975 1962 1044 2027 dum
1069 1966 1201 2029 laborem
1227 1968 1297 2031 belli
1324 1976 1477 2051 corrupto:
1508 1978 1648 2031 externus
1677 1978 1775 2031 animm

113 2059 155 2117 rei
176 2060 365 2137 pecuniariae
386 2060 489 2135 alteru,
509 2080 585 2140 qnae
606 2056 719 2119 tardius
740 2054 915 2137 expedieba-
974 2056 1127 2137 peditatus
1146 2064 1213 2123 sine
1233 2064 1357 2124 maximo
1377 2071 1498 2144 sirmptn
1517 2064 1558 2124 ali
1578 2083 1637 2123 riou
1654 2072 1773 2143 posset:

111 2158 173 2211 tur:
199 2151 293 2212 altera
314 2149 464 2223 delectns3
493 2151 601 2233 prioris
622 2150 698 2209 enim
718 2147 916 2229 expeditionis
973 2150 1178 2230 superioribus
1210 2155 1338 2215 comitiis
1367 2158 1443 2217 ratio
1474 2152 1620 2235 quaedam
1649 2151 1774 2235 parandi

111 2240 306 2303 incommodis
326 2242 438 2317 afflicti,
454 2244 656 2323 jumentisque
669 2261 705 2302 ac
720 2243 915 2301 instrumento
974 2240 1126 2321 peditatus
1146 2248 1258 2323 agitata
1279 2244 1391 2322 inerat,
1419 2256 1452 2308 nt
1477 2268 1514 2309 ex
1539 2250 1685 2325 regianum
1706 2266 1773 2327 pos·

112 2336 190 2393 omni
211 2355 265 2414 per
284 2343 492 2415 tempestatum
513 2346 543 2397 et
568 2336 682 2395 itineris
707 2334 831 2413 injurias
857 2335 915 2413 pri·
972 2336 1143 2397 sessionum
1161 2338 1338 2419 ascriptitiis
1358 2340 1520 2401 vicesimus
1539 2342 1665 2420 quisque
1677 2342 1707 2399 in
1723 2342 1773 2399 mi·

111 2426 182 2501 vati,
203 2424 395 2488 difficultates
417 2436 477 2489 tarn
503 2426 681 2507 longinquae
706 2424 828 2485 militiae
853 2424 912 2505 pls·
972 2425 1066 2487 litiem
1086 2431 1283 2509 reciperetur:
1315 2433 1364 2511 qui
1391 2430 1434 2491 ita
1461 2434 1491 2491 in
1518 2432 1651 2493 militiam
1677 2432 1773 2493 renis·

110 2520 194 2599 rique
220 2539 292 2600 prae
318 2518 414 2579 oculis
441 2518 605 2591 habebant,
636 2538 672 2581 ae
703 2517 741 2579 ob
768 2514 799 2575 id
826 2516 914 2597 pauci
971 2528 1049 2596 sent,
1070 2520 1108 2581 ab
1131 2522 1272 2583 oneribus
1293 2526 1451 2603 operisque
1471 2525 1631 2586 nistieauis
1651 2527 1709 2605 ipsi
1723 2544 1770 2605 po·

110 2611 229 2671 omnino
248 2610 368 2672 :romine
388 2610 515 2683 dabant:
546 2611 596 2691 qui
624 2613 713 2671 etiam
739 2630 776 2671 ex
795 2608 843 2669 bis
863 2611 912 2668 mi·
970 2614 1101 2691 starique
1121 2634 1221 2675 eorum
1240 2618 1384 2675 immnrtes
1411 2626 1525 2679 essent.
1564 2616 1632 2679 lloc
1655 2614 1772 2677 delectu

109 2722 165 2763 nus
185 2722 204 2763 a
223 2702 303 2764 bello
324 2702 483 2764 abliorrere
504 2726 538 2764 se
559 2700 652 2763 videri
671 2702 821 2775 volebant,
842 2708 912 2761 tem·
966 2705 1030 2781 jam
1051 2706 1092 2763 uti
1112 2707 1208 2767 visum
1228 2706 1297 2779 luit,
1322 2707 1466 2787 missique
1493 2730 1546 2789 per
1564 2726 1653 2785 agros
1672 2718 1772 2769 center·

108 2799 191 2875 poris
212 2803 310 2855 muron
332 2798 559 2875 singulatimque
580 2792 736 2855 minusad
759 2791 789 2853 id
806 2812 914 2871 parare
970 2796 1070 2855 riones
1090 2798 1291 2877 praefectique
1310 2802 1423 2878 passim
1450 2800 1583 2871 luerunt,
1613 2803 1664 2879 qni
1684 2800 1770 2861 robu-

107 2906 142 2947 se
168 2896 310 2966 possent,
339 2884 457 2947 excludi
481 2906 516 2947 sc
542 2886 771 2949 arbitrabantur.
817 2882 911 2944 Pecu·
970 2887 1132 2947 stissimum
1155 2908 1300 2969 quemque
1325 2908 1362 2950 ae
1387 2888 1480 2951 labori
1507 2890 1626 2951 militari
1648 2889 1771 2953 ferendo

108 2978 157 3038 nis
178 2981 271 3039 utittu
289 2981 396 3057 partim
415 2982 531 3059 privata
552 2998 622 3049 sua,
648 2976 753 3059 partim
777 2997 796 3035 s
815 2974 910 3055 priva·
970 2980 1157 3061 aptissimum
1184 2980 1325 3059 legerent.
1372 2980 1516 3043 Grodnse
1543 3004 1580 3045 ex
1604 2986 1771 3065 propinquo

106 3070 147 3131 tis
166 3078 267 3131 mutuo
286 3079 416 3153 sumpta,
437 3092 513 3151 quae
533 3068 574 3131 ad
586 3078 695 3131 certam
709 3064 818 3129 deinde
831 3064 910 3129 diern
965 3074 1029 3153 jam
1051 3070 1179 3133 consilia
1198 3072 1268 3133 beili
1288 3072 1402 3153 agitare
1418 3073 1639 3137 Rosiustinrit:
1659 3075 1771 3137 chil·

105 3162 281 3223 solvcretur.
320 3162 368 3223 De
389 3162 507 3225 delectu
533 3161 710 3223 Zamoseius
734 3160 794 3222 sibi
819 3179 909 3223 curae
967 3186 1025 3229 nae
1044 3166 1160 3227 interim
1178 3170 1341 3239 tormenta,
1369 3174 1488 3248 praeter
1507 3187 1559 3243 ca,
1589 3188 1668 3248 quse
1686 3190 1770 3251 repa·

104 3254 232 3316 intutum
251 3256 398 3335 promisit.
435 3254 496 3316 llie
514 3256 648 3335 quanrcis
669 3255 700 3313 in
725 3261 828 3333 togato
849 3274 908 3314 mu·
967 3256 1061 3321 randa
1081 3266 1183 3333 ararit,
1208 3277 1285 3319 nora
1305 3278 1362 3321 suo
1381 3256 1469 3319 modo
1489 3260 1549 3321 alia
1573 3258 1657 3321 luridi
1671 3259 1768 3341 jubet.

104 3368 175 3409 nere
195 3356 380 3409 versaretur:
404 3356 503 3411 tamen
526 3344 607 3428 quod
627 3352 741 3428 patrem
763 3344 907 3409 Castalia.
965 3348 1179 3432 propendebat
1193 3353 1257 3431 ja„
1276 3350 1343 3415 ηρ,
1361 3354 1459 3413 animo
1479 3356 1509 3414 a„
1527 3372 1699 3432 magnorum
1712 3354 1769 3417 Lu.

103 3460 172 3501 uum
200 3440 407 3501 Clrelmensem
430 3438 619 3519 praetoriano
651 3438 794 3501 exercitui
823 3456 907 3521 prae·
967 3464 1067 3505 corum
1088 3443 1354 3524 oppugnationem
1374 3442 1453 3524 quod
1473 3452 1642 3527 tamenquo
1655 3443 1770 3507 diutius

104 3532 208 3606 luisse,
228 3532 359 3613 reliquos
380 3533 467 3591 etiam
487 3530 624 3613 lllajores
651 3550 726 3591 suos
748 3530 907 3613 plerosque
964 3538 1084 3599 hostem
1103 3535 1231 3605 celaret,
1261 3556 1298 3597 ex
1322 3536 1461 3597 instituto
1484 3536 1660 3601 tT-iasnitiam
1680 3536 1769 3613 diem,

101 3626 219 3687 bellicis
245 3624 334 3687 rebus
360 3623 505 3685 claruisse
532 3622 731 3697 meminisset,
761 3644 819 3703 quo
844 3624 906 3703 qlo-

101 3720 176 3781 rism
196 3740 214 3780 a
234 3716 398 3797 majoribus
419 3713 558 3775 traditam
577 3714 729 3783 rediisset,
751 3735 788 3774 ae
808 3714 905 3777 dome·

101 3814 180 3873 stica
199 3811 274 3871 baec
293 3806 394 3871 studia
420 3809 486 3887 ipse
507 3826 624 3887 quoque
649 3826 708 3867 uon
734 3806 905 3869 intermitte·

103 3913 159 3979 ret,
180 3912 210 3965 et
228 3910 298 3963 aute
319 3900 376 3961 bae
395 3918 523 3980 semper,
544 3906 575 3959 et
594 3902 623 3959 in
643 3901 797 3979 superiore
819 3921 904 3981 expe·

102 3994 214 4056 ditione
236 3992 357 4053 militem
376 3990 506 4053 aluerat:
528 3987 680 4070 lortesqne
692 3994 773 4051 viros
792 3992 906 4073 aliquot

101 4089 182 4146 circa
203 4104 236 4144 sc
257 4083 411 4157 habuerat,
431 4091 462 4144 et
482 4084 780 4143 tunecommunieats
796 4102 905 4145 recum

101 4177 199 4253 Rege,
219 4178 348 4254 equitem
366 4172 555 4257 peditemque
576 4177 755 4257 scripturum
781 4194 816 4235 se
839 4195 904 4257 pro-

965 3650 1024 3711 quo
1044 3628 1226 3701 eorrreniret,
1245 3628 1386 3689 exercitui
1405 3626 1509 3689 edixit.
1547 3628 1624 3692 Nam
1651 3650 1718 3691 cerm
1738 3630 1767 3691 id

965 3718 1106 3803 oppidum
1125 3714 1292 3779 secundnm
1312 3718 1418 3781 flumen
1434 3718 1519 3779 Ulam
1540 3724 1571 3781 in
1584 3724 1683 3801 capite
1697 3721 1767 3783 dun

964 3834 1028 3873 rum
1049 3810 1197 3877 Lucensis
1218 3817 1249 3871 ct
1269 3810 1510 3873 Smolenseensis
1535 3814 1646 3873 riarum
1667 3816 1711 3873 ita
1729 3814 1767 3873 si-

964 3913 1025 3965 tum
1045 3904 1096 3973 sit,
1118 3910 1151 3963 ut
1161 3900 1284 3983 paribus
1304 3900 1343 3962 ab
1364 3910 1488 3981 utraque
1508 3901 1582 3963 urbe
1595 3906 1705 3983 spatiis
1725 3902 1766 3965 di·

964 4004 1033 4071 stet,
1053 4016 1090 4057 oc
1103 3996 1205 4057 lancos
1225 3991 1343 4074 quidem
1355 3990 1424 4052 inde
1436 3991 1627 4057 tendentibus
1641 3994 1765 4059 llsriata

964 4088 1089 4149 flumen:
1115 4084 1323 4145 Smolenscam
1348 4083 1488 4145 ouantibus
1510 4084 1622 4167 Caspla
1642 4110 1678 4149 se
1697 4090 1765 4151 olle·

963 4190 1019 4253 rat,
1039 4177 1078 4240 ad
1100 4178 1218 4239 bostem
1239 4176 1360 4257 ancipiti
1381 4196 1452 4236 cura
1469 4175 1679 4253 distinendam,
1699 4202 1765 4245 cum

102 4270 200 4332 iesous
222 4266 286 4327 init.
326 4266 374 4327 Re
394 4266 523 4347 uulgata,
543 4286 650 4345 magna
669 4266 823 4327 multorum
844 4272 904 4329 ani·
961 4272 1063 4354 primis
1085 4277 1281 4353 opportunum
1301 4264 1332 4327 id
1351 4264 1517 4331 videbatur.
1538 4270 1765 4353 Suprademon-

100 4364 158 4425 mis
177 4360 319 4423 alacritas
345 4362 447 4421 inuata
473 4359 544 4421 init:
575 4360 747 4441 passimque
771 4380 789 4421 a
816 4360 903 4442 pluri·
962 4366 1132 4437 stravimus,
1153 4364 1275 4423 nissum
1296 4360 1411 4439 alleqe
1432 4382 1499 4423 cunr
1519 4363 1636 4440 litteris,
1655 4372 1704 4448 qui
1726 4368 1764 4427 dt·

99 4459 157 4519 mis
175 4456 294 4515 noerius
314 4450 401 4514 dats:
432 4448 482 4513 ald
507 4450 564 4513 lios
588 4450 759 4533 llunqarum
785 4454 904 4515 militem
963 4466 1068 4519 ecerrtu
1095 4455 1285 4516 obsessionis
1310 4452 1495 4517 l’olotiensis
1522 4460 1677 4521 certiorem
1701 4461 1762 4521 llo-

99 4572 119 4615 s
148 4549 239 4611 irene
265 4544 479 4627 Christopboro
500 4542 743 4607 Transsilcsniae
764 4542 903 4629 Principe
962 4568 1046 4611 scum
1066 4546 1188 4611 laceret.
1227 4546 1394 4609 llnmanins
1411 4546 1461 4609 lrie
1481 4558 1624 4631 aceeptus
1644 4550 1682 4611 ab
1702 4551 1763 4613 illo.

99 4642 191 4705 scribi
212 4646 307 4701 curat.
337 4636 411 4699 Cum
432 4646 501 4697 ante
520 4634 577 4695 bae
595 4635 731 4719 peditatu
754 4660 812 4701 riou
833 4640 902 4701 mul·
961 4662 1049 4725 qnam
1069 4644 1222 4723 qnisquam
1241 4648 1311 4701 ante
1332 4660 1409 4713 eum,
1429 4659 1550 4699 mensae
1574 4644 1662 4703 etiam
1681 4641 1761 4703 adlri-

100 4745 162 4798 tum
176 4731 300 4795 Polonia
320 4738 460 4801 interatum,
480 4738 638 4811 propterea
659 4728 738 4813 quod
759 4730 903 4795 nobilitas
960 4734 1052 4807 bitus,
1070 4755 1107 4798 ae
1127 4730 1305 4809 bombycina
1325 4740 1410 4792 reste
1430 4728 1559 4791 donatus
1580 4730 1646 4792 luit.
1686 4732 1759 4797 Eum

84 4825 164 4889 dere
185 4824 281 4887 omnis
303 4826 389 4904 equis
410 4819 559 4883 merebat:
579 4820 749 4903 pedestrem
761 4823 902 4897 militiam,
960 4834 1059 4889 sutem
1082 4826 1251 4907 priusquam
1272 4820 1448 4894 dimitteret,
1477 4820 1634 4887 aduobus
1654 4824 1762 4907 legatis

101 4939 179 5001 quse
203 4915 316 4979 laboris
346 4914 430 4997 plus,
460 4911 612 4993 dignitatis
643 4914 740 4975 atinus
769 4914 903 4987 liaberet,
959 4920 1025 4979 suis
1043 4916 1160 4979 doanne
1180 4912 1329 4977 'l’lreodori
1351 4914 1387 4977 F.
1408 4913 1636 4995 Norogrodiae,
1653 4918 1760 4983 Milite

100 5010 280 5091 negligeret:
305 5018 395 5091 atque
416 5011 458 5069 ita
478 5004 629 5089 peditatus
647 5009 744 5068 omnis
765 5028 801 5067 ex
821 5010 901 5090 oppi·
961 5008 1084 5087 Georgii
1105 5008 1140 5073 F.
1162 5006 1375 5069 lllieislariensi
1396 5006 1544 5083 Ducibus,
1563 5019 1595 5071 et
1613 5010 1759 5076 Romano-

102 5102 181 5165 dans
209 5102 312 5181 plebe.
344 5122 381 5161 sc.
410 5104 509 5183 operis
541 5101 714 5181 pracsertim
741 5108 902 5167 constaret.
960 5101 1037 5161 vicio
1057 5098 1222 5163 Zacliarine
1249 5096 1286 5161 ad
1315 5098 1468 5162 Nicolaum
1502 5098 1673 5167 Radirilnrn
1708 5108 1762 5171 Pe.
