<?xml version="1.0" encoding="UTF-8"?>
<!DOCTYPE html PUBLIC "-//W3C//DTD XHTML 1.0 Transitional//EN"
    "http://www.w3.org/TR/xhtml1/DTD/xhtml1-transitional.dtd">
<html xmlns="http://www.w3.org/1999/xhtml" xml:lang="en" lang="en">
 <head>
  <title>
</title>
<meta http-equiv="Content-Type" content="text/html;charset=utf-8" />
  <meta name='ocr-system' content='tesseract 3.04.00' />
  <meta name='ocr-capabilities' content='ocr_page ocr_carea ocr_par ocr_line ocrx_word'/>
</head>
<body>
  <div class='ocr_page' id='page_1' title='image "./historiaeruthen00stargoog_0328.png"; bbox 0 0 3742 5626; ppageno 0'>
   <div class='ocr_carea' id='block_1_1' title="bbox 788 192 1744 265">
    <p class='ocr_par' dir='ltr' id='par_1_1' title="bbox 788 192 1744 265">
     <span class='ocr_line' id='line_1_1' title="bbox 788 192 1744 265; baseline 0.006 -6"><span class='ocrx_word' id='word_1_1' title='bbox 788 192 1017 259; x_wconf 75' lang='lat' dir='ltr'>aristeus.</span> <span class='ocrx_word' id='word_1_2' title='bbox 1725 206 1744 265; x_wconf 82' lang='lat'><strong>7</strong></span> 
     </span>
    </p>
   </div>
   <div class='ocr_carea' id='block_1_2' title="bbox 57 358 1744 4815">
    <p class='ocr_par' dir='ltr' id='par_1_2' title="bbox 68 358 1744 1097">
     <span class='ocr_line' id='line_1_2' title="bbox 72 358 1744 446; baseline 0.004 -28"><span class='ocrx_word' id='word_1_3' title='bbox 72 358 194 419; x_wconf 72' lang='lat' dir='ltr'>Christo</span> <span class='ocrx_word' id='word_1_4' title='bbox 221 359 348 420; x_wconf 83' lang='lat' dir='ltr'>Domino</span> <span class='ocrx_word' id='word_1_5' title='bbox 368 358 532 432; x_wconf 86' lang='lat' dir='ltr'>lucrandis,</span> <span class='ocrx_word' id='word_1_6' title='bbox 553 360 751 440; x_wconf 77' lang='lat' dir='ltr'>omnibusque</span> <span class='ocrx_word' id='word_1_7' title='bbox 771 361 821 442; x_wconf 90' lang='lat' dir='ltr'>qui</span> <span class='ocrx_word' id='word_1_8' title='bbox 846 362 876 421; x_wconf 90' lang='lat' dir='ltr'>in</span> <span class='ocrx_word' id='word_1_9' title='bbox 936 363 1048 439; x_wconf 83' lang='lat' dir='ltr'>petram</span> <span class='ocrx_word' id='word_1_10' title='bbox 1067 378 1172 421; x_wconf 88' lang='lat' dir='ltr'>omnes</span> <span class='ocrx_word' id='word_1_11' title='bbox 1193 358 1340 423; x_wconf 85' lang='lat' dir='ltr'>Nationes</span> <span class='ocrx_word' id='word_1_12' title='bbox 1360 366 1390 423; x_wconf 87' lang='lat' dir='ltr'>ot</span> <span class='ocrx_word' id='word_1_13' title='bbox 1410 362 1510 446; x_wconf 89' lang='lat' dir='ltr'>populi</span> <span class='ocrx_word' id='word_1_14' title='bbox 1531 364 1681 429; x_wconf 82' lang='lat' dir='ltr'>condmre</span> <span class='ocrx_word' id='word_1_15' title='bbox 1696 384 1744 428; x_wconf 85' lang='lat' dir='ltr'>sa·</span> 
     </span>
     <span class='ocr_line' id='line_1_3' title="bbox 73 450 1742 537; baseline 0.004 -24"><span class='ocrx_word' id='word_1_16' title='bbox 73 473 190 513; x_wconf 89' lang='lat' dir='ltr'>crucem</span> <span class='ocrx_word' id='word_1_17' title='bbox 212 452 334 513; x_wconf 77' lang='lat' dir='ltr'>Domini</span> <span class='ocrx_word' id='word_1_18' title='bbox 354 452 458 515; x_wconf 84' lang='lat' dir='ltr'>Nostri</span> <span class='ocrx_word' id='word_1_19' title='bbox 481 453 559 515; x_wconf 82' lang='lat' dir='ltr'>lesu</span> <span class='ocrx_word' id='word_1_20' title='bbox 586 452 691 515; x_wconf 81' lang='lat' dir='ltr'>Clrrsti</span> <span class='ocrx_word' id='word_1_21' title='bbox 705 453 877 534; x_wconf 72' lang='lat' dir='ltr'><strong>gloriantur,</strong></span> <span class='ocrx_word' id='word_1_22' title='bbox 936 450 979 512; x_wconf 89' lang='lat' dir='ltr'>liti</span> <span class='ocrx_word' id='word_1_23' title='bbox 1005 453 1076 513; x_wconf 86' lang='lat' dir='ltr'>sint.</span> <span class='ocrx_word' id='word_1_24' title='bbox 1114 450 1199 514; x_wconf 85' lang='lat' dir='ltr'>Haec</span> <span class='ocrx_word' id='word_1_25' title='bbox 1224 458 1292 516; x_wconf 89' lang='lat' dir='ltr'>ate</span> <span class='ocrx_word' id='word_1_26' title='bbox 1317 454 1478 537; x_wconf 85' lang='lat' dir='ltr'>prudentor</span> <span class='ocrx_word' id='word_1_27' title='bbox 1502 466 1656 531; x_wconf 88' lang='lat' dir='ltr'>accurato,</span> <span class='ocrx_word' id='word_1_28' title='bbox 1677 479 1742 535; x_wconf 86' lang='lat' dir='ltr'>erp-</span> 
     </span>
     <span class='ocr_line' id='line_1_4' title="bbox 70 542 1744 635; baseline 0.004 -30"><span class='ocrx_word' id='word_1_29' title='bbox 70 548 99 605; x_wconf 89' lang='lat' dir='ltr'>in</span> <span class='ocrx_word' id='word_1_30' title='bbox 122 548 213 606; x_wconf 89' lang='lat' dir='ltr'>nnius</span> <span class='ocrx_word' id='word_1_31' title='bbox 232 545 302 609; x_wconf 87' lang='lat' dir='ltr'>tidei</span> <span class='ocrx_word' id='word_1_32' title='bbox 320 548 474 618; x_wconf 82' lang='lat' dir='ltr'>unitatem,</span> <span class='ocrx_word' id='word_1_33' title='bbox 496 552 527 609; x_wconf 89' lang='lat' dir='ltr'>ct</span> <span class='ocrx_word' id='word_1_34' title='bbox 545 547 743 626; x_wconf 85' lang='lat' dir='ltr'>integritatem</span> <span class='ocrx_word' id='word_1_35' title='bbox 755 566 876 626; x_wconf 87' lang='lat' dir='ltr'>congro·</span> <span class='ocrx_word' id='word_1_36' title='bbox 936 542 1008 621; x_wconf 91' lang='lat' dir='ltr'>dite,</span> <span class='ocrx_word' id='word_1_37' title='bbox 1029 546 1153 623; x_wconf 89' lang='lat' dir='ltr'>copioso</span> <span class='ocrx_word' id='word_1_38' title='bbox 1174 546 1329 610; x_wconf 84' lang='lat' dir='ltr'>tractanda</span> <span class='ocrx_word' id='word_1_39' title='bbox 1347 555 1432 625; x_wconf 91' lang='lat' dir='ltr'>sunt,</span> <span class='ocrx_word' id='word_1_40' title='bbox 1458 555 1491 611; x_wconf 92' lang='lat' dir='ltr'>ut</span> <span class='ocrx_word' id='word_1_41' title='bbox 1516 548 1664 635; x_wconf 76' lang='lat' dir='ltr'>Princeps</span> <span class='ocrx_word' id='word_1_42' title='bbox 1693 552 1744 613; x_wconf 82' lang='lat' dir='ltr'>ille</span> 
     </span>
     <span class='ocr_line' id='line_1_5' title="bbox 70 635 1743 721; baseline 0.005 -22"><span class='ocrx_word' id='word_1_43' title='bbox 70 639 179 718; x_wconf 81' lang='lat' dir='ltr'>gaudis</span> <span class='ocrx_word' id='word_1_44' title='bbox 210 644 244 700; x_wconf 90' lang='lat' dir='ltr'>ut</span> <span class='ocrx_word' id='word_1_45' title='bbox 268 658 323 721; x_wconf 87' lang='lat' dir='ltr'>per</span> <span class='ocrx_word' id='word_1_46' title='bbox 352 646 445 701; x_wconf 76' lang='lat' dir='ltr'>totum</span> <span class='ocrx_word' id='word_1_47' title='bbox 478 642 581 703; x_wconf 83' lang='lat' dir='ltr'>orbem</span> <span class='ocrx_word' id='word_1_48' title='bbox 607 649 751 702; x_wconf 89' lang='lat' dir='ltr'>terramm</span> <span class='ocrx_word' id='word_1_49' title='bbox 770 658 876 701; x_wconf 86' lang='lat' dir='ltr'>omues</span> <span class='ocrx_word' id='word_1_50' title='bbox 934 635 1081 698; x_wconf 71' lang='lat' dir='ltr'>alliciatur</span> <span class='ocrx_word' id='word_1_51' title='bbox 1099 642 1130 698; x_wconf 92' lang='lat' dir='ltr'>et</span> <span class='ocrx_word' id='word_1_52' title='bbox 1155 638 1255 719; x_wconf 90' lang='lat' dir='ltr'>cupiat</span> <span class='ocrx_word' id='word_1_53' title='bbox 1282 638 1321 701; x_wconf 91' lang='lat' dir='ltr'>ad</span> <span class='ocrx_word' id='word_1_54' title='bbox 1346 640 1441 721; x_wconf 88' lang='lat' dir='ltr'>ipsius</span> <span class='ocrx_word' id='word_1_55' title='bbox 1470 644 1588 706; x_wconf 91' lang='lat' dir='ltr'>animae</span> <span class='ocrx_word' id='word_1_56' title='bbox 1614 646 1743 707; x_wconf 86' lang='lat' dir='ltr'>salntem</span> 
     </span>
     <span class='ocr_line' id='line_1_6' title="bbox 68 728 1742 817; baseline 0.004 -25"><span class='ocrx_word' id='word_1_57' title='bbox 68 733 226 793; x_wconf 82' lang='lat' dir='ltr'>unanimes</span> <span class='ocrx_word' id='word_1_58' title='bbox 268 733 370 797; x_wconf 89' lang='lat' dir='ltr'>eadem</span> <span class='ocrx_word' id='word_1_59' title='bbox 404 733 474 795; x_wconf 87' lang='lat' dir='ltr'>srdoi</span> <span class='ocrx_word' id='word_1_60' title='bbox 502 733 696 795; x_wconf 80' lang='lat' dir='ltr'>confessione</span> <span class='ocrx_word' id='word_1_61' title='bbox 727 734 869 813; x_wconf 88' lang='lat' dir='ltr'>gloritico·</span> <span class='ocrx_word' id='word_1_62' title='bbox 934 749 1002 791; x_wconf 92' lang='lat' dir='ltr'>cum</span> <span class='ocrx_word' id='word_1_63' title='bbox 1022 728 1080 790; x_wconf 84' lang='lat' dir='ltr'>trac</span> <span class='ocrx_word' id='word_1_64' title='bbox 1099 730 1169 811; x_wconf 87' lang='lat' dir='ltr'>ipsa</span> <span class='ocrx_word' id='word_1_65' title='bbox 1187 729 1330 795; x_wconf 89' lang='lat' dir='ltr'>Ecclesia</span> <span class='ocrx_word' id='word_1_66' title='bbox 1349 738 1442 795; x_wconf 87' lang='lat' dir='ltr'>matre</span> <span class='ocrx_word' id='word_1_67' title='bbox 1461 756 1534 814; x_wconf 86' lang='lat' dir='ltr'>sua,</span> <span class='ocrx_word' id='word_1_68' title='bbox 1558 758 1635 817; x_wconf 83' lang='lat' dir='ltr'>quac</span> <span class='ocrx_word' id='word_1_69' title='bbox 1655 740 1742 799; x_wconf 82' lang='lat' dir='ltr'>unice</span> 
     </span>
     <span class='ocr_line' id='line_1_7' title="bbox 69 822 1742 911; baseline 0.005 -29"><span class='ocrx_word' id='word_1_70' title='bbox 69 825 253 887; x_wconf 81' lang='lat' dir='ltr'>musileum</span> <span class='ocrx_word' id='word_1_71' title='bbox 273 836 305 887; x_wconf 84' lang='lat' dir='ltr'>et</span> <span class='ocrx_word' id='word_1_72' title='bbox 320 827 437 889; x_wconf 81' lang='lat' dir='ltr'>Patrem</span> <span class='ocrx_word' id='word_1_73' title='bbox 452 826 573 889; x_wconf 83' lang='lat' dir='ltr'>Domini</span> <span class='ocrx_word' id='word_1_74' title='bbox 583 826 689 889; x_wconf 82' lang='lat' dir='ltr'>Nostri</span> <span class='ocrx_word' id='word_1_75' title='bbox 699 826 777 889; x_wconf 62' lang='lat' dir='ltr'>,lesu</span> <span class='ocrx_word' id='word_1_76' title='bbox 792 825 873 887; x_wconf 84' lang='lat' dir='ltr'>Cirri-</span> <span class='ocrx_word' id='word_1_77' title='bbox 933 822 1015 883; x_wconf 88' lang='lat' dir='ltr'>illum</span> <span class='ocrx_word' id='word_1_78' title='bbox 1036 822 1131 903; x_wconf 85' lang='lat' dir='ltr'>diligit</span> <span class='ocrx_word' id='word_1_79' title='bbox 1151 842 1209 884; x_wconf 86' lang='lat' dir='ltr'>non</span> <span class='ocrx_word' id='word_1_80' title='bbox 1230 822 1328 886; x_wconf 84' lang='lat' dir='ltr'>selum</span> <span class='ocrx_word' id='word_1_81' title='bbox 1344 831 1476 904; x_wconf 81' lang='lat' dir='ltr'>externo,</span> <span class='ocrx_word' id='word_1_82' title='bbox 1496 830 1661 911; x_wconf 84' lang='lat' dir='ltr'>etpolitico</span> <span class='ocrx_word' id='word_1_83' title='bbox 1673 833 1742 893; x_wconf 84' lang='lat' dir='ltr'>aml-</span> 
     </span>
     <span class='ocr_line' id='line_1_8' title="bbox 72 916 1742 1005; baseline 0.004 -28"><span class='ocrx_word' id='word_1_84' title='bbox 72 919 112 978; x_wconf 82' lang='lat' dir='ltr'>sti</span> <span class='ocrx_word' id='word_1_85' title='bbox 132 924 164 977; x_wconf 92' lang='lat' dir='ltr'>ot</span> <span class='ocrx_word' id='word_1_86' title='bbox 183 918 263 999; x_wconf 81' lang='lat' dir='ltr'>qnod</span> <span class='ocrx_word' id='word_1_87' title='bbox 283 940 374 981; x_wconf 91' lang='lat' dir='ltr'>unum</span> <span class='ocrx_word' id='word_1_88' title='bbox 385 921 533 982; x_wconf 71' lang='lat' dir='ltr'>salvatori</span> <span class='ocrx_word' id='word_1_89' title='bbox 552 919 664 982; x_wconf 88' lang='lat' dir='ltr'>Nostro</span> <span class='ocrx_word' id='word_1_90' title='bbox 682 920 751 983; x_wconf 89' lang='lat' dir='ltr'>Dee</span> <span class='ocrx_word' id='word_1_91' title='bbox 770 920 874 999; x_wconf 65' lang='lat' dir='ltr'>gatis</span> <span class='ocrx_word' id='word_1_92' title='bbox 933 916 1021 977; x_wconf 88' lang='lat' dir='ltr'>cltiae</span> <span class='ocrx_word' id='word_1_93' title='bbox 1041 916 1180 994; x_wconf 82' lang='lat' dir='ltr'>loedere,</span> <span class='ocrx_word' id='word_1_94' title='bbox 1211 916 1269 979; x_wconf 89' lang='lat' dir='ltr'>sed</span> <span class='ocrx_word' id='word_1_95' title='bbox 1293 918 1388 981; x_wconf 92' lang='lat' dir='ltr'>multo</span> <span class='ocrx_word' id='word_1_96' title='bbox 1406 922 1506 1000; x_wconf 86' lang='lat' dir='ltr'>magis</span> <span class='ocrx_word' id='word_1_97' title='bbox 1524 922 1649 1005; x_wconf 83' lang='lat' dir='ltr'>spiritali</span> <span class='ocrx_word' id='word_1_98' title='bbox 1670 926 1742 985; x_wconf 88' lang='lat' dir='ltr'>cari-</span> 
     </span>
     <span class='ocr_line' id='line_1_9' title="bbox 70 1009 1304 1097; baseline 0 -26"><span class='ocrx_word' id='word_1_99' title='bbox 70 1013 174 1071; x_wconf 83' lang='lat' dir='ltr'>simum</span> <span class='ocrx_word' id='word_1_100' title='bbox 195 1017 254 1083; x_wconf 90' lang='lat' dir='ltr'>est,</span> <span class='ocrx_word' id='word_1_101' title='bbox 273 1012 323 1092; x_wconf 83' lang='lat' dir='ltr'>qui</span> <span class='ocrx_word' id='word_1_102' title='bbox 342 1020 497 1093; x_wconf 89' lang='lat' dir='ltr'>propterea</span> <span class='ocrx_word' id='word_1_103' title='bbox 515 1013 555 1074; x_wconf 89' lang='lat' dir='ltr'>de</span> <span class='ocrx_word' id='word_1_104' title='bbox 574 1015 643 1074; x_wconf 91' lang='lat' dir='ltr'>sluu</span> <span class='ocrx_word' id='word_1_105' title='bbox 662 1015 758 1097; x_wconf 88' lang='lat' dir='ltr'>patris</span> <span class='ocrx_word' id='word_1_106' title='bbox 777 1015 874 1075; x_wconf 90' lang='lat' dir='ltr'>luter·</span> <span class='ocrx_word' id='word_1_107' title='bbox 932 1009 1004 1071; x_wconf 85' lang='lat' dir='ltr'>tetis</span> <span class='ocrx_word' id='word_1_108' title='bbox 1022 1010 1140 1072; x_wconf 86' lang='lat' dir='ltr'>vinculo</span> <span class='ocrx_word' id='word_1_109' title='bbox 1161 1010 1304 1093; x_wconf 85' lang='lat' dir='ltr'>copulari.</span> 
     </span>
    </p>

    <p class='ocr_par' dir='ltr' id='par_1_3' title="bbox 57 1102 1741 4534">
     <span class='ocr_line' id='line_1_10' title="bbox 71 1102 1741 1188; baseline 0.002 -25"><span class='ocrx_word' id='word_1_110' title='bbox 71 1124 131 1165; x_wconf 87' lang='lat' dir='ltr'>ram</span> <span class='ocrx_word' id='word_1_111' title='bbox 152 1103 317 1178; x_wconf 88' lang='lat' dir='ltr'>descendit,</span> <span class='ocrx_word' id='word_1_112' title='bbox 348 1108 428 1167; x_wconf 87' lang='lat' dir='ltr'>etin</span> <span class='ocrx_word' id='word_1_113' title='bbox 448 1106 505 1169; x_wconf 85' lang='lat' dir='ltr'>ltac</span> <span class='ocrx_word' id='word_1_114' title='bbox 525 1106 706 1169; x_wconf 88' lang='lat' dir='ltr'>lacrimarum</span> <span class='ocrx_word' id='word_1_115' title='bbox 726 1106 803 1168; x_wconf 84' lang='lat' dir='ltr'>valle</span> <span class='ocrx_word' id='word_1_116' title='bbox 822 1126 873 1188; x_wconf 90' lang='lat' dir='ltr'>pe-</span> <span class='ocrx_word' id='word_1_117' title='bbox 1009 1102 1138 1165; x_wconf 73' lang='lat' dir='ltr'>&#39;l&#39;antum</span> <span class='ocrx_word' id='word_1_118' title='bbox 1159 1124 1229 1164; x_wconf 80' lang='lat' dir='ltr'>vero</span> <span class='ocrx_word' id='word_1_119' title='bbox 1249 1102 1288 1164; x_wconf 92' lang='lat' dir='ltr'>do</span> <span class='ocrx_word' id='word_1_120' title='bbox 1307 1110 1360 1167; x_wconf 88' lang='lat' dir='ltr'>tua</span> <span class='ocrx_word' id='word_1_121' title='bbox 1379 1102 1528 1183; x_wconf 88' lang='lat' dir='ltr'>doctrina,</span> <span class='ocrx_word' id='word_1_122' title='bbox 1555 1106 1741 1181; x_wconf 65' lang='lat' dir='ltr'>dexteritate,</span> 
     </span>
     <span class='ocr_line' id='line_1_11' title="bbox 70 1195 1740 1277; baseline 0.002 -20"><span class='ocrx_word' id='word_1_123' title='bbox 70 1200 238 1276; x_wconf 82' lang='lat' dir='ltr'>regrinatns</span> <span class='ocrx_word' id='word_1_124' title='bbox 256 1203 314 1269; x_wconf 89' lang='lat' dir='ltr'>est,</span> <span class='ocrx_word' id='word_1_125' title='bbox 335 1203 366 1259; x_wconf 87' lang='lat' dir='ltr'>et</span> <span class='ocrx_word' id='word_1_126' title='bbox 385 1201 465 1261; x_wconf 87' lang='lat' dir='ltr'>cruci</span> <span class='ocrx_word' id='word_1_127' title='bbox 486 1199 616 1261; x_wconf 82' lang='lat' dir='ltr'>suffixus</span> <span class='ocrx_word' id='word_1_128' title='bbox 634 1200 873 1262; x_wconf 74' lang='lat' dir='ltr'>occcultissimam</span> <span class='ocrx_word' id='word_1_129' title='bbox 932 1195 1102 1276; x_wconf 79' lang='lat' dir='ltr'>eloquentia</span> <span class='ocrx_word' id='word_1_130' title='bbox 1120 1197 1151 1259; x_wconf 91' lang='lat' dir='ltr'>in</span> <span class='ocrx_word' id='word_1_131' title='bbox 1170 1196 1300 1259; x_wconf 85' lang='lat' dir='ltr'>Domino</span> <span class='ocrx_word' id='word_1_132' title='bbox 1332 1198 1525 1277; x_wconf 79' lang='lat' dir='ltr'>confidimus,</span> <span class='ocrx_word' id='word_1_133' title='bbox 1557 1205 1590 1263; x_wconf 88' lang='lat' dir='ltr'>ut</span> <span class='ocrx_word' id='word_1_134' title='bbox 1619 1199 1740 1263; x_wconf 85' lang='lat' dir='ltr'>tandem</span> 
     </span>
     <span class='ocr_line' id='line_1_12' title="bbox 68 1288 1738 1374; baseline 0.003 -24"><span class='ocrx_word' id='word_1_135' title='bbox 68 1296 189 1351; x_wconf 68' lang='lat' dir='ltr'>monem</span> <span class='ocrx_word' id='word_1_136' title='bbox 210 1291 338 1371; x_wconf 87' lang='lat' dir='ltr'>pertulit,</span> <span class='ocrx_word' id='word_1_137' title='bbox 358 1299 391 1353; x_wconf 91' lang='lat' dir='ltr'>ut</span> <span class='ocrx_word' id='word_1_138' title='bbox 410 1314 485 1355; x_wconf 82' lang='lat' dir='ltr'>ores</span> <span class='ocrx_word' id='word_1_139' title='bbox 505 1293 660 1373; x_wconf 88' lang='lat' dir='ltr'>dispersas</span> <span class='ocrx_word' id='word_1_140' title='bbox 672 1296 875 1374; x_wconf 73' lang='lat' dir='ltr'>congregaret,</span> <span class='ocrx_word' id='word_1_141' title='bbox 931 1288 1100 1368; x_wconf 85' lang='lat' dir='ltr'>Principem</span> <span class='ocrx_word' id='word_1_142' title='bbox 1120 1310 1158 1350; x_wconf 94' lang='lat' dir='ltr'>eo</span> <span class='ocrx_word' id='word_1_143' title='bbox 1175 1288 1376 1373; x_wconf 89' lang='lat' dir='ltr'>perducturus</span> <span class='ocrx_word' id='word_1_144' title='bbox 1395 1294 1442 1355; x_wconf 92' lang='lat' dir='ltr'>sis</span> <span class='ocrx_word' id='word_1_145' title='bbox 1462 1297 1495 1353; x_wconf 91' lang='lat' dir='ltr'>nt</span> <span class='ocrx_word' id='word_1_146' title='bbox 1513 1292 1580 1373; x_wconf 89' lang='lat' dir='ltr'>ipse</span> <span class='ocrx_word' id='word_1_147' title='bbox 1599 1314 1658 1355; x_wconf 92' lang='lat' dir='ltr'>non</span> <span class='ocrx_word' id='word_1_148' title='bbox 1679 1314 1738 1359; x_wconf 87' lang='lat' dir='ltr'>me-</span> 
     </span>
     <span class='ocr_line' id='line_1_13' title="bbox 68 1380 1740 1468; baseline 0.002 -26"><span class='ocrx_word' id='word_1_149' title='bbox 68 1385 97 1442; x_wconf 90' lang='lat' dir='ltr'>in</span> <span class='ocrx_word' id='word_1_150' title='bbox 119 1404 218 1455; x_wconf 82' lang='lat' dir='ltr'>annm,</span> <span class='ocrx_word' id='word_1_151' title='bbox 238 1384 310 1445; x_wconf 91' lang='lat' dir='ltr'>illud</span> <span class='ocrx_word' id='word_1_152' title='bbox 331 1388 448 1465; x_wconf 85' lang='lat' dir='ltr'>inquam</span> <span class='ocrx_word' id='word_1_153' title='bbox 467 1406 500 1446; x_wconf 92' lang='lat' dir='ltr'>ro</span> <span class='ocrx_word' id='word_1_154' title='bbox 521 1387 589 1468; x_wconf 86' lang='lat' dir='ltr'>ipsa</span> <span class='ocrx_word' id='word_1_155' title='bbox 608 1386 762 1459; x_wconf 79' lang='lat' dir='ltr'>alliciatur,</span> <span class='ocrx_word' id='word_1_156' title='bbox 781 1390 815 1446; x_wconf 90' lang='lat' dir='ltr'>nt</span> <span class='ocrx_word' id='word_1_157' title='bbox 834 1386 874 1447; x_wconf 93' lang='lat' dir='ltr'>sit</span> <span class='ocrx_word' id='word_1_158' title='bbox 931 1380 1025 1443; x_wconf 90' lang='lat' dir='ltr'>diocri</span> <span class='ocrx_word' id='word_1_159' title='bbox 1054 1381 1206 1443; x_wconf 87' lang='lat' dir='ltr'>desiderio</span> <span class='ocrx_word' id='word_1_160' title='bbox 1232 1384 1365 1465; x_wconf 74' lang='lat' dir='ltr'>penitius</span> <span class='ocrx_word' id='word_1_161' title='bbox 1402 1392 1505 1447; x_wconf 89' lang='lat' dir='ltr'>nostra</span> <span class='ocrx_word' id='word_1_162' title='bbox 1537 1386 1740 1467; x_wconf 89' lang='lat' dir='ltr'>cognoscendi</span> 
     </span>
     <span class='ocr_line' id='line_1_14' title="bbox 65 1473 1739 1560; baseline 0.003 -24"><span class='ocrx_word' id='word_1_163' title='bbox 65 1496 156 1537; x_wconf 87' lang='lat' dir='ltr'>unum</span> <span class='ocrx_word' id='word_1_164' title='bbox 175 1478 254 1539; x_wconf 84' lang='lat' dir='ltr'>ovile</span> <span class='ocrx_word' id='word_1_165' title='bbox 273 1484 305 1538; x_wconf 87' lang='lat' dir='ltr'>et</span> <span class='ocrx_word' id='word_1_166' title='bbox 322 1498 402 1539; x_wconf 90' lang='lat' dir='ltr'>nnus</span> <span class='ocrx_word' id='word_1_167' title='bbox 421 1484 534 1560; x_wconf 86' lang='lat' dir='ltr'>pastor.</span> <span class='ocrx_word' id='word_1_168' title='bbox 575 1479 679 1542; x_wconf 82' lang='lat' dir='ltr'>Talem</span> <span class='ocrx_word' id='word_1_169' title='bbox 700 1482 778 1542; x_wconf 89' lang='lat' dir='ltr'>enim</span> <span class='ocrx_word' id='word_1_170' title='bbox 790 1478 873 1541; x_wconf 77' lang='lat' dir='ltr'>Clari·</span> <span class='ocrx_word' id='word_1_171' title='bbox 932 1473 1120 1550; x_wconf 85' lang='lat' dir='ltr'>exardescat,</span> <span class='ocrx_word' id='word_1_172' title='bbox 1138 1480 1229 1556; x_wconf 85' lang='lat' dir='ltr'>atque</span> <span class='ocrx_word' id='word_1_173' title='bbox 1247 1476 1365 1556; x_wconf 88' lang='lat' dir='ltr'>aliquos</span> <span class='ocrx_word' id='word_1_174' title='bbox 1385 1498 1425 1541; x_wconf 84' lang='lat' dir='ltr'>ex</span> <span class='ocrx_word' id='word_1_175' title='bbox 1446 1480 1558 1541; x_wconf 88' lang='lat' dir='ltr'>nostris</span> <span class='ocrx_word' id='word_1_176' title='bbox 1578 1478 1739 1543; x_wconf 87' lang='lat' dir='ltr'>sacerdoti·</span> 
     </span>
     <span class='ocr_line' id='line_1_15' title="bbox 65 1566 1739 1654; baseline 0.006 -25"><span class='ocrx_word' id='word_1_177' title='bbox 65 1576 134 1629; x_wconf 90' lang='lat' dir='ltr'>stus</span> <span class='ocrx_word' id='word_1_178' title='bbox 155 1569 304 1633; x_wconf 77' lang='lat' dir='ltr'>Dominus</span> <span class='ocrx_word' id='word_1_179' title='bbox 323 1571 500 1652; x_wconf 84' lang='lat' dir='ltr'>redemptor,</span> <span class='ocrx_word' id='word_1_180' title='bbox 519 1575 662 1653; x_wconf 87' lang='lat' dir='ltr'>magister</span> <span class='ocrx_word' id='word_1_181' title='bbox 680 1581 712 1636; x_wconf 94' lang='lat' dir='ltr'>et</span> <span class='ocrx_word' id='word_1_182' title='bbox 721 1574 874 1653; x_wconf 84' lang='lat' dir='ltr'>legislator</span> <span class='ocrx_word' id='word_1_183' title='bbox 930 1568 1005 1645; x_wconf 84' lang='lat' dir='ltr'>bus,</span> <span class='ocrx_word' id='word_1_184' title='bbox 1031 1573 1062 1629; x_wconf 89' lang='lat' dir='ltr'>et</span> <span class='ocrx_word' id='word_1_185' title='bbox 1089 1566 1257 1648; x_wconf 82' lang='lat' dir='ltr'>Theologls</span> <span class='ocrx_word' id='word_1_186' title='bbox 1281 1570 1358 1631; x_wconf 90' lang='lat' dir='ltr'>mitti</span> <span class='ocrx_word' id='word_1_187' title='bbox 1383 1577 1492 1651; x_wconf 88' lang='lat' dir='ltr'>sponte</span> <span class='ocrx_word' id='word_1_188' title='bbox 1511 1574 1578 1635; x_wconf 89' lang='lat' dir='ltr'>&#39;sua</span> <span class='ocrx_word' id='word_1_189' title='bbox 1598 1572 1739 1654; x_wconf 78' lang='lat' dir='ltr'>postulet.</span> 
     </span>
     <span class='ocr_line' id='line_1_16' title="bbox 67 1660 1739 1748; baseline 0.002 -26"><span class='ocrx_word' id='word_1_190' title='bbox 67 1671 178 1731; x_wconf 86' lang='lat' dir='ltr'>nester,</span> <span class='ocrx_word' id='word_1_191' title='bbox 198 1663 227 1723; x_wconf 93' lang='lat' dir='ltr'>in</span> <span class='ocrx_word' id='word_1_192' title='bbox 248 1666 335 1726; x_wconf 89' lang='lat' dir='ltr'>terris</span> <span class='ocrx_word' id='word_1_193' title='bbox 349 1664 509 1727; x_wconf 76' lang='lat' dir='ltr'>Ecclesiae</span> <span class='ocrx_word' id='word_1_194' title='bbox 526 1664 649 1729; x_wconf 80' lang='lat' dir='ltr'>formam</span> <span class='ocrx_word' id='word_1_195' title='bbox 671 1665 872 1748; x_wconf 90' lang='lat' dir='ltr'>instituitpnl·</span> <span class='ocrx_word' id='word_1_196' title='bbox 931 1660 1011 1742; x_wconf 89' lang='lat' dir='ltr'>quod</span> <span class='ocrx_word' id='word_1_197' title='bbox 1036 1662 1064 1723; x_wconf 91' lang='lat' dir='ltr'>si</span> <span class='ocrx_word' id='word_1_198' title='bbox 1090 1661 1181 1723; x_wconf 84' lang='lat' dir='ltr'>iaciat</span> <span class='ocrx_word' id='word_1_199' title='bbox 1213 1682 1288 1723; x_wconf 88' lang='lat' dir='ltr'>sane</span> <span class='ocrx_word' id='word_1_200' title='bbox 1314 1664 1447 1745; x_wconf 90' lang='lat' dir='ltr'>recipere</span> <span class='ocrx_word' id='word_1_201' title='bbox 1480 1666 1594 1746; x_wconf 89' lang='lat' dir='ltr'>poteris</span> <span class='ocrx_word' id='word_1_202' title='bbox 1624 1672 1654 1726; x_wconf 90' lang='lat' dir='ltr'>to</span> <span class='ocrx_word' id='word_1_203' title='bbox 1685 1686 1739 1747; x_wconf 87' lang='lat' dir='ltr'>pro</span> 
     </span>
     <span class='ocr_line' id='line_1_17' title="bbox 67 1753 1739 1839; baseline 0.003 -25"><span class='ocrx_word' id='word_1_204' title='bbox 67 1756 238 1826; x_wconf 87' lang='lat' dir='ltr'>cerrimam,</span> <span class='ocrx_word' id='word_1_205' title='bbox 269 1762 301 1817; x_wconf 93' lang='lat' dir='ltr'>et</span> <span class='ocrx_word' id='word_1_206' title='bbox 319 1758 620 1839; x_wconf 77' lang='lat' dir='ltr'>praestantissimam,</span> <span class='ocrx_word' id='word_1_207' title='bbox 649 1765 680 1820; x_wconf 90' lang='lat' dir='ltr'>et</span> <span class='ocrx_word' id='word_1_208' title='bbox 707 1760 750 1821; x_wconf 93' lang='lat' dir='ltr'>illi</span> <span class='ocrx_word' id='word_1_209' title='bbox 775 1758 870 1821; x_wconf 89' lang='lat' dir='ltr'>coele·</span> <span class='ocrx_word' id='word_1_210' title='bbox 930 1759 1011 1815; x_wconf 88' lang='lat' dir='ltr'>corte</span> <span class='ocrx_word' id='word_1_211' title='bbox 1031 1772 1155 1836; x_wconf 89' lang='lat' dir='ltr'>sperare</span> <span class='ocrx_word' id='word_1_212' title='bbox 1175 1753 1405 1819; x_wconf 78' lang='lat' dir='ltr'>Sanctisslmnm</span> <span class='ocrx_word' id='word_1_213' title='bbox 1424 1755 1584 1819; x_wconf 88' lang='lat' dir='ltr'>Dominum</span> <span class='ocrx_word' id='word_1_214' title='bbox 1595 1758 1739 1819; x_wconf 85' lang='lat' dir='ltr'>Nostrum</span> 
     </span>
     <span class='ocr_line' id='line_1_18' title="bbox 64 1847 1738 1935; baseline 0.002 -27"><span class='ocrx_word' id='word_1_215' title='bbox 64 1850 103 1909; x_wconf 89' lang='lat' dir='ltr'>ati</span> <span class='ocrx_word' id='word_1_216' title='bbox 125 1847 313 1911; x_wconf 84' lang='lat' dir='ltr'>Hiemsalem</span> <span class='ocrx_word' id='word_1_217' title='bbox 333 1850 520 1912; x_wconf 87' lang='lat' dir='ltr'>simillimam.</span> <span class='ocrx_word' id='word_1_218' title='bbox 540 1848 619 1912; x_wconf 86' lang='lat' dir='ltr'>Nam</span> <span class='ocrx_word' id='word_1_219' title='bbox 632 1853 873 1915; x_wconf 88' lang='lat' dir='ltr'>sicutiuunsest</span> <span class='ocrx_word' id='word_1_220' title='bbox 927 1852 990 1911; x_wconf 88' lang='lat' dir='ltr'>tam</span> <span class='ocrx_word' id='word_1_221' title='bbox 1023 1848 1074 1929; x_wconf 89' lang='lat' dir='ltr'>pia</span> <span class='ocrx_word' id='word_1_222' title='bbox 1105 1848 1202 1927; x_wconf 89' lang='lat' dir='ltr'>ipsius</span> <span class='ocrx_word' id='word_1_223' title='bbox 1235 1850 1371 1931; x_wconf 91' lang='lat' dir='ltr'>petitioni</span> <span class='ocrx_word' id='word_1_224' title='bbox 1399 1868 1458 1909; x_wconf 92' lang='lat' dir='ltr'>non</span> <span class='ocrx_word' id='word_1_225' title='bbox 1490 1848 1657 1913; x_wconf 85' lang='lat' dir='ltr'>delntnmm</span> <span class='ocrx_word' id='word_1_226' title='bbox 1689 1854 1738 1935; x_wconf 82' lang='lat' dir='ltr'>qui</span> 
     </span>
     <span class='ocr_line' id='line_1_19' title="bbox 64 1939 1737 2023; baseline 0.001 -22"><span class='ocrx_word' id='word_1_227' title='bbox 64 1941 161 2011; x_wconf 83' lang='lat' dir='ltr'>Deus,</span> <span class='ocrx_word' id='word_1_228' title='bbox 180 1962 241 2003; x_wconf 91' lang='lat' dir='ltr'>nna</span> <span class='ocrx_word' id='word_1_229' title='bbox 259 1942 345 2019; x_wconf 87' lang='lat' dir='ltr'>tides,</span> <span class='ocrx_word' id='word_1_230' title='bbox 364 1948 396 2005; x_wconf 91' lang='lat' dir='ltr'>et</span> <span class='ocrx_word' id='word_1_231' title='bbox 412 1962 473 2004; x_wconf 88' lang='lat' dir='ltr'>una</span> <span class='ocrx_word' id='word_1_232' title='bbox 483 1943 624 2008; x_wconf 89' lang='lat' dir='ltr'>Ecclesia</span> <span class='ocrx_word' id='word_1_233' title='bbox 634 1944 749 2008; x_wconf 88' lang='lat' dir='ltr'>Sancta</span> <span class='ocrx_word' id='word_1_234' title='bbox 761 1944 870 2007; x_wconf 87' lang='lat' dir='ltr'>Catlro·</span> <span class='ocrx_word' id='word_1_235' title='bbox 929 1942 998 2023; x_wconf 78' lang='lat' dir='ltr'>ejus</span> <span class='ocrx_word' id='word_1_236' title='bbox 1018 1940 1216 2002; x_wconf 73' lang='lat' dir='ltr'>serenitatem</span> <span class='ocrx_word' id='word_1_237' title='bbox 1236 1939 1332 2020; x_wconf 82' lang='lat' dir='ltr'>diligit</span> <span class='ocrx_word' id='word_1_238' title='bbox 1357 1942 1387 2002; x_wconf 86' lang='lat' dir='ltr'>ln</span> <span class='ocrx_word' id='word_1_239' title='bbox 1407 1942 1576 2005; x_wconf 85' lang='lat' dir='ltr'>visceribus</span> <span class='ocrx_word' id='word_1_240' title='bbox 1596 1944 1737 2005; x_wconf 61' lang='lat' dir='ltr'>metatis.</span> 
     </span>
     <span class='ocr_line' id='line_1_20' title="bbox 64 2032 1737 2120; baseline 0.001 -25"><span class='ocrx_word' id='word_1_241' title='bbox 64 2035 138 2109; x_wconf 85' lang='lat' dir='ltr'>lica,</span> <span class='ocrx_word' id='word_1_242' title='bbox 162 2044 194 2095; x_wconf 88' lang='lat' dir='ltr'>et</span> <span class='ocrx_word' id='word_1_243' title='bbox 213 2034 406 2117; x_wconf 63' lang='lat' dir='ltr'>apostolica,</span> <span class='ocrx_word' id='word_1_244' title='bbox 432 2038 474 2099; x_wconf 91' lang='lat' dir='ltr'>ita</span> <span class='ocrx_word' id='word_1_245' title='bbox 493 2057 572 2099; x_wconf 87' lang='lat' dir='ltr'>unns</span> <span class='ocrx_word' id='word_1_246' title='bbox 589 2037 748 2101; x_wconf 79' lang='lat' dir='ltr'>Ecclesiae</span> <span class='ocrx_word' id='word_1_247' title='bbox 767 2045 872 2120; x_wconf 89' lang='lat' dir='ltr'>pastor</span> <span class='ocrx_word' id='word_1_248' title='bbox 1004 2032 1063 2095; x_wconf 86' lang='lat' dir='ltr'>llis</span> <span class='ocrx_word' id='word_1_249' title='bbox 1078 2034 1172 2116; x_wconf 87' lang='lat' dir='ltr'>jactis</span> <span class='ocrx_word' id='word_1_250' title='bbox 1194 2032 1397 2097; x_wconf 81' lang='lat' dir='ltr'>fundamentis</span> <span class='ocrx_word' id='word_1_251' title='bbox 1417 2034 1638 2098; x_wconf 84' lang='lat' dir='ltr'>commendabis</span> <span class='ocrx_word' id='word_1_252' title='bbox 1658 2037 1737 2116; x_wconf 89' lang='lat' dir='ltr'>pium</span> 
     </span>
     <span class='ocr_line' id='line_1_21' title="bbox 64 2124 1735 2210; baseline 0.002 -24"><span class='ocrx_word' id='word_1_253' title='bbox 64 2138 130 2203; x_wconf 85' lang='lat' dir='ltr'>est,</span> <span class='ocrx_word' id='word_1_254' title='bbox 155 2131 205 2210; x_wconf 79' lang='lat' dir='ltr'>qui</span> <span class='ocrx_word' id='word_1_255' title='bbox 234 2128 346 2191; x_wconf 75' lang='lat' dir='ltr'>Christi</span> <span class='ocrx_word' id='word_1_256' title='bbox 371 2133 484 2192; x_wconf 82' lang='lat' dir='ltr'>aeterni</span> <span class='ocrx_word' id='word_1_257' title='bbox 512 2132 673 2193; x_wconf 78' lang='lat' dir='ltr'>animarum</span> <span class='ocrx_word' id='word_1_258' title='bbox 704 2140 869 2193; x_wconf 71' lang='lat' dir='ltr'>nostrarum</span> <span class='ocrx_word' id='word_1_259' title='bbox 928 2126 1001 2187; x_wconf 87' lang='lat' dir='ltr'>illud</span> <span class='ocrx_word' id='word_1_260' title='bbox 1021 2132 1053 2186; x_wconf 74' lang='lat' dir='ltr'>ol</span> <span class='ocrx_word' id='word_1_261' title='bbox 1073 2124 1246 2189; x_wconf 79' lang='lat' dir='ltr'>Christiano</span> <span class='ocrx_word' id='word_1_262' title='bbox 1272 2126 1413 2208; x_wconf 79' lang='lat' dir='ltr'>Principe</span> <span class='ocrx_word' id='word_1_263' title='bbox 1438 2126 1646 2208; x_wconf 75' lang='lat' dir='ltr'>dignissimum</span> <span class='ocrx_word' id='word_1_264' title='bbox 1667 2149 1735 2191; x_wconf 78' lang='lat' dir='ltr'>con·</span> 
     </span>
     <span class='ocr_line' id='line_1_22' title="bbox 64 2220 1738 2304; baseline 0.002 -22"><span class='ocrx_word' id='word_1_265' title='bbox 64 2224 195 2303; x_wconf 87' lang='lat' dir='ltr'>pastoris</span> <span class='ocrx_word' id='word_1_266' title='bbox 214 2224 296 2284; x_wconf 83' lang='lat' dir='ltr'>vices</span> <span class='ocrx_word' id='word_1_267' title='bbox 315 2225 345 2284; x_wconf 90' lang='lat' dir='ltr'>in</span> <span class='ocrx_word' id='word_1_268' title='bbox 365 2224 454 2285; x_wconf 88' lang='lat' dir='ltr'>terris</span> <span class='ocrx_word' id='word_1_269' title='bbox 472 2224 563 2303; x_wconf 73' lang='lat' dir='ltr'>gerit,</span> <span class='ocrx_word' id='word_1_270' title='bbox 602 2223 653 2286; x_wconf 87' lang='lat' dir='ltr'>lrio</span> <span class='ocrx_word' id='word_1_271' title='bbox 677 2231 776 2287; x_wconf 88' lang='lat' dir='ltr'>autem</span> <span class='ocrx_word' id='word_1_272' title='bbox 801 2231 869 2287; x_wconf 88' lang='lat' dir='ltr'>esto</span> <span class='ocrx_word' id='word_1_273' title='bbox 928 2221 1040 2295; x_wconf 87' lang='lat' dir='ltr'>cilium,</span> <span class='ocrx_word' id='word_1_274' title='bbox 1071 2224 1102 2281; x_wconf 90' lang='lat' dir='ltr'>et</span> <span class='ocrx_word' id='word_1_275' title='bbox 1133 2225 1276 2301; x_wconf 84' lang='lat' dir='ltr'>tanquam</span> <span class='ocrx_word' id='word_1_276' title='bbox 1308 2242 1432 2304; x_wconf 83' lang='lat' dir='ltr'>scopum</span> <span class='ocrx_word' id='word_1_277' title='bbox 1459 2220 1638 2284; x_wconf 89' lang='lat' dir='ltr'>Serenitatis</span> <span class='ocrx_word' id='word_1_278' title='bbox 1663 2244 1738 2285; x_wconf 90' lang='lat' dir='ltr'>snac</span> 
     </span>
     <span class='ocr_line' id='line_1_23' title="bbox 63 2312 1736 2398; baseline 0 -21"><span class='ocrx_word' id='word_1_279' title='bbox 63 2316 217 2377; x_wconf 83' lang='lat' dir='ltr'>Romanus</span> <span class='ocrx_word' id='word_1_280' title='bbox 228 2316 366 2378; x_wconf 78' lang='lat' dir='ltr'>Pontifex</span> <span class='ocrx_word' id='word_1_281' title='bbox 381 2316 552 2379; x_wconf 85' lang='lat' dir='ltr'>Beatissimi</span> <span class='ocrx_word' id='word_1_282' title='bbox 564 2318 776 2398; x_wconf 83' lang='lat' dir='ltr'>Apostolorum</span> <span class='ocrx_word' id='word_1_283' title='bbox 787 2320 869 2380; x_wconf 87' lang='lat' dir='ltr'>Prin·</span> <span class='ocrx_word' id='word_1_284' title='bbox 928 2315 980 2396; x_wconf 84' lang='lat' dir='ltr'>xpi</span> <span class='ocrx_word' id='word_1_285' title='bbox 1001 2312 1114 2375; x_wconf 83' lang='lat' dir='ltr'>Christi</span> <span class='ocrx_word' id='word_1_286' title='bbox 1135 2332 1241 2375; x_wconf 85' lang='lat' dir='ltr'>nomen</span> <span class='ocrx_word' id='word_1_287' title='bbox 1261 2314 1366 2395; x_wconf 87' lang='lat' dir='ltr'>longe,</span> <span class='ocrx_word' id='word_1_288' title='bbox 1393 2315 1513 2395; x_wconf 86' lang='lat' dir='ltr'>lateque</span> <span class='ocrx_word' id='word_1_289' title='bbox 1538 2316 1736 2397; x_wconf 79' lang='lat' dir='ltr'>propagandi3</span> 
     </span>
     <span class='ocr_line' id='line_1_24' title="bbox 63 2405 1736 2493; baseline 0.001 -24"><span class='ocrx_word' id='word_1_290' title='bbox 63 2410 140 2489; x_wconf 90' lang='lat' dir='ltr'>cipis</span> <span class='ocrx_word' id='word_1_291' title='bbox 160 2410 238 2469; x_wconf 85' lang='lat' dir='ltr'>Petri</span> <span class='ocrx_word' id='word_1_292' title='bbox 259 2431 427 2487; x_wconf 85' lang='lat' dir='ltr'>successor,</span> <span class='ocrx_word' id='word_1_293' title='bbox 448 2412 536 2493; x_wconf 83' lang='lat' dir='ltr'>cujus</span> <span class='ocrx_word' id='word_1_294' title='bbox 556 2430 698 2471; x_wconf 81' lang='lat' dir='ltr'>summam</span> <span class='ocrx_word' id='word_1_295' title='bbox 719 2412 748 2471; x_wconf 93' lang='lat' dir='ltr'>in</span> <span class='ocrx_word' id='word_1_296' title='bbox 764 2410 868 2473; x_wconf 86' lang='lat' dir='ltr'>Ecole·</span> <span class='ocrx_word' id='word_1_297' title='bbox 928 2406 1116 2469; x_wconf 90' lang='lat' dir='ltr'>deterrimum</span> <span class='ocrx_word' id='word_1_298' title='bbox 1137 2405 1300 2469; x_wconf 83' lang='lat' dir='ltr'>&#39;l&#39;urcamm</span> <span class='ocrx_word' id='word_1_299' title='bbox 1321 2406 1485 2470; x_wconf 85' lang='lat' dir='ltr'>Tirannum</span> <span class='ocrx_word' id='word_1_300' title='bbox 1506 2418 1653 2491; x_wconf 89' lang='lat' dir='ltr'>perpetuo</span> <span class='ocrx_word' id='word_1_301' title='bbox 1673 2430 1736 2491; x_wconf 86' lang='lat' dir='ltr'>per-</span> 
     </span>
     <span class='ocr_line' id='line_1_25' title="bbox 62 2498 1737 2586; baseline 0.002 -25"><span class='ocrx_word' id='word_1_302' title='bbox 62 2504 111 2563; x_wconf 83' lang='lat' dir='ltr'>sia</span> <span class='ocrx_word' id='word_1_303' title='bbox 129 2502 189 2563; x_wconf 79' lang='lat' dir='ltr'>liei</span> <span class='ocrx_word' id='word_1_304' title='bbox 210 2504 413 2564; x_wconf 87' lang='lat' dir='ltr'>anctoritatem</span> <span class='ocrx_word' id='word_1_305' title='bbox 440 2505 539 2565; x_wconf 89' lang='lat' dir='ltr'>omnis</span> <span class='ocrx_word' id='word_1_306' title='bbox 562 2504 602 2564; x_wconf 84' lang='lat' dir='ltr'>ab</span> <span class='ocrx_word' id='word_1_307' title='bbox 627 2504 695 2586; x_wconf 87' lang='lat' dir='ltr'>ipse</span> <span class='ocrx_word' id='word_1_308' title='bbox 715 2506 868 2567; x_wconf 89' lang='lat' dir='ltr'>nascentis</span> <span class='ocrx_word' id='word_1_309' title='bbox 927 2498 1076 2582; x_wconf 85' lang='lat' dir='ltr'>sequendi</span> <span class='ocrx_word' id='word_1_310' title='bbox 1107 2500 1157 2581; x_wconf 83' lang='lat' dir='ltr'>qni</span> <span class='ocrx_word' id='word_1_311' title='bbox 1189 2501 1288 2583; x_wconf 90' lang='lat' dir='ltr'>ipsius</span> <span class='ocrx_word' id='word_1_312' title='bbox 1319 2506 1380 2563; x_wconf 89' lang='lat' dir='ltr'>tam</span> <span class='ocrx_word' id='word_1_313' title='bbox 1407 2504 1561 2585; x_wconf 89' lang='lat' dir='ltr'>praeclaro</span> <span class='ocrx_word' id='word_1_314' title='bbox 1587 2503 1737 2565; x_wconf 87' lang='lat' dir='ltr'>desiderio</span> 
     </span>
     <span class='ocr_line' id='line_1_26' title="bbox 62 2594 1736 2679; baseline 0.002 -23"><span class='ocrx_word' id='word_1_315' title='bbox 62 2596 223 2657; x_wconf 81' lang='lat' dir='ltr'>Ecclesiae</span> <span class='ocrx_word' id='word_1_316' title='bbox 242 2595 400 2678; x_wconf 89' lang='lat' dir='ltr'>primordio</span> <span class='ocrx_word' id='word_1_317' title='bbox 420 2598 583 2679; x_wconf 86' lang='lat' dir='ltr'>antiquitas</span> <span class='ocrx_word' id='word_1_318' title='bbox 604 2598 732 2677; x_wconf 84' lang='lat' dir='ltr'>agnovit,</span> <span class='ocrx_word' id='word_1_319' title='bbox 753 2608 784 2659; x_wconf 95' lang='lat' dir='ltr'>et</span> <span class='ocrx_word' id='word_1_320' title='bbox 805 2598 868 2659; x_wconf 88' lang='lat' dir='ltr'>unl-</span> <span class='ocrx_word' id='word_1_321' title='bbox 925 2594 1054 2655; x_wconf 81' lang='lat' dir='ltr'>maximo</span> <span class='ocrx_word' id='word_1_322' title='bbox 1074 2594 1212 2671; x_wconf 83' lang='lat' dir='ltr'>obsistit,</span> <span class='ocrx_word' id='word_1_323' title='bbox 1233 2594 1281 2655; x_wconf 92' lang='lat' dir='ltr'>cui</span> <span class='ocrx_word' id='word_1_324' title='bbox 1301 2614 1360 2656; x_wconf 93' lang='lat' dir='ltr'>non</span> <span class='ocrx_word' id='word_1_325' title='bbox 1389 2597 1466 2657; x_wconf 90' lang='lat' dir='ltr'>satis</span> <span class='ocrx_word' id='word_1_326' title='bbox 1486 2598 1536 2671; x_wconf 86' lang='lat' dir='ltr'>sit,</span> <span class='ocrx_word' id='word_1_327' title='bbox 1555 2602 1599 2658; x_wconf 91' lang='lat' dir='ltr'>tot</span> <span class='ocrx_word' id='word_1_328' title='bbox 1617 2596 1736 2677; x_wconf 84' lang='lat' dir='ltr'>Regna,</span> 
     </span>
     <span class='ocr_line' id='line_1_27' title="bbox 63 2686 1735 2773; baseline 0.002 -25"><span class='ocrx_word' id='word_1_329' title='bbox 63 2710 150 2750; x_wconf 80' lang='lat' dir='ltr'>rema</span> <span class='ocrx_word' id='word_1_330' title='bbox 169 2691 330 2770; x_wconf 86' lang='lat' dir='ltr'>posteritas</span> <span class='ocrx_word' id='word_1_331' title='bbox 349 2700 492 2771; x_wconf 83' lang='lat' dir='ltr'>perpetuo</span> <span class='ocrx_word' id='word_1_332' title='bbox 519 2708 670 2753; x_wconf 87' lang='lat' dir='ltr'>consensu</span> <span class='ocrx_word' id='word_1_333' title='bbox 696 2693 868 2773; x_wconf 85' lang='lat' dir='ltr'>comproba·</span> <span class='ocrx_word' id='word_1_334' title='bbox 927 2694 958 2748; x_wconf 88' lang='lat' dir='ltr'>ct</span> <span class='ocrx_word' id='word_1_335' title='bbox 977 2686 1155 2749; x_wconf 83' lang='lat' dir='ltr'>Provincias</span> <span class='ocrx_word' id='word_1_336' title='bbox 1177 2687 1404 2749; x_wconf 77' lang='lat' dir='ltr'>florentissimas</span> <span class='ocrx_word' id='word_1_337' title='bbox 1418 2688 1666 2772; x_wconf 79' lang='lat' dir='ltr'>Christianisjam</span> <span class='ocrx_word' id='word_1_338' title='bbox 1678 2692 1735 2773; x_wconf 91' lang='lat' dir='ltr'>pri·</span> 
     </span>
     <span class='ocr_line' id='line_1_28' title="bbox 63 2778 1736 2865; baseline 0.001 -23"><span class='ocrx_word' id='word_1_339' title='bbox 63 2785 114 2842; x_wconf 82' lang='lat' dir='ltr'>vit.</span> <span class='ocrx_word' id='word_1_340' title='bbox 138 2782 222 2843; x_wconf 83' lang='lat' dir='ltr'>Tuae</span> <span class='ocrx_word' id='word_1_341' title='bbox 242 2784 330 2860; x_wconf 83' lang='lat' dir='ltr'>igitur</span> <span class='ocrx_word' id='word_1_342' title='bbox 349 2783 534 2865; x_wconf 89' lang='lat' dir='ltr'>prudentiae,</span> <span class='ocrx_word' id='word_1_343' title='bbox 555 2790 585 2844; x_wconf 92' lang='lat' dir='ltr'>et</span> <span class='ocrx_word' id='word_1_344' title='bbox 605 2784 794 2863; x_wconf 84' lang='lat' dir='ltr'>eloquentiae</span> <span class='ocrx_word' id='word_1_345' title='bbox 805 2804 867 2863; x_wconf 88' lang='lat' dir='ltr'>par·</span> <span class='ocrx_word' id='word_1_346' title='bbox 926 2778 994 2840; x_wconf 89' lang='lat' dir='ltr'>dcm</span> <span class='ocrx_word' id='word_1_347' title='bbox 1014 2778 1168 2840; x_wconf 86' lang='lat' dir='ltr'>ademisse</span> <span class='ocrx_word' id='word_1_348' title='bbox 1189 2778 1354 2840; x_wconf 72' lang='lat' dir='ltr'>orientalis</span> <span class='ocrx_word' id='word_1_349' title='bbox 1374 2782 1490 2861; x_wconf 86' lang='lat' dir='ltr'>imperii</span> <span class='ocrx_word' id='word_1_350' title='bbox 1523 2781 1629 2843; x_wconf 81' lang='lat' dir='ltr'>sedent</span> <span class='ocrx_word' id='word_1_351' title='bbox 1658 2784 1736 2843; x_wconf 83' lang='lat' dir='ltr'>Con·</span> 
     </span>
     <span class='ocr_line' id='line_1_29' title="bbox 61 2871 1735 2953; baseline 0.001 -18"><span class='ocrx_word' id='word_1_352' title='bbox 61 2884 111 2935; x_wconf 90' lang='lat' dir='ltr'>tes</span> <span class='ocrx_word' id='word_1_353' title='bbox 121 2880 207 2934; x_wconf 87' lang='lat' dir='ltr'>erunt</span> <span class='ocrx_word' id='word_1_354' title='bbox 218 2894 278 2934; x_wconf 92' lang='lat' dir='ltr'>nou</span> <span class='ocrx_word' id='word_1_355' title='bbox 289 2874 387 2933; x_wconf 90' lang='lat' dir='ltr'>solum</span> <span class='ocrx_word' id='word_1_356' title='bbox 399 2876 538 2935; x_wconf 86' lang='lat' dir='ltr'>crebroin</span> <span class='ocrx_word' id='word_1_357' title='bbox 551 2896 641 2936; x_wconf 88' lang='lat' dir='ltr'>aures</span> <span class='ocrx_word' id='word_1_358' title='bbox 653 2875 798 2936; x_wconf 89' lang='lat' dir='ltr'>instillare</span> <span class='ocrx_word' id='word_1_359' title='bbox 811 2875 867 2936; x_wconf 91' lang='lat' dir='ltr'>sed</span> <span class='ocrx_word' id='word_1_360' title='bbox 926 2871 1147 2951; x_wconf 89' lang='lat' dir='ltr'>stantinopolim</span> <span class='ocrx_word' id='word_1_361' title='bbox 1179 2890 1364 2953; x_wconf 84' lang='lat' dir='ltr'>occupasse,</span> <span class='ocrx_word' id='word_1_362' title='bbox 1395 2872 1612 2934; x_wconf 84' lang='lat' dir='ltr'>nobilissimam</span> <span class='ocrx_word' id='word_1_363' title='bbox 1644 2873 1735 2937; x_wconf 86' lang='lat' dir='ltr'>Grae·</span> 
     </span>
     <span class='ocr_line' id='line_1_30' title="bbox 61 2962 1734 3051; baseline 0.002 -25"><span class='ocrx_word' id='word_1_364' title='bbox 61 2967 181 3027; x_wconf 88' lang='lat' dir='ltr'>omnino</span> <span class='ocrx_word' id='word_1_365' title='bbox 199 2967 228 3026; x_wconf 89' lang='lat' dir='ltr'>in</span> <span class='ocrx_word' id='word_1_366' title='bbox 248 2967 378 3026; x_wconf 82' lang='lat' dir='ltr'>animum</span> <span class='ocrx_word' id='word_1_367' title='bbox 395 2965 497 3045; x_wconf 85' lang='lat' dir='ltr'>Magni</span> <span class='ocrx_word' id='word_1_368' title='bbox 515 2967 595 3028; x_wconf 88' lang='lat' dir='ltr'>illius</span> <span class='ocrx_word' id='word_1_369' title='bbox 611 2966 760 3046; x_wconf 87' lang='lat' dir='ltr'>Principis</span> <span class='ocrx_word' id='word_1_370' title='bbox 781 2968 867 3049; x_wconf 92' lang='lat' dir='ltr'>inpri·</span> <span class='ocrx_word' id='word_1_371' title='bbox 925 2967 1011 3033; x_wconf 85' lang='lat' dir='ltr'>ciam,</span> <span class='ocrx_word' id='word_1_372' title='bbox 1031 2962 1112 3025; x_wconf 88' lang='lat' dir='ltr'>unde</span> <span class='ocrx_word' id='word_1_373' title='bbox 1126 2968 1170 3023; x_wconf 90' lang='lat' dir='ltr'>tot</span> <span class='ocrx_word' id='word_1_374' title='bbox 1189 2964 1356 3026; x_wconf 88' lang='lat' dir='ltr'>clarissima</span> <span class='ocrx_word' id='word_1_375' title='bbox 1368 2963 1528 3027; x_wconf 86' lang='lat' dir='ltr'>Ecclesiae</span> <span class='ocrx_word' id='word_1_376' title='bbox 1547 2965 1734 3051; x_wconf 89' lang='lat' dir='ltr'>luminapro·</span> 
     </span>
     <span class='ocr_line' id='line_1_31' title="bbox 61 3056 1734 3143; baseline 0.002 -24"><span class='ocrx_word' id='word_1_377' title='bbox 61 3064 312 3138; x_wconf 61' lang='lat' dir='ltr'>mercamentum</span> <span class='ocrx_word' id='word_1_378' title='bbox 331 3058 371 3120; x_wconf 89' lang='lat' dir='ltr'>ad</span> <span class='ocrx_word' id='word_1_379' title='bbox 390 3060 867 3137; x_wconf 84' lang='lat' dir='ltr'>animaeutilitatem,etsalutem</span> <span class='ocrx_word' id='word_1_380' title='bbox 926 3058 1043 3119; x_wconf 90' lang='lat' dir='ltr'>dierunt</span> <span class='ocrx_word' id='word_1_381' title='bbox 1069 3057 1302 3120; x_wconf 83' lang='lat' dir='ltr'>accerbissimao</span> <span class='ocrx_word' id='word_1_382' title='bbox 1329 3056 1482 3119; x_wconf 82' lang='lat' dir='ltr'>servitutis</span> <span class='ocrx_word' id='word_1_383' title='bbox 1501 3058 1577 3141; x_wconf 86' lang='lat' dir='ltr'>jugo</span> <span class='ocrx_word' id='word_1_384' title='bbox 1610 3080 1734 3143; x_wconf 70' lang='lat' dir='ltr'>oppres</span> 
     </span>
     <span class='ocr_line' id='line_1_32' title="bbox 60 3148 1733 3234; baseline 0.002 -21"><span class='ocrx_word' id='word_1_385' title='bbox 60 3153 209 3234; x_wconf 87' lang='lat' dir='ltr'>pertineat</span> <span class='ocrx_word' id='word_1_386' title='bbox 227 3150 363 3215; x_wconf 84' lang='lat' dir='ltr'>Sanctae</span> <span class='ocrx_word' id='word_1_387' title='bbox 383 3151 541 3215; x_wconf 83' lang='lat' dir='ltr'>Romanae</span> <span class='ocrx_word' id='word_1_388' title='bbox 559 3152 719 3217; x_wconf 88' lang='lat' dir='ltr'>Ecclesiae</span> <span class='ocrx_word' id='word_1_389' title='bbox 738 3155 867 3215; x_wconf 86' lang='lat' dir='ltr'>omnium</span> <span class='ocrx_word' id='word_1_390' title='bbox 925 3152 1018 3225; x_wconf 82' lang='lat' dir='ltr'>sisse,</span> <span class='ocrx_word' id='word_1_391' title='bbox 1039 3170 1155 3229; x_wconf 81' lang='lat' dir='ltr'>nosque</span> <span class='ocrx_word' id='word_1_392' title='bbox 1175 3150 1283 3229; x_wconf 87' lang='lat' dir='ltr'>gloria,</span> <span class='ocrx_word' id='word_1_393' title='bbox 1311 3156 1342 3213; x_wconf 90' lang='lat' dir='ltr'>ct</span> <span class='ocrx_word' id='word_1_394' title='bbox 1360 3148 1530 3212; x_wconf 80' lang='lat' dir='ltr'>hereditate</span> <span class='ocrx_word' id='word_1_395' title='bbox 1555 3158 1660 3216; x_wconf 86' lang='lat' dir='ltr'>nostra</span> <span class='ocrx_word' id='word_1_396' title='bbox 1683 3174 1733 3216; x_wconf 84' lang='lat' dir='ltr'>ro·</span> 
     </span>
     <span class='ocr_line' id='line_1_33' title="bbox 60 3243 1733 3327; baseline 0.002 -21"><span class='ocrx_word' id='word_1_397' title='bbox 60 3244 264 3307; x_wconf 90' lang='lat' dir='ltr'>Ecclesiamm</span> <span class='ocrx_word' id='word_1_398' title='bbox 285 3247 408 3321; x_wconf 82' lang='lat' dir='ltr'>matris,</span> <span class='ocrx_word' id='word_1_399' title='bbox 437 3249 468 3305; x_wconf 91' lang='lat' dir='ltr'>et</span> <span class='ocrx_word' id='word_1_400' title='bbox 490 3266 669 3327; x_wconf 78' lang='lat' dir='ltr'>magnopere</span> <span class='ocrx_word' id='word_1_401' title='bbox 689 3248 866 3309; x_wconf 84' lang='lat' dir='ltr'>auctoritate</span> <span class='ocrx_word' id='word_1_402' title='bbox 926 3243 1059 3307; x_wconf 91' lang='lat' dir='ltr'>nerando</span> <span class='ocrx_word' id='word_1_403' title='bbox 1079 3243 1197 3305; x_wconf 89' lang='lat' dir='ltr'>scilicet</span> <span class='ocrx_word' id='word_1_404' title='bbox 1221 3245 1311 3307; x_wconf 79' lang='lat' dir='ltr'>vitam</span> <span class='ocrx_word' id='word_1_405' title='bbox 1336 3245 1486 3321; x_wconf 67' lang='lat' dir='ltr'>sumens,</span> <span class='ocrx_word' id='word_1_406' title='bbox 1515 3252 1547 3305; x_wconf 91' lang='lat' dir='ltr'>et</span> <span class='ocrx_word' id='word_1_407' title='bbox 1573 3246 1733 3309; x_wconf 84' lang='lat' dir='ltr'>salvatoris</span> 
     </span>
     <span class='ocr_line' id='line_1_34' title="bbox 59 3336 1731 3421; baseline 0 -20"><span class='ocrx_word' id='word_1_408' title='bbox 59 3359 234 3418; x_wconf 87' lang='lat' dir='ltr'>agnoscere,</span> <span class='ocrx_word' id='word_1_409' title='bbox 255 3342 285 3397; x_wconf 91' lang='lat' dir='ltr'>et</span> <span class='ocrx_word' id='word_1_410' title='bbox 305 3340 405 3419; x_wconf 89' lang='lat' dir='ltr'>palam</span> <span class='ocrx_word' id='word_1_411' title='bbox 424 3337 545 3401; x_wconf 88' lang='lat' dir='ltr'>aliomm</span> <span class='ocrx_word' id='word_1_412' title='bbox 560 3340 795 3402; x_wconf 80' lang='lat' dir='ltr'>Christianorum</span> <span class='ocrx_word' id='word_1_413' title='bbox 805 3340 866 3401; x_wconf 86' lang='lat' dir='ltr'>Re·</span> <span class='ocrx_word' id='word_1_414' title='bbox 923 3338 1017 3400; x_wconf 92' lang='lat' dir='ltr'>nostri</span> <span class='ocrx_word' id='word_1_415' title='bbox 1041 3337 1118 3399; x_wconf 83' lang='lat' dir='ltr'>Jesn</span> <span class='ocrx_word' id='word_1_416' title='bbox 1139 3336 1252 3399; x_wconf 82' lang='lat' dir='ltr'>Christi</span> <span class='ocrx_word' id='word_1_417' title='bbox 1283 3339 1422 3421; x_wconf 86' lang='lat' dir='ltr'>sepulcre</span> <span class='ocrx_word' id='word_1_418' title='bbox 1452 3336 1614 3420; x_wconf 82' lang='lat' dir='ltr'>spoliasse.</span> <span class='ocrx_word' id='word_1_419' title='bbox 1671 3340 1731 3401; x_wconf 82' lang='lat' dir='ltr'>llis</span> 
     </span>
     <span class='ocr_line' id='line_1_35' title="bbox 58 3428 1732 3513; baseline 0.004 -22"><span class='ocrx_word' id='word_1_420' title='bbox 58 3431 865 3512; x_wconf 68' lang='lat' dir='ltr'>gometPtinctpmumoreobcdientiamdebitamolfi-</span> <span class='ocrx_word' id='word_1_421' title='bbox 923 3434 1044 3513; x_wconf 85' lang='lat' dir='ltr'>inquam</span> <span class='ocrx_word' id='word_1_422' title='bbox 1070 3428 1167 3491; x_wconf 80' lang='lat' dir='ltr'>ntllruc</span> <span class='ocrx_word' id='word_1_423' title='bbox 1197 3436 1358 3494; x_wconf 85' lang='lat' dir='ltr'>contentus</span> <span class='ocrx_word' id='word_1_424' title='bbox 1385 3450 1442 3493; x_wconf 92' lang='lat' dir='ltr'>non</span> <span class='ocrx_word' id='word_1_425' title='bbox 1473 3436 1539 3504; x_wconf 89' lang='lat' dir='ltr'>est,</span> <span class='ocrx_word' id='word_1_426' title='bbox 1566 3430 1622 3493; x_wconf 88' lang='lat' dir='ltr'>scd</span> <span class='ocrx_word' id='word_1_427' title='bbox 1653 3452 1732 3497; x_wconf 85' lang='lat' dir='ltr'>nora</span> 
     </span>
     <span class='ocr_line' id='line_1_36' title="bbox 59 3520 1732 3609; baseline 0 -22"><span class='ocrx_word' id='word_1_428' title='bbox 59 3526 107 3587; x_wconf 90' lang='lat' dir='ltr'>cio</span> <span class='ocrx_word' id='word_1_429' title='bbox 119 3525 259 3606; x_wconf 85' lang='lat' dir='ltr'>protiteri,</span> <span class='ocrx_word' id='word_1_430' title='bbox 279 3544 368 3604; x_wconf 83' lang='lat' dir='ltr'>quam</span> <span class='ocrx_word' id='word_1_431' title='bbox 387 3525 507 3608; x_wconf 85' lang='lat' dir='ltr'>quidem</span> <span class='ocrx_word' id='word_1_432' title='bbox 527 3527 730 3587; x_wconf 90' lang='lat' dir='ltr'>auctoritatem</span> <span class='ocrx_word' id='word_1_433' title='bbox 742 3533 773 3588; x_wconf 92' lang='lat' dir='ltr'>ot</span> <span class='ocrx_word' id='word_1_434' title='bbox 783 3534 866 3609; x_wconf 82' lang='lat' dir='ltr'>pote</span> <span class='ocrx_word' id='word_1_435' title='bbox 923 3522 1055 3607; x_wconf 70' lang='lat' dir='ltr'>qnoddio</span> <span class='ocrx_word' id='word_1_436' title='bbox 1075 3520 1255 3586; x_wconf 78' lang='lat' dir='ltr'>Christianis</span> <span class='ocrx_word' id='word_1_437' title='bbox 1272 3526 1381 3589; x_wconf 71' lang='lat' dir='ltr'>minna</span> <span class='ocrx_word' id='word_1_438' title='bbox 1406 3526 1516 3587; x_wconf 81' lang='lat' dir='ltr'>intorte</span> <span class='ocrx_word' id='word_1_439' title='bbox 1535 3524 1661 3601; x_wconf 90' lang='lat' dir='ltr'>nolitnr,</span> <span class='ocrx_word' id='word_1_440' title='bbox 1682 3546 1732 3587; x_wconf 91' lang='lat' dir='ltr'>nc·</span> 
     </span>
     <span class='ocr_line' id='line_1_37' title="bbox 58 3616 1731 3701; baseline 0 -22"><span class='ocrx_word' id='word_1_441' title='bbox 58 3624 168 3679; x_wconf 83' lang='lat' dir='ltr'>statem</span> <span class='ocrx_word' id='word_1_442' title='bbox 187 3618 393 3694; x_wconf 87' lang='lat' dir='ltr'>celeberrima,</span> <span class='ocrx_word' id='word_1_443' title='bbox 409 3624 441 3679; x_wconf 85' lang='lat' dir='ltr'>et</span> <span class='ocrx_word' id='word_1_444' title='bbox 466 3620 659 3680; x_wconf 86' lang='lat' dir='ltr'>oecumenica</span> <span class='ocrx_word' id='word_1_445' title='bbox 671 3619 722 3681; x_wconf 90' lang='lat' dir='ltr'>illa</span> <span class='ocrx_word' id='word_1_446' title='bbox 739 3626 866 3701; x_wconf 85' lang='lat' dir='ltr'>quatuor</span> <span class='ocrx_word' id='word_1_447' title='bbox 923 3637 982 3699; x_wconf 87' lang='lat' dir='ltr'>que</span> <span class='ocrx_word' id='word_1_448' title='bbox 1003 3618 1109 3689; x_wconf 89' lang='lat' dir='ltr'>unius,</span> <span class='ocrx_word' id='word_1_449' title='bbox 1134 3626 1187 3678; x_wconf 90' lang='lat' dir='ltr'>aut</span> <span class='ocrx_word' id='word_1_450' title='bbox 1207 3616 1330 3680; x_wconf 88' lang='lat' dir='ltr'>alterius</span> <span class='ocrx_word' id='word_1_451' title='bbox 1355 3618 1505 3700; x_wconf 84' lang='lat' dir='ltr'>Principis</span> <span class='ocrx_word' id='word_1_452' title='bbox 1525 3616 1583 3678; x_wconf 89' lang='lat' dir='ltr'>scd</span> <span class='ocrx_word' id='word_1_453' title='bbox 1601 3636 1731 3679; x_wconf 90' lang='lat' dir='ltr'>commu-</span> 
     </span>
     <span class='ocr_line' id='line_1_38' title="bbox 60 3707 1731 3793; baseline 0 -22"><span class='ocrx_word' id='word_1_454' title='bbox 60 3711 210 3786; x_wconf 70' lang='lat' dir='ltr'>t&#39;loncilia,</span> <span class='ocrx_word' id='word_1_455' title='bbox 229 3730 309 3790; x_wconf 88' lang='lat' dir='ltr'>quae</span> <span class='ocrx_word' id='word_1_456' title='bbox 328 3720 470 3791; x_wconf 82' lang='lat' dir='ltr'>tanquam</span> <span class='ocrx_word' id='word_1_457' title='bbox 490 3716 614 3791; x_wconf 77' lang='lat' dir='ltr'>quattuor</span> <span class='ocrx_word' id='word_1_458' title='bbox 633 3710 798 3791; x_wconf 86' lang='lat' dir='ltr'>Evangelia</span> <span class='ocrx_word' id='word_1_459' title='bbox 815 3732 865 3773; x_wconf 83' lang='lat' dir='ltr'>ve·</span> <span class='ocrx_word' id='word_1_460' title='bbox 922 3710 971 3770; x_wconf 90' lang='lat' dir='ltr'>nis</span> <span class='ocrx_word' id='word_1_461' title='bbox 991 3710 1118 3769; x_wconf 89' lang='lat' dir='ltr'>omnium</span> <span class='ocrx_word' id='word_1_462' title='bbox 1141 3707 1240 3769; x_wconf 87' lang='lat' dir='ltr'>hostis</span> <span class='ocrx_word' id='word_1_463' title='bbox 1260 3712 1314 3782; x_wconf 89' lang='lat' dir='ltr'>sit,</span> <span class='ocrx_word' id='word_1_464' title='bbox 1342 3716 1375 3771; x_wconf 93' lang='lat' dir='ltr'>ut</span> <span class='ocrx_word' id='word_1_465' title='bbox 1390 3712 1454 3793; x_wconf 87' lang='lat' dir='ltr'>jam</span> <span class='ocrx_word' id='word_1_466' title='bbox 1474 3710 1555 3770; x_wconf 90' lang='lat' dir='ltr'>illins</span> <span class='ocrx_word' id='word_1_467' title='bbox 1578 3710 1731 3772; x_wconf 84' lang='lat' dir='ltr'>insatiabi-</span> 
     </span>
     <span class='ocr_line' id='line_1_39' title="bbox 59 3800 1729 3884; baseline -0.001 -21"><span class='ocrx_word' id='word_1_468' title='bbox 59 3803 274 3867; x_wconf 87' lang='lat' dir='ltr'>aerandisunt.</span> <span class='ocrx_word' id='word_1_469' title='bbox 313 3801 481 3865; x_wconf 87' lang='lat' dir='ltr'>Nicoenum</span> <span class='ocrx_word' id='word_1_470' title='bbox 495 3804 864 3884; x_wconf 72' lang='lat' dir='ltr'>constantinopolitanum,</span> <span class='ocrx_word' id='word_1_471' title='bbox 921 3802 960 3864; x_wconf 89' lang='lat' dir='ltr'>lis</span> <span class='ocrx_word' id='word_1_472' title='bbox 980 3800 1149 3862; x_wconf 89' lang='lat' dir='ltr'>dominandi</span> <span class='ocrx_word' id='word_1_473' title='bbox 1171 3802 1320 3883; x_wconf 88' lang='lat' dir='ltr'>cupiditas</span> <span class='ocrx_word' id='word_1_474' title='bbox 1343 3802 1576 3864; x_wconf 87' lang='lat' dir='ltr'>nullisterminia</span> <span class='ocrx_word' id='word_1_475' title='bbox 1597 3808 1650 3862; x_wconf 90' lang='lat' dir='ltr'>aut</span> <span class='ocrx_word' id='word_1_476' title='bbox 1667 3803 1729 3863; x_wconf 87' lang='lat' dir='ltr'>tini·</span> 
     </span>
     <span class='ocr_line' id='line_1_40' title="bbox 57 3892 1729 3977; baseline -0.001 -20"><span class='ocrx_word' id='word_1_477' title='bbox 57 3896 262 3977; x_wconf 85' lang='lat' dir='ltr'>Ephesioum,</span> <span class='ocrx_word' id='word_1_478' title='bbox 281 3901 313 3956; x_wconf 89' lang='lat' dir='ltr'>ct</span> <span class='ocrx_word' id='word_1_479' title='bbox 334 3894 578 3973; x_wconf 73' lang='lat' dir='ltr'>calcedonense,</span> <span class='ocrx_word' id='word_1_480' title='bbox 597 3906 631 3959; x_wconf 89' lang='lat' dir='ltr'>ut</span> <span class='ocrx_word' id='word_1_481' title='bbox 649 3898 708 3960; x_wconf 90' lang='lat' dir='ltr'>alia</span> <span class='ocrx_word' id='word_1_482' title='bbox 726 3918 803 3977; x_wconf 89' lang='lat' dir='ltr'>pene</span> <span class='ocrx_word' id='word_1_483' title='bbox 823 3899 864 3958; x_wconf 90' lang='lat' dir='ltr'>in·</span> <span class='ocrx_word' id='word_1_484' title='bbox 922 3897 981 3957; x_wconf 86' lang='lat' dir='ltr'>trus</span> <span class='ocrx_word' id='word_1_485' title='bbox 1000 3895 1145 3955; x_wconf 87' lang='lat' dir='ltr'>contineri</span> <span class='ocrx_word' id='word_1_486' title='bbox 1170 3915 1263 3971; x_wconf 88' lang='lat' dir='ltr'>posse</span> <span class='ocrx_word' id='word_1_487' title='bbox 1286 3896 1429 3956; x_wconf 79' lang='lat' dir='ltr'>uideatur.</span> <span class='ocrx_word' id='word_1_488' title='bbox 1471 3892 1622 3965; x_wconf 82' lang='lat' dir='ltr'>Quacirca</span> <span class='ocrx_word' id='word_1_489' title='bbox 1647 3900 1729 3955; x_wconf 88' lang='lat' dir='ltr'>recto</span> 
     </span>
     <span class='ocr_line' id='line_1_41' title="bbox 59 3986 1729 4070; baseline 0 -21"><span class='ocrx_word' id='word_1_490' title='bbox 59 3988 244 4050; x_wconf 81' lang='lat' dir='ltr'>nuboraliilia</span> <span class='ocrx_word' id='word_1_491' title='bbox 263 3986 442 4051; x_wconf 84' lang='lat' dir='ltr'>Sanctomm</span> <span class='ocrx_word' id='word_1_492' title='bbox 462 3988 585 4051; x_wconf 86' lang='lat' dir='ltr'>Patrnm</span> <span class='ocrx_word' id='word_1_493' title='bbox 612 3996 644 4051; x_wconf 90' lang='lat' dir='ltr'>et</span> <span class='ocrx_word' id='word_1_494' title='bbox 664 3989 864 4053; x_wconf 79' lang='lat' dir='ltr'>conciliorum</span> <span class='ocrx_word' id='word_1_495' title='bbox 922 3993 953 4049; x_wconf 90' lang='lat' dir='ltr'>et</span> <span class='ocrx_word' id='word_1_496' title='bbox 972 3986 1136 4069; x_wconf 89' lang='lat' dir='ltr'>prudenter</span> <span class='ocrx_word' id='word_1_497' title='bbox 1156 3988 1291 4066; x_wconf 86' lang='lat' dir='ltr'>inprimis</span> <span class='ocrx_word' id='word_1_498' title='bbox 1311 3990 1379 4070; x_wconf 84' lang='lat' dir='ltr'>ejus</span> <span class='ocrx_word' id='word_1_499' title='bbox 1399 3986 1599 4047; x_wconf 83' lang='lat' dir='ltr'>Serenitatem</span> <span class='ocrx_word' id='word_1_500' title='bbox 1627 4004 1729 4067; x_wconf 88' lang='lat' dir='ltr'>agero,</span> 
     </span>
     <span class='ocr_line' id='line_1_42' title="bbox 57 4079 1727 4163; baseline 0.001 -22"><span class='ocrx_word' id='word_1_501' title='bbox 57 4082 229 4141; x_wconf 86' lang='lat' dir='ltr'>testimonla</span> <span class='ocrx_word' id='word_1_502' title='bbox 247 4083 436 4161; x_wconf 80' lang='lat' dir='ltr'>omittamus,</span> <span class='ocrx_word' id='word_1_503' title='bbox 462 4102 522 4144; x_wconf 89' lang='lat' dir='ltr'>non</span> <span class='ocrx_word' id='word_1_504' title='bbox 548 4083 645 4145; x_wconf 89' lang='lat' dir='ltr'>solnm</span> <span class='ocrx_word' id='word_1_505' title='bbox 671 4088 864 4163; x_wconf 83' lang='lat' dir='ltr'>agnoverunt,</span> <span class='ocrx_word' id='word_1_506' title='bbox 922 4079 1002 4161; x_wconf 79' lang='lat' dir='ltr'>qnod</span> <span class='ocrx_word' id='word_1_507' title='bbox 1026 4083 1126 4139; x_wconf 87' lang='lat' dir='ltr'>antam</span> <span class='ocrx_word' id='word_1_508' title='bbox 1153 4080 1271 4141; x_wconf 83' lang='lat' dir='ltr'>immani</span> <span class='ocrx_word' id='word_1_509' title='bbox 1297 4081 1439 4143; x_wconf 78' lang='lat' dir='ltr'>vastitate</span> <span class='ocrx_word' id='word_1_510' title='bbox 1465 4079 1632 4142; x_wconf 86' lang='lat' dir='ltr'>coercenda</span> <span class='ocrx_word' id='word_1_511' title='bbox 1656 4080 1727 4143; x_wconf 85' lang='lat' dir='ltr'>Deo</span> 
     </span>
     <span class='ocr_line' id='line_1_43' title="bbox 58 4172 1730 4257; baseline 0.002 -23"><span class='ocrx_word' id='word_1_512' title='bbox 58 4172 116 4234; x_wconf 89' lang='lat' dir='ltr'>sed</span> <span class='ocrx_word' id='word_1_513' title='bbox 136 4173 266 4233; x_wconf 89' lang='lat' dir='ltr'>decretis</span> <span class='ocrx_word' id='word_1_514' title='bbox 284 4176 476 4255; x_wconf 77' lang='lat' dir='ltr'>amplissimis</span> <span class='ocrx_word' id='word_1_515' title='bbox 488 4176 863 4255; x_wconf 67' lang='lat' dir='ltr'>promulgamntomnium·</span> <span class='ocrx_word' id='word_1_516' title='bbox 922 4174 1058 4257; x_wconf 86' lang='lat' dir='ltr'>adjutore</span> <span class='ocrx_word' id='word_1_517' title='bbox 1078 4175 1198 4252; x_wconf 84' lang='lat' dir='ltr'>cogitet,</span> <span class='ocrx_word' id='word_1_518' title='bbox 1220 4176 1323 4235; x_wconf 89' lang='lat' dir='ltr'>merito</span> <span class='ocrx_word' id='word_1_519' title='bbox 1344 4174 1425 4234; x_wconf 91' lang='lat' dir='ltr'>enim</span> <span class='ocrx_word' id='word_1_520' title='bbox 1447 4172 1660 4236; x_wconf 85' lang='lat' dir='ltr'>tanta&#39;l&#39;nrcae</span> <span class='ocrx_word' id='word_1_521' title='bbox 1681 4194 1730 4253; x_wconf 85' lang='lat' dir='ltr'>po·</span> 
     </span>
     <span class='ocr_line' id='line_1_44' title="bbox 57 4266 1729 4349; baseline 0.003 -22"><span class='ocrx_word' id='word_1_522' title='bbox 57 4288 118 4347; x_wconf 82' lang='lat' dir='ltr'>quc</span> <span class='ocrx_word' id='word_1_523' title='bbox 144 4266 263 4327; x_wconf 90' lang='lat' dir='ltr'>laudum</span> <span class='ocrx_word' id='word_1_524' title='bbox 289 4267 397 4345; x_wconf 79' lang='lat' dir='ltr'>elogiis</span> <span class='ocrx_word' id='word_1_525' title='bbox 428 4276 459 4331; x_wconf 90' lang='lat' dir='ltr'>et</span> <span class='ocrx_word' id='word_1_526' title='bbox 488 4270 654 4349; x_wconf 89' lang='lat' dir='ltr'>praeceniis</span> <span class='ocrx_word' id='word_1_527' title='bbox 687 4268 863 4329; x_wconf 80' lang='lat' dir='ltr'>entulemnt.</span> <span class='ocrx_word' id='word_1_528' title='bbox 921 4270 1015 4329; x_wconf 89' lang='lat' dir='ltr'>tentia</span> <span class='ocrx_word' id='word_1_529' title='bbox 1034 4290 1101 4330; x_wconf 89' lang='lat' dir='ltr'>eum</span> <span class='ocrx_word' id='word_1_530' title='bbox 1123 4274 1288 4329; x_wconf 83' lang='lat' dir='ltr'>nostrorum</span> <span class='ocrx_word' id='word_1_531' title='bbox 1307 4267 1460 4329; x_wconf 81' lang='lat' dir='ltr'>lieruinum</span> <span class='ocrx_word' id='word_1_532' title='bbox 1486 4266 1556 4328; x_wconf 92' lang='lat' dir='ltr'>odio</span> <span class='ocrx_word' id='word_1_533' title='bbox 1585 4272 1617 4329; x_wconf 89' lang='lat' dir='ltr'>et</span> <span class='ocrx_word' id='word_1_534' title='bbox 1646 4268 1729 4331; x_wconf 80' lang='lat' dir='ltr'>inex·</span> 
     </span>
     <span class='ocr_line' id='line_1_45' title="bbox 61 4358 1729 4445; baseline 0 -24"><span class='ocrx_word' id='word_1_535' title='bbox 61 4363 93 4421; x_wconf 92' lang='lat' dir='ltr'>ln</span> <span class='ocrx_word' id='word_1_536' title='bbox 116 4380 177 4440; x_wconf 85' lang='lat' dir='ltr'>qua</span> <span class='ocrx_word' id='word_1_537' title='bbox 196 4358 315 4439; x_wconf 82' lang='lat' dir='ltr'>quidem</span> <span class='ocrx_word' id='word_1_538' title='bbox 335 4360 452 4423; x_wconf 84' lang='lat' dir='ltr'>Sancta</span> <span class='ocrx_word' id='word_1_539' title='bbox 472 4368 506 4422; x_wconf 91' lang='lat' dir='ltr'>ot</span> <span class='ocrx_word' id='word_1_540' title='bbox 529 4362 708 4444; x_wconf 80' lang='lat' dir='ltr'>Apostolica</span> <span class='ocrx_word' id='word_1_541' title='bbox 727 4360 866 4423; x_wconf 80' lang='lat' dir='ltr'>Rmnana</span> <span class='ocrx_word' id='word_1_542' title='bbox 922 4361 1023 4442; x_wconf 84' lang='lat' dir='ltr'>plebili</span> <span class='ocrx_word' id='word_1_543' title='bbox 1042 4363 1167 4445; x_wconf 85' lang='lat' dir='ltr'>quadam</span> <span class='ocrx_word' id='word_1_544' title='bbox 1188 4362 1331 4443; x_wconf 85' lang='lat' dir='ltr'>regnandi</span> <span class='ocrx_word' id='word_1_545' title='bbox 1351 4362 1402 4422; x_wconf 88' lang='lat' dir='ltr'>siti</span> <span class='ocrx_word' id='word_1_546' title='bbox 1421 4362 1729 4442; x_wconf 82' lang='lat' dir='ltr'>conjunctaomnilrna</span> 
     </span>
     <span class='ocr_line' id='line_1_46' title="bbox 58 4453 1552 4534; baseline 0.001 -19"><span class='ocrx_word' id='word_1_547' title='bbox 58 4453 200 4515; x_wconf 86' lang='lat' dir='ltr'>Ecclesia</span> <span class='ocrx_word' id='word_1_548' title='bbox 220 4472 298 4532; x_wconf 84' lang='lat' dir='ltr'>quae</span> <span class='ocrx_word' id='word_1_549' title='bbox 326 4453 408 4515; x_wconf 86' lang='lat' dir='ltr'>illius</span> <span class='ocrx_word' id='word_1_550' title='bbox 427 4460 530 4534; x_wconf 86' lang='lat' dir='ltr'>petrae</span> <span class='ocrx_word' id='word_1_551' title='bbox 547 4456 683 4517; x_wconf 76' lang='lat' dir='ltr'>trinitate</span> <span class='ocrx_word' id='word_1_552' title='bbox 703 4454 771 4517; x_wconf 87' lang='lat' dir='ltr'>Deo</span> <span class='ocrx_word' id='word_1_553' title='bbox 796 4474 864 4516; x_wconf 91' lang='lat' dir='ltr'>con·</span> <span class='ocrx_word' id='word_1_554' title='bbox 921 4454 1072 4518; x_wconf 80' lang='lat' dir='ltr'>horribilis</span> <span class='ocrx_word' id='word_1_555' title='bbox 1091 4462 1122 4518; x_wconf 90' lang='lat' dir='ltr'>et</span> <span class='ocrx_word' id='word_1_556' title='bbox 1142 4456 1334 4518; x_wconf 89' lang='lat' dir='ltr'>lormidolesa</span> <span class='ocrx_word' id='word_1_557' title='bbox 1355 4474 1428 4516; x_wconf 89' lang='lat' dir='ltr'>esse</span> <span class='ocrx_word' id='word_1_558' title='bbox 1449 4454 1552 4517; x_wconf 84' lang='lat' dir='ltr'>debet.</span> 
     </span>
    </p>

    <p class='ocr_par' dir='ltr' id='par_1_4' title="bbox 58 4544 1729 4815">
     <span class='ocr_line' id='line_1_47' title="bbox 59 4544 1729 4631; baseline -0.002 -23"><span class='ocrx_word' id='word_1_559' title='bbox 59 4546 186 4608; x_wconf 81' lang='lat' dir='ltr'>cedente</span> <span class='ocrx_word' id='word_1_560' title='bbox 206 4548 316 4621; x_wconf 91' lang='lat' dir='ltr'>nititur,</span> <span class='ocrx_word' id='word_1_561' title='bbox 337 4549 385 4607; x_wconf 92' lang='lat' dir='ltr'>cui</span> <span class='ocrx_word' id='word_1_562' title='bbox 405 4547 517 4608; x_wconf 87' lang='lat' dir='ltr'>dictum</span> <span class='ocrx_word' id='word_1_563' title='bbox 536 4554 585 4609; x_wconf 87' lang='lat' dir='ltr'>est</span> <span class='ocrx_word' id='word_1_564' title='bbox 603 4568 660 4627; x_wconf 84' lang='lat' dir='ltr'>ego</span> <span class='ocrx_word' id='word_1_565' title='bbox 684 4549 784 4626; x_wconf 80' lang='lat' dir='ltr'>rogavi</span> <span class='ocrx_word' id='word_1_566' title='bbox 810 4568 863 4627; x_wconf 87' lang='lat' dir='ltr'>pro</span> <span class='ocrx_word' id='word_1_567' title='bbox 998 4548 1176 4631; x_wconf 79' lang='lat' dir='ltr'>Opportune</span> <span class='ocrx_word' id='word_1_568' title='bbox 1196 4562 1296 4613; x_wconf 88' lang='lat' dir='ltr'>autem</span> <span class='ocrx_word' id='word_1_569' title='bbox 1317 4548 1375 4609; x_wconf 85' lang='lat' dir='ltr'>ltoc</span> <span class='ocrx_word' id='word_1_570' title='bbox 1400 4548 1466 4609; x_wconf 90' lang='lat' dir='ltr'>leco</span> <span class='ocrx_word' id='word_1_571' title='bbox 1493 4550 1560 4630; x_wconf 88' lang='lat' dir='ltr'>ejus</span> <span class='ocrx_word' id='word_1_572' title='bbox 1580 4544 1729 4607; x_wconf 83' lang='lat' dir='ltr'>Serenita-</span> 
     </span>
     <span class='ocr_line' id='line_1_48' title="bbox 59 4636 1728 4727; baseline -0.002 -26"><span class='ocrx_word' id='word_1_573' title='bbox 59 4648 90 4701; x_wconf 87' lang='lat' dir='ltr'>te</span> <span class='ocrx_word' id='word_1_574' title='bbox 110 4640 212 4715; x_wconf 82' lang='lat' dir='ltr'>Petne,</span> <span class='ocrx_word' id='word_1_575' title='bbox 232 4661 272 4700; x_wconf 93' lang='lat' dir='ltr'>ne</span> <span class='ocrx_word' id='word_1_576' title='bbox 291 4639 412 4701; x_wconf 86' lang='lat' dir='ltr'>deliniat</span> <span class='ocrx_word' id='word_1_577' title='bbox 430 4638 508 4701; x_wconf 91' lang='lat' dir='ltr'>tides</span> <span class='ocrx_word' id='word_1_578' title='bbox 528 4650 590 4717; x_wconf 87' lang='lat' dir='ltr'>tua,</span> <span class='ocrx_word' id='word_1_579' title='bbox 610 4647 641 4701; x_wconf 89' lang='lat' dir='ltr'>et</span> <span class='ocrx_word' id='word_1_580' title='bbox 658 4640 863 4722; x_wconf 87' lang='lat' dir='ltr'>tualiquando</span> <span class='ocrx_word' id='word_1_581' title='bbox 921 4650 982 4705; x_wconf 88' lang='lat' dir='ltr'>tom</span> <span class='ocrx_word' id='word_1_582' title='bbox 1001 4643 1161 4707; x_wconf 87' lang='lat' dir='ltr'>admonere</span> <span class='ocrx_word' id='word_1_583' title='bbox 1179 4646 1302 4727; x_wconf 78' lang='lat' dir='ltr'>proteris,</span> <span class='ocrx_word' id='word_1_584' title='bbox 1322 4662 1382 4702; x_wconf 90' lang='lat' dir='ltr'>non</span> <span class='ocrx_word' id='word_1_585' title='bbox 1402 4640 1491 4701; x_wconf 90' lang='lat' dir='ltr'>modo</span> <span class='ocrx_word' id='word_1_586' title='bbox 1511 4636 1598 4699; x_wconf 78' lang='lat' dir='ltr'>valde</span> <span class='ocrx_word' id='word_1_587' title='bbox 1618 4640 1728 4698; x_wconf 79' lang='lat' dir='ltr'>incent-</span> 
     </span>
     <span class='ocr_line' id='line_1_49' title="bbox 58 4732 1729 4815; baseline 0.005 -22"><span class='ocrx_word' id='word_1_588' title='bbox 58 4752 224 4794; x_wconf 85' lang='lat' dir='ltr'>conversus</span> <span class='ocrx_word' id='word_1_589' title='bbox 245 4734 385 4795; x_wconf 86' lang='lat' dir='ltr'>coniirma</span> <span class='ocrx_word' id='word_1_590' title='bbox 404 4732 512 4794; x_wconf 84' lang='lat' dir='ltr'>tratres</span> <span class='ocrx_word' id='word_1_591' title='bbox 531 4741 616 4808; x_wconf 87' lang='lat' dir='ltr'>tuos;</span> <span class='ocrx_word' id='word_1_592' title='bbox 655 4733 733 4795; x_wconf 78' lang='lat' dir='ltr'>tides</span> <span class='ocrx_word' id='word_1_593' title='bbox 754 4734 863 4797; x_wconf 77' lang='lat' dir='ltr'>Catho-</span> <span class='ocrx_word' id='word_1_594' title='bbox 921 4736 1042 4798; x_wconf 92' lang='lat' dir='ltr'>medum</span> <span class='ocrx_word' id='word_1_595' title='bbox 1068 4739 1124 4800; x_wconf 86' lang='lat' dir='ltr'>sed</span> <span class='ocrx_word' id='word_1_596' title='bbox 1150 4736 1312 4799; x_wconf 87' lang='lat' dir='ltr'>absurdum</span> <span class='ocrx_word' id='word_1_597' title='bbox 1333 4754 1451 4815; x_wconf 78' lang='lat' dir='ltr'>quorprc</span> <span class='ocrx_word' id='word_1_598' title='bbox 1471 4750 1553 4800; x_wconf 70' lang='lat' dir='ltr'>csse,</span> <span class='ocrx_word' id='word_1_599' title='bbox 1573 4748 1640 4790; x_wconf 68' lang='grc' dir='ltr'><strong>Μ</strong></span> <span class='ocrx_word' id='word_1_600' title='bbox 1661 4732 1729 4812; x_wconf 66' lang='lat' dir='ltr'>itm</span> 
     </span>
    </p>
   </div>
   <div class='ocr_carea' id='block_1_3' title="bbox 57 4820 1730 5283">
    <p class='ocr_par' dir='ltr' id='par_1_5' title="bbox 57 4820 1730 5283">
     <span class='ocr_line' id='line_1_50' title="bbox 59 4820 1726 4912; baseline -0.001 -25"><span class='ocrx_word' id='word_1_601' title='bbox 59 4828 117 4887; x_wconf 84' lang='lat' dir='ltr'>lica</span> <span class='ocrx_word' id='word_1_602' title='bbox 134 4827 175 4887; x_wconf 79' lang='lat' dir='ltr'>alr</span> <span class='ocrx_word' id='word_1_603' title='bbox 201 4828 280 4908; x_wconf 85' lang='lat' dir='ltr'>ipsis</span> <span class='ocrx_word' id='word_1_604' title='bbox 310 4825 504 4889; x_wconf 80' lang='lat' dir='ltr'>Beatissimis</span> <span class='ocrx_word' id='word_1_605' title='bbox 528 4824 688 4907; x_wconf 76' lang='lat' dir='ltr'>Apostolis</span> <span class='ocrx_word' id='word_1_606' title='bbox 717 4826 809 4889; x_wconf 78' lang='lat' dir='ltr'>Petro</span> <span class='ocrx_word' id='word_1_607' title='bbox 834 4833 866 4889; x_wconf 82' lang='lat' dir='ltr'>el</span> <span class='ocrx_word' id='word_1_608' title='bbox 920 4840 1095 4912; x_wconf 85' lang='lat' dir='ltr'>perpetuum</span> <span class='ocrx_word' id='word_1_609' title='bbox 1121 4832 1182 4893; x_wconf 74' lang='lat' dir='ltr'>silei</span> <span class='ocrx_word' id='word_1_610' title='bbox 1208 4852 1274 4891; x_wconf 75' lang='lat' dir='ltr'>cum</span> <span class='ocrx_word' id='word_1_611' title='bbox 1298 4828 1409 4889; x_wconf 76' lang='lat' dir='ltr'>&#39;tumis</span> <span class='ocrx_word' id='word_1_612' title='bbox 1429 4820 1537 4885; x_wconf 84' lang='lat' dir='ltr'>lrcllnrn</span> <span class='ocrx_word' id='word_1_613' title='bbox 1565 4823 1726 4903; x_wconf 86' lang='lat' dir='ltr'>gerendum</span> 
     </span>
     <span class='ocr_line' id='line_1_51' title="bbox 60 4916 1728 5001; baseline -0.002 -18"><span class='ocrx_word' id='word_1_614' title='bbox 60 4918 155 4983; x_wconf 79' lang='lat' dir='ltr'>Paulo</span> <span class='ocrx_word' id='word_1_615' title='bbox 183 4940 332 5001; x_wconf 72' lang='lat' dir='ltr'>nuquam</span> <span class='ocrx_word' id='word_1_616' title='bbox 358 4921 522 4997; x_wconf 86' lang='lat' dir='ltr'>interrupta</span> <span class='ocrx_word' id='word_1_617' title='bbox 547 4920 627 4980; x_wconf 87' lang='lat' dir='ltr'>serls</span> <span class='ocrx_word' id='word_1_618' title='bbox 654 4938 864 4980; x_wconf 72' lang='lat' dir='ltr'>successam·</span> <span class='ocrx_word' id='word_1_619' title='bbox 923 4924 1126 4995; x_wconf 86' lang='lat' dir='ltr'>constituerit,</span> <span class='ocrx_word' id='word_1_620' title='bbox 1162 4922 1354 4984; x_wconf 82' lang='lat' dir='ltr'>nihilominus</span> <span class='ocrx_word' id='word_1_621' title='bbox 1390 4920 1421 4979; x_wconf 95' lang='lat' dir='ltr'>in</span> <span class='ocrx_word' id='word_1_622' title='bbox 1451 4916 1605 4995; x_wconf 84' lang='lat' dir='ltr'>religionis</span> <span class='ocrx_word' id='word_1_623' title='bbox 1633 4936 1728 4980; x_wconf 81' lang='lat' dir='ltr'>cama</span> 
     </span>
     <span class='ocr_line' id='line_1_52' title="bbox 57 5011 1727 5097; baseline -0.002 -22"><span class='ocrx_word' id='word_1_624' title='bbox 57 5032 179 5090; x_wconf 72' lang='lat' dir='ltr'>sempor</span> <span class='ocrx_word' id='word_1_625' title='bbox 208 5014 337 5092; x_wconf 83' lang='lat' dir='ltr'>integra,</span> <span class='ocrx_word' id='word_1_626' title='bbox 367 5020 458 5095; x_wconf 85' lang='lat' dir='ltr'>atque</span> <span class='ocrx_word' id='word_1_627' title='bbox 488 5014 658 5095; x_wconf 89' lang='lat' dir='ltr'>incorrupta</span> <span class='ocrx_word' id='word_1_628' title='bbox 687 5022 866 5073; x_wconf 80' lang='lat' dir='ltr'>conseruata</span> <span class='ocrx_word' id='word_1_629' title='bbox 923 5015 1184 5097; x_wconf 76' lang='lat' dir='ltr'>Metropolitanum</span> <span class='ocrx_word' id='word_1_630' title='bbox 1214 5017 1296 5077; x_wconf 77' lang='lat' dir='ltr'>illum</span> <span class='ocrx_word' id='word_1_631' title='bbox 1322 5011 1480 5074; x_wconf 79' lang='lat' dir='ltr'>admittere</span> <span class='ocrx_word' id='word_1_632' title='bbox 1513 5011 1563 5089; x_wconf 78' lang='lat' dir='ltr'>qui</span> <span class='ocrx_word' id='word_1_633' title='bbox 1588 5015 1671 5072; x_wconf 90' lang='lat' dir='ltr'>totus</span> <span class='ocrx_word' id='word_1_634' title='bbox 1696 5014 1727 5072; x_wconf 88' lang='lat' dir='ltr'>in</span> 
     </span>
     <span class='ocr_line' id='line_1_53' title="bbox 58 5104 1730 5191; baseline -0.004 -22"><span class='ocrx_word' id='word_1_635' title='bbox 58 5116 118 5181; x_wconf 85' lang='lat' dir='ltr'>est,</span> <span class='ocrx_word' id='word_1_636' title='bbox 137 5105 180 5165; x_wconf 88' lang='lat' dir='ltr'>ita</span> <span class='ocrx_word' id='word_1_637' title='bbox 198 5112 234 5167; x_wconf 90' lang='lat' dir='ltr'>nt</span> <span class='ocrx_word' id='word_1_638' title='bbox 251 5108 291 5169; x_wconf 90' lang='lat' dir='ltr'>ad</span> <span class='ocrx_word' id='word_1_639' title='bbox 310 5110 406 5189; x_wconf 85' lang='lat' dir='ltr'>ipsam</span> <span class='ocrx_word' id='word_1_640' title='bbox 427 5114 566 5189; x_wconf 77' lang='lat' dir='ltr'>tanquan</span> <span class='ocrx_word' id='word_1_641' title='bbox 579 5104 864 5187; x_wconf 76' lang='lat' dir='ltr'>adlispldisstmnn</span> <span class='ocrx_word' id='word_1_642' title='bbox 924 5108 1043 5171; x_wconf 79' lang='lat' dir='ltr'>ancae</span> <span class='ocrx_word' id='word_1_643' title='bbox 1061 5112 1212 5191; x_wconf 86' lang='lat' dir='ltr'>potestate</span> <span class='ocrx_word' id='word_1_644' title='bbox 1238 5109 1279 5169; x_wconf 86' lang='lat' dir='ltr'>sit</span> <span class='ocrx_word' id='word_1_645' title='bbox 1297 5104 1487 5189; x_wconf 81' lang='lat' dir='ltr'>quamobrem</span> <span class='ocrx_word' id='word_1_646' title='bbox 1508 5112 1539 5164; x_wconf 88' lang='lat' dir='ltr'>et</span> <span class='ocrx_word' id='word_1_647' title='bbox 1558 5104 1730 5167; x_wconf 69' lang='lat' dir='ltr'>decentius.-</span> 
     </span>
     <span class='ocr_line' id='line_1_54' title="bbox 59 5196 1725 5283; baseline -0.003 -25"><span class='ocrx_word' id='word_1_648' title='bbox 59 5197 236 5261; x_wconf 71' lang='lat' dir='ltr'>t&#39;athalieao</span> <span class='ocrx_word' id='word_1_649' title='bbox 261 5200 413 5264; x_wconf 86' lang='lat' dir='ltr'>doetrinae</span> <span class='ocrx_word' id='word_1_650' title='bbox 433 5200 562 5275; x_wconf 86' lang='lat' dir='ltr'>lentem,</span> <span class='ocrx_word' id='word_1_651' title='bbox 582 5206 613 5261; x_wconf 87' lang='lat' dir='ltr'>et</span> <span class='ocrx_word' id='word_1_652' title='bbox 639 5197 766 5262; x_wconf 86' lang='lat' dir='ltr'>solidam</span> <span class='ocrx_word' id='word_1_653' title='bbox 792 5198 861 5261; x_wconf 78' lang='lat' dir='ltr'>adet</span> <span class='ocrx_word' id='word_1_654' title='bbox 925 5208 955 5263; x_wconf 93' lang='lat' dir='ltr'>et</span> <span class='ocrx_word' id='word_1_655' title='bbox 975 5201 1078 5264; x_wconf 88' lang='lat' dir='ltr'>utilius</span> <span class='ocrx_word' id='word_1_656' title='bbox 1107 5204 1170 5265; x_wconf 84' lang='lat' dir='ltr'>iere</span> <span class='ocrx_word' id='word_1_657' title='bbox 1190 5203 1217 5263; x_wconf 89' lang='lat' dir='ltr'>si</span> <span class='ocrx_word' id='word_1_658' title='bbox 1239 5224 1274 5261; x_wconf 84' lang='lat' dir='ltr'>se</span> <span class='ocrx_word' id='word_1_659' title='bbox 1295 5202 1363 5283; x_wconf 82' lang='lat' dir='ltr'>ejrm</span> <span class='ocrx_word' id='word_1_660' title='bbox 1389 5198 1545 5259; x_wconf 74' lang='lat' dir='ltr'>serenitas</span> <span class='ocrx_word' id='word_1_661' title='bbox 1566 5196 1725 5257; x_wconf 77' lang='lat' dir='ltr'>Ecclesiae</span> 
     </span>
    </p>
   </div>
   <div class='ocr_carea' id='block_1_4' title="bbox 0 0 1876 5626">
    <p class='ocr_par' dir='ltr' id='par_1_6' title="bbox 0 0 1876 5626">
     <span class='ocr_line' id='line_1_55' title="bbox 0 0 1876 5626; baseline 0 4"><span class='ocrx_word' id='word_1_662' title='bbox 0 0 1876 5626; x_wconf 95' lang='lat' dir='ltr'> </span> 
     </span>
    </p>
   </div>
  </div>
 </body>
</html>
