3742 5626
140 184 174 237 tri
859 182 1075 239 noscovma

140 340 230 399 iulum
252 346 369 399 erectas
388 338 539 399 claviculis
560 339 663 399 terreis
683 338 830 407 murriunt,
861 334 944 395 indu·

141 434 186 491 sia
207 434 296 493 variis
322 431 472 491 coloribus
492 433 617 493 sericeis
637 433 717 491 cirea
737 430 841 491 cottum
862 447 945 489 exor-

141 546 170 583 nr
180 530 210 584 ta
230 522 309 605 aprrd
330 526 522 604 praecipuos,
548 546 620 583 auro
642 526 800 583 intertexta
819 524 947 601 gestant,

143 636 238 695 eaque
258 616 433 687 monitibus,
465 620 607 693 gemmis,
631 616 789 675 unionibus
810 636 867 675 seu
886 614 946 693 gio·

143 708 222 769 tontis
243 708 394 787 argenteis
414 715 465 768 aut
485 712 603 789 cupreis
623 708 774 768 deauratis
795 710 946 767 exornant.

144 802 259 861 Cruces
279 806 436 879 argenteas
456 802 503 861 ret
523 822 631 861 aurens
648 802 797 883 lapidibus
809 798 949 879 pretiosis

144 898 301 953 exornatas
327 894 572 971 praestantiores,
604 894 712 972 rutgus
738 912 807 951 vera
827 892 949 960 terreas,

144 986 192 1046 rei
212 1006 352 1063 cupreas,
379 1006 430 1063 pro
451 996 636 1047 sacramento
656 984 783 1067 quodam
804 982 880 1043 cotto
900 1002 951 1063 ap·

144 1098 255 1160 pensas
275 1084 405 1155 gestant.

222 1168 338 1231 Omnes
357 1180 456 1231 autem
477 1176 507 1231 et
530 1168 639 1248 singuli
650 1188 724 1229 snae
735 1166 892 1227 conditioni
904 1186 951 1225 re·

146 1264 244 1324 stibus
270 1265 515 1323 convenientibus
536 1284 573 1322 ex
599 1262 781 1341 praescripto
800 1258 952 1319 mandato·

147 1378 205 1435 que
227 1356 323 1434 magni
342 1355 438 1415 Ducis
460 1364 594 1423 utuntur,
615 1374 680 1413 nam
701 1354 844 1434 tennjoris
866 1352 952 1410 tortu·

147 1470 220 1518 nae,
241 1449 430 1525 vulgarisque
451 1446 578 1507 inmitiae
598 1446 876 1507 hominibusrestes
890 1464 953 1525 pre·

149 1542 288 1601 tiosiorcs
309 1540 573 1619 elegantioresque,
600 1540 656 1599 sub
676 1539 757 1618 gravi
777 1558 871 1617 poena
892 1556 954 1613 pro·

1006 336 1144 415 quotiens
1164 356 1241 417 opus
1259 336 1347 395 tuerit
1367 332 1529 404 distribuit,
1550 350 1718 413 rursusque
1731 358 1767 397 ea
1781 318 1828 395 atr'

1005 427 1118 491 eisdem
1139 429 1243 507 recipit
1262 436 1293 489 et
1311 432 1458 498 reservat,
1480 448 1515 486 ex
1528 426 1677 505 ingutione
1693 428 1808 489 tandem

1006 522 1118 581 reversi
1129 528 1238 583 certam
1249 523 1402 602 paeoniam
1416 540 1468 599 pro
1480 520 1674 599 usurpatione
1686 522 1803 581 restium

1007 618 1038 675 et
1056 624 1238 675 caeterorum
1257 618 1489 673 ornamentonun
1511 612 1679 675 seeundum
1696 620 1809 693 paetum

1007 727 1112 785 magno
1120 707 1198 767 Duei
1209 712 1370 776 numerant,
1384 708 1724 787 vestesqnerestituuut,
1736 706 1813 787 quod

1007 802 1035 859 si
1061 802 1169 881 aliquis
1188 808 1389 859 oruamentum
1409 798 1665 859 accommodatum
1688 818 1816 861 conara·

1010 892 1167 963 euiaverit,
1187 898 1257 951 tuoe
1278 891 1449 951 verberibus
1462 892 1655 961 emendatus,
1674 892 1818 955 iiirrdsai·

1010 1006 1079 1045 rere
1098 988 1220 1063 cogitur.

1086 1076 1144 1137 Hic
1164 1096 1229 1137 mos
1249 1076 1328 1155 apud
1348 1098 1452 1137 omnes
1471 1076 1630 1139 Rrrttrenns
1649 1084 1681 1139 et
1697 1078 1822 1141 Mosco·

1010 1171 1102 1241 ritas,
1128 1172 1287 1249 quotannis
1306 1170 1397 1229 certis
1415 1168 1523 1231 diebus
1541 1172 1729 1244 obserantur,
1749 1170 1823 1233 ado·

1011 1263 1164 1323 tesoentes
1189 1263 1272 1344 pueri
1296 1262 1470 1343 plurimique
1496 1266 1549 1324 riri
1573 1264 1705 1333 uxorati,
1736 1270 1824 1325 extra

1012 1357 1162 1417 civitatum
1181 1374 1325 1435 pagumre
1346 1356 1375 1413 in
1396 1354 1494 1415 iocum
1510 1354 1633 1435 amptum
1648 1358 1823 1415 etemineu·

1011 1450 1116 1511 tiorem
1141 1448 1305 1517 confluunt,
1336 1446 1416 1507 unde
1436 1449 1473 1507 ab
1494 1446 1639 1508 trorninunr
1659 1468 1822 1529 congrega-

1011 1542 1095 1601 tione
1114 1540 1283 1611 rideautur,
1303 1540 1404 1618 ibique
1424 1540 1600 1619 quibusdam
1620 1542 1720 1601 attritis
1732 1548 1821 1601 etro·

150 1632 299 1695 tttbcntur.
334 1632 368 1693 Si
388 1638 488 1693 autem
508 1632 633 1711 aliquem
655 1632 818 1693 humilioris
830 1629 956 1689 familiae
1015 1632 1237 1693 eiserationibus
1260 1632 1446 1705 ¹(necandum
1466 1634 1564 1711 gentis
1584 1638 1715 1707 morem)
1736 1636 1822 1711 siguo

149 1728 241 1787 virum
263 1726 428 1805 elegantius
448 1727 588 1785 restitum
610 1724 810 1803 conspiciunt,
832 1721 956 1799 prodito·
1015 1726 1086 1787 dato
1105 1730 1296 1795 concurrunt,
1327 1746 1492 1807 manusque
1513 1726 1628 1805 absquo
1648 1726 1709 1787 utto
1728 1748 1822 1787 anno.

150 1840 212 1879 rem
231 1818 435 1901 perfidumque
455 1840 521 1877 eum
541 1818 711 1899 appeliant,
732 1824 761 1873 et
773 1816 957 1894 suspicionis
1016 1840 1080 1880 rum
1099 1838 1209 1897 genero
1222 1818 1394 1889 conserunt,
1415 1824 1578 1888 certamen,
1598 1822 1721 1897 pugnis,
1742 1822 1823 1901 perii.

151 1924 250 1972 notam
271 1914 298 1971 ei
319 1914 464 1993 injurunt,
496 1908 646 1969 dieentes:
674 1905 784 1987 perinde
806 1905 885 1965 uude
905 1906 957 1965 tibi
1017 1912 1089 1991 bus,
1120 1930 1227 1989 magno
1249 1930 1313 1970 cum
1334 1910 1444 1990 impetu
1465 1910 1587 1979 taciem,
1609 1922 1736 1994 pectus,
1755 1934 1823 1973 mn.

151 2006 220 2065 tatis
246 2006 374 2065 vestitus
400 2022 481 2062 moro
507 2002 688 2060 dominomm
708 1998 858 2073 (Polouos
878 2020 904 2058 u.
929 2004 959 2057 ct
1017 2010 1105 2075 uem,
1136 2010 1166 2063 et
1184 2002 1324 2081 genitalia
1343 2004 1479 2083 utrinque
1499 2006 1685 2081 quatientes,
1711 2007 1824 2074 ineunt,

152 2092 639 2173 Litiruannsdomiuosappeitant)
659 2094 789 2162 vestiris,
810 2092 890 2153 etad
904 2112 959 2151 eos
1018 2116 1171 2179 saepeque
1198 2096 1267 2156 inda
1292 2096 1425 2154 semivivi
1445 2094 1617 2176 pierumque
1639 2098 1727 2157 prim,
1749 2118 1824 2157 moi.

154 2188 281 2249 deficere
301 2187 459 2267 perfidiose
478 2186 610 2247 moliris?
639 2192 670 2245 tu
692 2187 767 2245 enim
788 2206 843 2267 pro
869 2184 959 2268 hujus
1017 2192 1060 2250 tui
1085 2194 1286 2269 exportantur.
1338 2186 1404 2246 Hoc
1423 2196 1520 2248 auteur
1541 2190 1705 2249 certaminis
1725 2208 1824 2263 genus

157 2283 252 2341 restis
270 2283 367 2361 pretio
387 2300 445 2339 non
467 2280 592 2339 sufficis.
626 2278 732 2339 Statim
752 2299 822 2357 ergo
838 2298 960 2338 accusa·
1018 2282 1086 2343 ideo
1106 2282 1270 2342 institutum
1292 2280 1406 2348 dicunt,
1436 2286 1468 2338 ut
1487 2280 1691 2341 adolescentes
1710 2300 1822 2339 assue-

155 2380 205 2431 tus
231 2372 405 2448 gravissime
432 2378 463 2430 nt
488 2372 677 2449 suspiciosus
695 2372 822 2453 punitur.
874 2372 961 2432 Atius
1019 2372 1817 2455 seantverberapati,etquoseunqueimpetusperterre.

157 2466 255 2543 itaquo
283 2464 469 2545 tonnjnribna
490 2464 657 2535 nobilibus,
687 2466 765 2525 atius
786 2464 962 2523 consiliariis

157 2562 186 2615 et
207 2556 410 2633 magnatibus,
429 2556 506 2616 atius
527 2558 641 2615 civibus
662 2564 692 2615 et
712 2556 826 2615 entonis
842 2555 961 2615 habitus

157 2656 206 2709 est
231 2648 445 2729 praescriptus,
476 2648 641 2709 seeundum
661 2650 900 2731 uniuscujusque
919 2645 960 2707 di·

155 2742 307 2819 quitatem,
318 2740 514 2801 conditiouem
528 2747 557 2801 at
564 2743 605 2801 rei
614 2740 765 2801 familiaris
771 2740 960 2821 opulentiam.

232 2832 265 2893 in
284 2832 425 2893 thesauro
446 2836 533 2895 otiam
554 2836 649 2913 magni
670 2834 766 2894 Ducis
787 2832 963 2915 vestespiu·

156 2926 247 2987 rimae
274 2928 445 3003 elegantes,
478 2926 515 2987 nd
536 2926 565 2985 id
586 2934 657 2987 sunt
676 2928 825 3009 repositae
846 2932 876 2986 et
896 2946 962 2986 con·

157 3016 271 3087 fectae,
291 3022 324 3075 ut
343 3038 409 3077 cura
428 3018 586 3097 atiqnando
607 3020 773 3097 triumptrns
788 3020 963 3087 celebratur,

158 3110 205 3171 ret
218 3128 283 3168 curn
295 3108 412 3187 togatus
421 3110 550 3191 aiicujus
561 3110 708 3189 Principis
720 3112 873 3193 excipitur,
893 3116 965 3169 tuuc

158 3202 297 3261 omnibus
318 3206 349 3260 et
368 3202 493 3279 singuiis
514 3202 619 3263 euticis
639 3206 705 3263 suis
719 3200 964 3279 magnusituaii
1099 3202 1247 3262 Absoluto
1267 3202 1394 3261 breviter
1412 3200 1472 3262 situ
1494 3200 1664 3283 Regionum
1686 3202 1831 3271 Russiae,

159 3294 206 3355 ins
227 3300 330 3353 restes
341 3292 379 3353 nd
390 3301 508 3375 tempus
517 3293 728 3355 accommodat.
761 3296 964 3375 (laetarique.
1023 3312 1130 3371 magno
1149 3292 1326 3354 dioscoriae
1347 3294 1475 3374 Principi
1502 3296 1719 3377 subjectarum,
1748 3292 1832 3355 Reii·

160 3408 219 3465 qne
239 3384 357 3445 aohites
376 3384 416 3445 ad
435 3386 567 3447 conr-tria
579 3389 737 3447 amicorum
751 3388 906 3467 nuptiasro
918 3407 965 3447 ce·
1024 3386 1128 3465 gione,
1157 3387 1289 3447 moribus
1310 3386 1453 3465 denique,
1474 3394 1507 3447 et
1526 3386 1743 3449 consuetudine
1762 3406 1832 3467 geo·

161 3476 320 3537 teirrandas
339 3476 513 3555 protecturi,
534 3478 580 3537 ret
600 3480 628 3537 si
647 3478 774 3559 aiicujus
787 3478 845 3537 diri
858 3477 964 3537 testum
1025 3480 1080 3547 tis,
1100 3476 1138 3536 de
1160 3478 1300 3537 moderno
1313 3476 1452 3555 Principe
1462 3478 1636 3541 Moscoviae
1646 3478 1765 3537 Joanne
1777 3478 1833 3537 Ba·

161 3568 285 3627 sotonno
305 3569 480 3639 occurrerit,
500 3574 569 3629 tune
589 3570 727 3630 rotantes
739 3570 895 3630 sotenuius
907 3570 964 3629 ete·
993 3542 998 3611 i
1025 3570 1131 3631 nitiade
1153 3572 1280 3651 ejusque
1292 3570 1463 3649 Tyrannide
1483 3570 1626 3650 quaedam
1644 3570 1773 3629 dicenda
1786 3590 1833 3629 no·

160 3662 338 3739 paratiusque
358 3661 476 3731 vestiri,
496 3660 535 3721 de
550 3662 647 3741 magni
657 3662 754 3723 Ducis
766 3660 907 3722 thesauro
918 3684 965 3723 ve·
993 3616 999 3757 i
1025 3664 1074 3723 bis
1094 3668 1216 3722 restant.
1269 3661 1335 3723 Sed
1354 3670 1512 3743 autequam
1536 3682 1596 3721 reru
1616 3666 1712 3740 ipsa·
1734 3680 1833 3739 aggre-

160 3758 226 3813 stes
247 3754 307 3811 sitri
328 3752 569 3825 accommodant,
591 3764 671 3815 certo
692 3756 791 3835 precio
803 3754 966 3815 secundum
995 3772 1000 3831 ζ.
1026 3756 1154 3827 dicmur,
1174 3775 1271 3835 pauca
1291 3754 1329 3814 de
1344 3756 1428 3815 tituto
1445 3754 1591 3833 itiinsquo
1605 3756 1711 3825 utitur,
1732 3754 1833 3814 lectori

160 3846 302 3925 temporis
323 3846 452 3925 spatium
473 3866 524 3925 pro
545 3868 635 3907 usura
654 3848 915 3917 reatisnttritruto,
938 3854 968 3907 et
995 3834 999 3893 ἶ
1027 3846 1106 3907 hand
1127 3845 1315 3929 aspernanda
1335 3866 1565 3928 praeponemus.

160 3936 268 3997 deiratio
300 3936 421 3997 easdem
447 3938 562 4019 abeque
589 3938 763 3997 detrimento
789 3958 854 3997 cum
878 3960 969 4000 usura
1104 3940 1133 3999 A
1152 3945 1284 4020 ternpore
1303 3938 1398 3999 Ruriir
1419 3940 1500 4017 priori
1526 3937 1737 4017 Norngrodiae
1757 3960 1833 4017 mag·

160 4032 345 4107 praescripta
357 4028 557 4089 Thesaurarin
578 4032 751 4099 restituunt,
772 4030 851 4109 qnod
871 4032 898 4091 si
918 4032 968 4091 ati·
1028 4052 1083 4091 nae
1094 4030 1206 4101 Ducis,
1226 4030 1264 4089 de
1284 4050 1341 4108 quo
1361 4032 1499 4108 superius
1514 4029 1626 4090 dietum
1650 4040 1709 4103 est,
1731 4050 1834 4095 omnes

161 4120 330 4197 quantulum
351 4122 445 4181 vestis
457 4124 672 4183 commaculata
681 4122 783 4193 suerit,
802 4128 873 4182 tunc
885 4146 968 4183 usur·
1028 4124 1091 4183 sere
1105 4121 1400 4202 PrincipesRussiae
1420 4142 1477 4180 non
1490 4122 1642 4182 aiiotituio
1656 4142 1747 4202 quam
1759 4144 1835 4201 mag·

161 4220 247 4291 putor
267 4210 428 4271 secundum
449 4216 684 4274 aestimationem
697 4216 853 4295 pecuniam
867 4236 918 4293 pro
932 4238 969 4276 ea
1028 4236 1131 4277 norum
1155 4214 1339 4283 Ducatuum,
1370 4214 1582 4273 Votodiruirine
1607 4216 1655 4274 rei
1684 4214 1837 4295 Norogro·

163 4322 317 4361 nurnernro
345 4306 475 4379 cogitur,
506 4306 738 4387 uerberibusque
758 4328 795 4367 ne
816 4306 846 4365 id
866 4308 896 4366 in
916 4330 968 4389 po·
1028 4310 1096 4369 diae
1118 4326 1256 4385 maguae,
1276 4306 1323 4365 rei
1343 4304 1518 4366 Moscoviae
1538 4308 1715 4378 utebantur,
1742 4327 1835 4385 usque

1060 2660 1120 2757 nn
1158 2660 1306 2791 arnon
1344 2658 1606 2757 uroscnum
1641 2660 1795 2785 nuru,

1171 2816 1295 2862 tonnus
1315 2816 1475 2863 ansreranrs
1494 2788 1673 2865 runaum'os.

1333 2992 1450 3063 CAPUT
1475 2996 1512 3062 V.

163 4400 274 4453 sternar
295 4392 477 4464 admitteret,
500 4398 661 4475 corrigitur.
707 4398 756 4459 Ad
777 4398 893 4475 Regem
914 4398 969 4457 Po·
1029 4400 1067 4461 ad
1094 4398 1237 4458 Basitium
1262 4396 1388 4457 Joannis
1414 4398 1532 4475 tingui,
1563 4407 1674 4478 patrem
1706 4398 1837 4461 modemi

164 4486 261 4545 ioniae
287 4488 391 4555 etinnr,
418 4486 466 4543 ret
491 4488 531 4547 ad
556 4488 632 4549 aiios
659 4496 779 4550 exteros
805 4489 970 4571 Principes,
1031 4492 1178 4569 Principis
1197 4488 1323 4549 Joanuis
1341 4488 1519 4559 Basiiimtia,
1550 4491 1588 4549 de
1616 4514 1675 4572 quo
1704 4492 1765 4553 hoc
1791 4514 1839 4553 no·

164 4576 338 4639 dioscorine
358 4580 501 4657 Princeps
522 4578 667 4641 Oratores
689 4584 850 4649 missurus,
881 4584 971 4641 omni·
1031 4592 1124 4645 strum
1151 4580 1335 4663 propositum
1355 4588 1414 4641 est.
1466 4582 1524 4641 Hic
1545 4586 1621 4643 enin
1641 4584 1780 4647 Basitirrs
1800 4606 1842 4645 re·

164 4670 221 4729 trus
241 4670 347 4729 euticis
368 4675 397 4729 et
419 4670 567 4731 nubilibus
586 4674 973 4752 cnmtegatisprnficiscen·
1032 4678 1089 4735 bns
1109 4676 1174 4734 suis
1195 4672 1323 4731 ietioiter
1342 4674 1590 4752 procedentibus,
1621 4678 1754 4737 attilius
1774 4682 1842 4761 ejas

163 4762 261 4831 tibus,
298 4772 401 4822 restes
421 4762 622 4837 solenniores,
652 4786 749 4834 arma,
776 4770 807 4823 ot
826 4764 856 4822 id
876 4784 973 4840 genus
1035 4776 1102 4847 post
1122 4786 1189 4827 euru
1212 4763 1371 4823 modernus
1386 4766 1527 4847 Princeps
1547 4770 1660 4829 titutum
1680 4778 1712 4829 et
1734 4792 1843 4831 nomeu

166 4862 399 4915 ornamentorum
422 4876 460 4916 ex
480 4856 622 4916 thesauro
643 4876 700 4915 sno
719 4854 758 4916 ad
773 4856 974 4935 usurpandum

168 4946 226 5003 sntr
250 4954 408 5026 praetextu
440 4950 605 5010 solvendae
626 4968 736 5009 usurae
755 4950 976 5012 accommodare

171 5038 264 5101 rotet.
284 5040 558 5121 administratorque
578 5044 681 5103 trorum
702 5041 906 5113 substituitur,
927 5048 978 5125 qui

174 5128 271 5187 orauia
296 5140 465 5193 ornamenta
486 5136 644 5211 unicnique
665 5134 828 5195 secundum
849 5136 979 5199 ordinem
1005 5168 1010 5191 ι

1034 4860 1162 4940 Regium
1174 4858 1420 4936 plurimorumque
1431 4880 1599 4935 magnorum
1606 4860 1778 4924 Ducntuun
1787 4864 1845 4925 sibi

1037 4953 1194 5015 rerrdicnre
1215 4958 1376 5027 coeperunt
1396 4952 1424 5007 iu
1447 4952 1525 5009 truec
1538 4954 1666 5014 modum.
1699 4954 1847 5019 Nostia·

1039 5068 1115 5125 gnus
1127 5044 1289 5111 Dominus,
1312 5042 1379 5101 Rex
1400 5050 1429 5101 rt
1441 5063 1565 5121 magnus
1576 5045 1647 5107 Dux
1659 5048 1754 5109 totius
1767 5048 1848 5109 Rus·

1043 5142 1122 5201 strae,
1141 5136 1275 5195 Joannes
1301 5132 1486 5197 Basiiirnies.
1519 5158 1645 5215 aragone
1666 5140 1736 5201 Dux
1758 5142 1850 5203 Voto-
