3742 5626
513 230 569 295 llll
597 226 740 293 BELLO
764 226 1075 303 uoscovtrlco,
1098 228 1227 295 ntuetr
1247 230 1301 295 Vl.
1695 240 1751 303 m

78 392 145 455 illos
165 394 232 457 suis
249 413 369 476 qnoque
389 394 480 455 rebus
498 394 602 453 timere
615 391 742 466 laceret;
760 408 882 471 remque
906 377 911 441 l
941 392 1038 472 ipsunt
1060 414 1126 455 enm
1147 392 1207 455 sibi
1227 391 1338 457 debere
1357 398 1569 473 existimarent,
1589 404 1745 465 nrinusrel

77 486 224 569 publicam
255 507 313 547 uon
341 486 430 547 modo
459 487 498 547 ab
524 486 746 547 incursionibus
771 504 882 553 coruus,
940 504 975 544 se
985 488 1209 566 exspectatione
1219 507 1285 563 stra,
1304 487 1351 549 vel
1364 509 1441 569 quae
1450 493 1508 572 ipsi
1521 496 1745 575 concupissent,

77 579 133 641 sed
154 585 232 641 motu
251 580 329 640 omni
350 580 547 642 terentianum
567 579 597 640 in
617 585 792 660 perpetuum
811 576 882 639 libo·
940 574 1017 637 alios
1037 586 1217 641 corraecutos
1238 577 1391 643 dolebant.
1430 582 1498 643 Non
1519 589 1606 665 'ranei
1626 585 1666 649 ad
1687 588 1743 651 tros

77 678 171 745 rarat:
195 674 387 752 rationesque
413 672 521 755 quibus
546 670 576 731 id
602 672 688 733 salsa
713 692 790 755 paee
808 670 882 733 Tur·
938 665 1120 733 diuersarum
1140 673 1265 752 partium
1286 684 1472 753 strpererant,
1492 679 1541 756 qni
1562 680 1591 737 in
1611 684 1742 762 superio

77 767 143 826 cies
163 764 226 825 troni
244 772 356 844 posset,
376 785 550 846 proponere,
571 764 609 825 de
629 767 728 845 iisque
747 782 812 825 cum
825 761 881 825 Or·
938 780 1002 821 rum
1023 759 1256 843 interregnorum
1283 769 1474 827 contuitione.
1501 769 1598 831 victos
1621 792 1659 835 se
1685 794 1742 837 me

77 858 198 918 dtnibus
225 878 316 936 agero
345 859 375 918 in
405 859 502 919 arriano
532 857 671 919 babebat.
723 854 882 939 Stipendia
938 854 1105 919 minissent.
1125 854 1255 933 Quidam
1275 859 1324 939 qui
1346 860 1374 916 in
1396 859 1608 936 concionibus,
1625 884 1743 927 accou-

76 957 231 1033 praeterea
257 952 339 1013 militi
363 950 508 1013 solvenda
533 954 626 1011 erant.
666 950 735 1013 Etsi
754 951 831 1011 ornias
851 950 881 1027 iu
937 947 1077 1010 ventibus
1096 948 1271 1013 Nobilitatis
1291 951 1448 1031 plurimum
1474 952 1619 1017 baetenus
1642 964 1742 1036 potue·

77 1045 273 1105 ennrentibns
307 1044 532 1124 particularibus
566 1044 707 1105 tributum
742 1042 821 1105 bane
851 1042 880 1107 in
937 1046 1021 1101 rant:
1040 1060 1147 1103 neuneu
1167 1046 1351 1124 gratiamque
1371 1043 1521 1124 insirigus
1537 1065 1575 1109 ac
1588 1047 1743 1129 opesinde

77 1156 138 1198 ren
165 1136 316 1200 decretum
343 1138 453 1201 tuerat:
479 1137 568 1215 longe
594 1137 692 1199 minus
717 1142 816 1199 umen
841 1154 881 1199 es
938 1142 1133 1215 paraverant,
1159 1138 1256 1199 osnuia
1282 1136 1414 1217 pruentia
1435 1139 1465 1195 in
1485 1138 1596 1201 milites
1615 1141 1742 1209 conterri

76 1228 127 1289 lllo
145 1230 347 1309 redigebatur,
373 1252 459 1312 qnam
480 1230 509 1291 in
530 1250 568 1291 cn
587 1230 671 1309 ipsu,
695 1250 732 1291 ac
755 1230 814 1293 alis
832 1228 881 1291 de·
939 1225 1153 1287 mussitabant:
1178 1230 1217 1289 iis
1237 1228 1362 1303 artibus,
1382 1228 1490 1309 quibus
1511 1233 1570 1311 ipsi
1589 1232 1743 1313 plurinum

78 1323 139 1383 bita
164 1324 304 1385 nonnulla
331 1324 499 1395 sufficeret:
532 1342 641 1402 resque
671 1342 726 1403 per
754 1342 791 1383 se
820 1320 882 1403 opi·

79 1416 168 1475 niooe
188 1416 297 1492 minor,
322 1424 495 1479 exactorum
521 1424 676 1495 praeterea
700 1410 881 1493 quorundam

77 1526 134 1568 seu
160 1508 356 1587 negligentia,
387 1530 443 1570 seu
468 1507 572 1589 culpa,
602 1506 682 1588 quod
709 1506 758 1567 uel
786 1506 883 1567 minus

76 1620 165 1681 quam
186 1600 345 1678 deberent,
376 1604 423 1663 sel
450 1599 564 1663 tordius
590 1622 627 1663 ea
646 1600 804 1668 inferrent,
832 1598 881 1659 mi·

76 1694 127 1753 nui
152 1692 322 1768 dicebatur:
354 1694 393 1755 de
423 1695 532 1773 quibus
559 1699 589 1755 et
614 1694 692 1775 ipsis
718 1701 750 1753 ut
775 1710 882 1769 eogno-

76 1792 226 1858 sectetur,
259 1789 431 1849 neccssario
460 1785 498 1847 nd
532 1785 665 1847 Ordines
695 1782 882 1847 referendum

77 1880 277 1941 existimabat.
317 1880 367 1940 De
397 1887 478 1941 certa
502 1878 674 1957 Regnorum
693 1868 737 1943 ac
761 1878 883 1939 electio·

77 1992 146 2033 num
171 1974 286 2033 ratione
305 1972 498 2042 stabilienda,
522 1975 582 2033 etsi
602 1972 673 2053 quid
692 1972 811 2053 publico
833 1992 883 2031 no·

76 2066 154 2125 mine
180 2064 384 2147 superioribus
410 2067 547 2127 Comitiis
577 2085 595 2125 a
632 2085 669 2125 su
698 2064 881 2147 postulatum

76 2156 201 2233 luisset,
227 2166 258 2220 et
282 2160 348 2239 ipse
374 2160 558 2240 recepissem
584 2159 725 2218 mensoria
750 2162 882 2218 unieret:

76 2248 134 2309 lroe
153 2258 252 2311 tamen
271 2258 416 2331 tempore,
436 2270 495 2330 qrro
506 2252 690 2330 superiorum
701 2251 882 2327 interregno·

939 1316 1101 1399 pellebant,
1121 1319 1230 1381 nullum
1250 1321 1378 1402 amplius
1399 1321 1496 1382 locum
1515 1322 1644 1407 relinqui
1655 1326 1743 1391 mole·

937 1418 986 1473 ste
1005 1408 1150 1473 terebant.
1192 1412 1357 1477 Universae
1367 1433 1438 1475 vern
1450 1412 1626 1481 Nobilitatis
1643 1422 1745 1493 antimi,

938 1511 972 1563 nt
990 1522 1049 1585 qua
1069 1506 1196 1585 quisque
1220 1527 1253 1567 re
1279 1510 1402 1569 mutue
1428 1508 1670 1587 permovebatur,
1702 1512 1744 1575 tu

938 1597 1019 1657 varie
1039 1595 1254 1659 alliciebantur.
1293 1599 1356 1661 Alii
1375 1618 1435 1659 nnis
1455 1598 1486 1659 id
1505 1604 1554 1679 agi
1577 1602 1745 1683 jactabant,

939 1696 972 1749 nt
990 1686 1029 1751 de
1050 1686 1139 1751 modo
1164 1689 1266 1770 aliquo
1285 1690 1442 1753 electionis
1467 1700 1661 1772 tractaretur,
1687 1696 1744 1761 sad

938 1790 972 1843 nt
990 1802 1155 1845 successor
1174 1785 1290 1865 privato
1315 1783 1444 1845 cornsilio
1464 1786 1682 1867 imponeretur:
1701 1794 1744 1851 in·

937 1878 1023 1937 terim
1043 1896 1110 1937 enm
1131 1876 1229 1955 Regin
1249 1878 1373 1957 inspierio
1392 1874 1509 1939 alienae
1532 1882 1685 1959 potentiae
1703 1885 1744 1945 ri·

939 1969 1040 2029 carius
1066 1990 1103 2031 ac
1132 1967 1252 2050 adjutor
1283 1972 1523 2041 constitueretur,
1552 1969 1742 2037 Zamoscinra

940 2068 1096 2123 rrntarrtes:
1117 2061 1175 2121 bne
1194 2060 1350 2123 devinctos
1368 2061 1525 2124 beneficiis
1545 2064 1655 2129 milites
1674 2086 1742 2149 spe·

939 2161 1036 2215 ctare:
1065 2160 1197 2215 retentos
1224 2154 1254 2215 in
1275 2175 1350 2235 paee
1369 2174 1405 2217 ex
1424 2153 1531 2218 iisdem
1550 2178 1609 2219 non
1629 2178 1743 2241 paucos

938 2265 957 2307 n
976 2246 1147 2322 Zamosein,
1166 2254 1199 2307 ut
1218 2266 1364 2327 oppnessa
1385 2269 1438 2329 per
1456 2256 1565 2311 metum
1578 2250 1743 2315 Nobilitate

77 2362 140 2402 rum
165 2342 339 2403 uulneribus
364 2341 494 2403 noandum
521 2343 611 2423 plane
641 2345 765 2404 cicatrix
790 2340 881 2403 obdu·
940 2341 1070 2419 pervim
1089 2360 1127 2400 ne
1145 2358 1226 2399 arma
1248 2338 1385 2419 Regnum
1406 2351 1611 2423 occuparetur.
1640 2344 1742 2406 llirer·

77 2444 125 2495 eta
147 2444 241 2510 esset,
260 2432 300 2496 ad
320 2456 374 2496 eas
392 2456 442 2497 res
464 2432 625 2510 accedere,
651 2454 727 2515 quae
746 2436 812 2495 sine
834 2454 882 2495 en·
938 2450 1005 2493 sum
1025 2428 1063 2493 de
1088 2431 1231 2512 religione
1264 2432 1464 2495 sentientibus
1497 2433 1645 2497 libertatis
1674 2440 1743 2517 ejus

76 2548 139 2587 rrrnr
165 2528 317 2589 vulnerum
342 2535 504 2589 attrectatu
528 2528 635 2606 agitari
661 2548 719 2589 non
747 2534 882 2608 possent,
940 2526 1111 2596 imminutio,
1124 2527 1449 2608 cirenrnseriptionique
1461 2535 1559 2589 nnetns
1568 2527 1670 2609 objici.
1689 2528 1742 2591 Ju-

77 2622 317 2701 intempestivum
338 2624 365 2680 ei
386 2618 553 2681 ridebatur.
593 2620 659 2681 Etsi
685 2628 784 2681 autem
804 2616 882 2681 idem
939 2614 1082 2679 diciorum
1096 2616 1304 2679 ernendatinue
1314 2638 1374 2681 uon
1387 2624 1602 2683 correctionem
1611 2624 1742 2704 aliquam

76 2711 241 2793 anoribns
266 2733 384 2795 quoqne
410 2712 605 2777 senatoribus
635 2711 786 2793 plerisque
816 2732 882 2773 cum
939 2708 1061 2787 ache
1082 2709 1185 2790 qrmeri
1209 2730 1228 2769 a
1253 2712 1403 2773 rnnrrnnllis
1433 2709 1657 2791 disputabatur:
1683 2714 1741 2777 sed

75 2824 129 2885 pro
150 2824 232 2867 more
251 2826 306 2886 per
324 2806 442 2867 litteras
463 2808 547 2885 prins
570 2807 737 2865 sententias
758 2823 813 2863 eos
836 2822 882 2863 ro·
939 2822 998 2882 qrro
1019 2820 1085 2862 curn
1103 2804 1134 2861 in
1154 2802 1369 2863 terriuersnrnea
1385 2803 1571 2879 sustulisset,
1591 2803 1678 2867 adse
1691 2804 1741 2869 de·

75 2905 190 2975 posset,
207 2896 374 2958 videretur:
400 2893 481 2977 qnod
500 2906 599 2957 tannen
619 2894 766 2975 prioribus
787 2896 883 2957 Comi·
939 2912 998 2953 :ino
1018 2912 1054 2953 ea
1074 2892 1263 2955 bareslerret:
1283 2894 1441 2975 omniaque
1452 2914 1543 2956 secun
1562 2898 1682 2959 onrrrino
1694 2920 1741 2961 ac-

75 2990 126 3048 tiis
146 2988 231 3048 nixa
251 2986 284 3048 id
301 3008 319 3049 a
338 3006 374 3049 se
393 2990 506 3049 urrrrtiis
519 2986 696 3049 Nobilitatis
713 2986 883 3069 petentibus
940 2984 1142 3067 cipiebantnr:
1162 2989 1203 3047 ita
1224 2994 1257 3047 nt.
1277 2985 1336 3047 ntia
1356 2983 1495 3067 ejusdem
1515 2992 1682 3068 rogationis
1693 3012 1740 3053 ea·

75 3078 235 3141 relaturum
255 3100 291 3141 se
309 3077 349 3141 de
370 3102 406 3141 co
432 3084 615 3163 recepisset,
640 3100 700 3141 :rori
724 3100 820 3160 prosae
846 3100 882 3143 se
939 3081 1010 3160 pita,
1030 3098 1108 3159 quae
1121 3078 1228 3158 Regiis
1248 3086 1478 3161 opponerentur,
1498 3076 1616 3143 detorto
1629 3081 1669 3145 ad
1681 3104 1740 3147 ma

72 3175 137 3253 jam
156 3193 175 3233 a
194 3174 285 3254 priori
310 3174 510 3254 promissione
534 3194 591 3235 sna
616 3170 758 3234 recedere
784 3172 884 3234 existi·
938 3179 1000 3232 tum
1021 3170 1212 3251 injiciendum
1232 3191 1326 3235 senisu
1346 3173 1377 3231 iu
1396 3170 1505 3251 uulgus
1524 3193 1543 3235 a
1564 3173 1741 3253 quibusdam

75 3264 192 3337 malint:
211 3263 376 3346 eademque
396 3286 463 3326 enm
482 3263 522 3327 de
541 3262 703 3327 concordia
728 3267 817 3327 etiam
840 3268 881 3326 in·
938 3261 1112 3325 ederentur:
1132 3272 1305 3345 euterpente
1324 3262 1457 3325 rrnrrnilril
1477 3266 1554 3327 inter
1575 3266 1651 3329 lraee
1669 3271 1740 3330 inni·

77 3366 124 3419 tar
153 3376 272 3419 naemu:
301 3366 334 3419 et
363 3358 519 3440 profanum
558 3356 703 3419 Ordinem
739 3354 882 3421 tentanda
939 3352 989 3417 dia
1009 3360 1098 3419 etiam
1119 3359 1149 3419 in
1162 3355 1362 3419 Zanroscinns.
1401 3356 1528 3419 Publice.
1547 3358 1666 3441 qrridem
1681 3362 1740 3443 ple·

75 3452 225 3513 annuntia
244 3450 339 3531 ipsius
360 3451 477 3529 luuset,
496 3458 530 3511 ut
550 3450 589 3513 ab
601 3453 668 3532 ojus
683 3453 881 3531 temporisra·
937 3450 1021 3531 riqrre
1051 3450 1180 3517 bonores
1205 3447 1356 3527 llungaris
1383 3448 1510 3513 collatos
1534 3454 1741 3531 exagitabant:

75 3544 158 3605 bone
186 3542 313 3605 abenam
347 3546 556 3607 tractationem
586 3564 653 3604 eam
682 3544 882 3617 existimaret:
938 3540 1183 3605 Lartdscoronarn
1209 3540 1271 3603 lere
1297 3539 1505 3621 designantes,
1539 3564 1628 3625 quam
1651 3544 1741 3609 vidua

75 3633 181 3697 iisdem
201 3654 277 3715 quas
296 3634 491 3708 ostendimus,
520 3632 558 3695 de
578 3637 697 3705 causis,
725 3632 757 3695 id
782 3642 882 3699 umen
939 3632 1085 3713 Gasparis
1105 3632 1227 3697 Belesii
1248 3636 1363 3709 marito,
1383 3638 1433 3715 qui
1454 3638 1483 3695 in
1503 3640 1613 3699 castris
1631 3637 1670 3701 ad
1682 3640 1740 3703 Pe·

75 3736 166 3811 caput
183 3730 273 3789 etiam
292 3726 446 3789 terendum
457 3724 497 3787 ad
508 3724 642 3788 Ordines
654 3728 801 3807 suscepit.
818 3724 882 3789 Ad-
937 3725 1038 3787 letiam
1059 3724 1098 3785 ob
1120 3730 1258 3787 virtutem
1280 3728 1351 3806 jure
1378 3725 1553 3789 Nobilitatis
1579 3729 1741 3793 uotnnteas

75 3818 151 3881 didit
170 3820 229 3895 lris,
248 3821 276 3881 si
296 3817 370 3900 qrrid
384 3816 563 3899 judiciorum
583 3821 690 3882 rationi
711 3817 822 3883 dossa
840 3820 883 3879 vi·
937 3814 1066 3879 donatus
1086 3816 1191 3893 tuerat,
1211 3838 1249 3877 ac
1268 3817 1358 3879 tratre
1378 3821 1447 3899 ejus
1469 3818 1621 3894 Gabriele,
1640 3822 1690 3901 qrri
1710 3826 1740 3885 in

76 3912 206 3988 deretur,
226 3920 278 3973 aut
298 3930 386 3991 quam
405 3910 456 3971 illa
476 3910 713 3973 emendationem
729 3908 881 3975 desidera·
937 3911 1098 3990 irruptione
1119 3910 1325 3972 l’lnscoviensi
1346 3912 1489 3990 perierat,
1514 3914 1655 3989 arnissis,
1681 3934 1740 3979 una

30 4036 35 4049 ·
75 4014 151 4078 rent,
168 4024 290 4087 operam
310 4022 396 4065 suurn
415 4003 472 4064 liae
492 4024 610 4087 quoque
633 4006 663 4065 in
681 4002 880 4085 relioipnbli·
937 4020 1005 4063 cnm
1024 4001 1106 4063 orbis
1133 4002 1235 4063 liberis
1255 4002 1393 4073 tenebat;
1423 4012 1455 4063 et
1478 4003 1537 4065 sub
1566 4002 1596 4065 id
1622 4012 1741 4089 tempus

75 4117 130 4157 eae
148 4116 208 4157 non
229 4094 409 4169 defuturam:
431 4117 509 4178 quae
528 4100 597 4178 quia
617 4098 723 4175 magis,
743 4102 775 4155 ut
792 4092 881 4157 Ordi-
936 4094 1101 4157 l'ranciscn
1127 4094 1299 4157 Vcsselinie
1330 4102 1482 4175 :nupserab
1528 4094 1647 4159 lnterim
1680 4122 1740 4163 riori

76 4208 145 4251 rrum
163 4186 289 4263 studiis,
308 4208 346 4250 ac
364 4206 438 4250 suae
458 4192 488 4249 iu
513 4208 568 4251 eos
588 4188 733 4251 uoluntati
760 4186 881 4249 sntisla-
937 4186 1071 4263 deerant,
1090 4190 1139 4269 qni
1158 4187 1245 4265 Regi,
1263 4190 1290 4249 si
1317 4184 1356 4249 de
1374 4208 1555 4251 successere
1574 4194 1622 4269 agi
1642 4194 1742 4271 vellet,

77 4289 169 4355 neret,
190 4279 354 4361 adjecerat,
378 4300 523 4343 sumnam
550 4280 796 4343 deliberationum
821 4300 881 4341 om·
937 4300 1057 4361 operam
1078 4300 1163 4342 stram
1179 4281 1257 4341 ultro
1270 4278 1434 4353 deterrent:
1454 4302 1579 4363 cumque
1598 4284 1673 4359 lies,
1684 4290 1741 4349 etsi

76 4376 166 4448 nium,
186 4370 226 4433 ad
247 4392 283 4433 ea
302 4392 380 4453 quae
400 4374 489 4451 priori
510 4374 578 4437 loeo
594 4376 809 4445 recensuimus,
831 4394 880 4433 ea·
937 4376 979 4435 ita
1000 4370 1039 4435 de
1058 4372 1226 4451 Republica
1245 4394 1281 4435 se
1301 4377 1434 4435 nimitum
1454 4378 1557 4449 sciret,
1577 4384 1679 4439 rrtrren
1692 4384 1742 4441 rni-

77 4470 139 4553 pita
158 4464 318 4527 rescrebat.
358 4462 442 4527 llaec
462 4474 619 4547 postqimm
640 4468 735 4547 prium
765 4463 805 4525 ad
826 4464 880 4527 Se·
938 4486 1004 4537 stirs,
1022 4486 1111 4547 qnam
1130 4466 1253 4529 aliorum
1274 4465 1403 4545 Regum,
1421 4458 1496 4529 suae
1516 4488 1635 4549 queque
1660 4470 1742 4533 tami·

76 4568 207 4631 catores,
228 4554 357 4621 indeed
378 4554 754 4634 conventusNobilitatis,
778 4560 879 4640 quiin
937 4559 996 4623 liae
1014 4563 1090 4621 ratio
1110 4558 1212 4621 baberi
1233 4555 1373 4621 deberet:
1411 4560 1450 4621 ab
1476 4560 1534 4621 lroc
1553 4568 1652 4623 tannen
1671 4572 1742 4623 tem·

78 4652 205 4733 singulis
223 4648 436 4732 palatinatibus
457 4658 526 4711 ante
538 4652 665 4712 Comitia
685 4671 721 4713 cu
738 4650 880 4713 moreha·
937 4673 1009 4733 pore
1036 4650 1065 4713 id
1086 4662 1202 4715 tentare
1236 4653 1380 4725 alienum,
1411 4648 1571 4731 studiaque
1596 4650 1744 4717 (lrdinum

78 4744 142 4807 beri
157 4744 267 4817 solent,
288 4743 388 4807 delata
407 4741 539 4815 lucrant:
559 4764 618 4803 non
635 4742 741 4805 eodem
759 4744 798 4805 al:
820 4764 880 4805 nm·
937 4746 1014 4807 ultro
1026 4748 1127 4826 potins
1139 4742 1341 4825 exspectanda
1362 4742 1421 4803 sibi
1442 4744 1641 4817 susti-aret:
1660 4764 1743 4827 spre-

79 4836 165 4899 nilrns
196 4839 295 4899 anime
320 4844 444 4915 accepta
471 4834 602 4899 luerunt:
641 4832 790 4915 iidemque
819 4834 881 4896 tere
938 4848 987 4899 tna
1007 4859 1042 4899 se
1061 4840 1129 4907 rati,
1148 4856 1184 4897 ae
1204 4836 1328 4895 aliorum
1348 4854 1439 4915 opera
1461 4834 1568 4897 cantici
1594 4836 1625 4897 id
1651 4858 1744 4921 posse

78 4932 239 4992 animorum
259 4940 366 4999 moltis,
385 4948 422 4989 ac
442 4927 589 4989 hominnm
609 4930 881 5003 sermonesrenati,
938 4928 1052 5006 Regem
1072 4948 1193 5009 sperare
1224 4948 1260 4987 co
1281 4930 1377 5003 stragis
1398 4925 1641 4991 incendebantur.
1682 4932 1743 4995 No·

79 5043 155 5104 qnos
175 5026 204 5085 in
225 5020 431 5105 superioribus
453 5020 590 5081 tlnmitiis
616 5020 766 5081 trourrullis
791 5022 881 5081 exsti·
939 5020 1041 5079 bilitas
1061 5023 1118 5079 etsi
1139 5018 1210 5101 qnid
1232 5022 1364 5081 inanimis
1386 5018 1481 5099 Regis
1501 5022 1530 5081 in
1549 5042 1585 5083 se
1606 5024 1743 5087 uellem·

76 5120 152 5179 tissa
173 5116 369 5179 ostendimus.
410 5114 473 5177 Alii
494 5109 574 5195 quud
602 5111 744 5191 suffragio
768 5134 825 5173 sno
851 5115 882 5175 in
940 5111 1089 5193 plublicanr
1109 5112 1264 5173 trenetieiis
1282 5111 1415 5185 deberet,
1435 5114 1637 5193 agnoscebat:
1656 5116 1742 5179 liber·

76 5212 225 5272 electione
250 5208 365 5287 Regem
392 5206 619 5277 sublesaasent,
648 5224 715 5266 eum
744 5204 880 5285 Regnum
939 5206 1011 5265 tatis
1031 5214 1128 5265 tannen
1149 5204 1332 5285 aliarumque
1362 5208 1582 5269 rarissimarum
1609 5228 1745 5287 quarun-

1335 5307 1386 5367 12·
