3742 5626
146 204 165 255 s
761 196 811 250 ut:
833 189 1084 249 thSCOVl'l‘dR.
1103 192 1184 248 But„

149 352 228 413 Erici
250 351 309 414 lilia
339 350 450 411 herede
469 352 572 411 relicto
593 348 772 417 decesserit,
793 348 956 425 sigismun·
986 344 990 401 l
1016 342 1103 403 nibus
1124 342 1181 405 sibi
1203 346 1299 407 locum
1319 346 1422 409 deberi
1442 349 1571 411 volebat.
1596 354 1699 432 ltaque
1720 358 1823 435 princi

148 444 205 507 dus
215 446 372 525 Augustus
383 441 567 523 sigismundi
582 446 661 520 regis
671 440 706 500 F.
715 442 869 502 arcessitis
876 436 915 500 ad
922 456 958 497 sc
1016 454 1083 515 pem
1094 437 1124 495 in
1141 440 1268 499 comitiis
1284 439 1388 502 sedem
1400 442 1458 503 sibi
1477 440 1659 517 uindicabat,
1680 454 1767 529 atque
1779 450 1818 528 ip·

150 530 958 615 AlbertoFriderico,GeorgioFriderico,etloachimo
1016 546 1081 587 sum
1108 548 1226 609 quoque
1249 537 1433 595 comitiorum
1462 531 1685 598 indicendorum
1705 540 1755 621 jus
1778 536 1816 600 ad

150 623 815 713 Septemviro,hlarehionihusllrandeburgiis
823 627 956 703 agnatis:
1016 640 1050 681 se
1071 624 1220 701 pertinere
1240 624 1441 688 contendebat
1461 649 1497 688 ex
1517 648 1575 710 quo
1600 627 1737 713 deinceps
1759 631 1816 693 alia

148 723 190 784 illi
211 724 374 805 praesenti,
401 720 555 781 ethorum
583 718 689 799 legatis
716 717 837 800 publica
857 736 955 776 caere·
1015 732 1136 795 quoque
1149 725 1220 779 nata
1231 724 1279 779 est
1291 718 1414 787 offensa,
1435 718 1563 803 bellique
1576 726 1712 785 occasiot
1724 744 1816 805 quem

148 820 247 878 monia
266 812 440 876 heneficium
459 814 664 874 successionis
674 810 875 873 Borussiacae
888 828 956 869 con·
1015 803 1173 869 admodum
1192 808 1267 871 intra
1285 810 1353 872 loco
1369 830 1426 872 suo
1442 832 1544 874 sunaus
1563 812 1730 876 indicaturi.
1751 814 1818 875 Οιιι-

149 906 257 969 cedere
281 907 387 978 soluit,
420 926 459 965 ne
484 926 543 985 qua
569 908 598 965 in
626 912 779 985 posterum
804 905 957 963 eontentio
1016 902 1094 959 nium
1115 898 1243 983 denique
1263 907 1439 983 gravismmu
1450 904 1659 986 capiendorum
1677 927 1822 969 armomm

148 1008 254 1083 posset
277 1002 361 1060 oriri:
392 1016 450 1079 quo
480 1001 547 1079 ipso
583 1006 718 1078 tempore
751 994 955 1058 hloldavorum
1015 1000 1076 1052 erat
1104 1012 1209 1067 causa,
1247 1014 1335 1077 quam
1374 996 1452 1059 haud
1475 1002 1540 1059 scio
1566 1019 1604 1060 an
1643 1019 1702 1060 noo
1742 1010 1823 1063 reete

148 1096 236 1155 &am
256 1090 375 1167 (Dacos
396 1090 465 1151 olim
486 1088 604 1167 dixere)
624 1094 787 1173 principem
814 1092 844 1150 iu
866 1087 954 1149 clien·
1014 1078 1178 1163 dqutnufu
1197 1087 1290 1150 verbo
1311 1086 1503 1169 Thucydideo
1522 1096 1615 1153 simus
1635 1094 1823 1172 appellaturi,

148 1185 238 1247 telam
264 1202 350 1245 suum
369 1186 493 1265 recepit.
517 1183 601 1245 llaec
621 1193 778 1265 propterea
799 1200 956 1242 recensere
1017 1182 1097 1267 quod
1116 1182 1238 1243 militiae
1248 1180 1390 1262 Magister
1399 1186 1595 1266 intercepisse
1608 1203 1643 1245 se
1660 1184 1822 1249 Guilhelmi

147 1276 292 1341 hocloco
312 1276 474 1345 voluimus,
502 1275 582 1358 quod
601 1276 719 1338 dlherti
739 1279 848 1337 mentio
874 1270 954 1333 dein·
1014 1277 1244 1357 archiepiscopi
1264 1274 1440 1357 seriptmd
1453 1276 1606 1337 Albanum
1626 1274 1747 1341 fratrem
1759 1278 1820 1339 ΒΟ.

148 1392 220 1453 ceps
240 1380 386 1431 occurret.
407 1367 544 1431 Nuncad
558 1368 754 1430 Guilhelmum
775 1374 956 1427 revertamur
1015 1369 1258 1433 russiaellucem
1278 1369 1393 1431 litteras
1413 1366 1533 1441 diceret,
1552 1368 1658 1450 quibus
1675 1371 1818 1433 eumhor·

148 1464 221 1527 Erat
235 1468 262 1525 is
281 1464 496 1545 provectajam
508 1461 665 1524 admodum
687 1470 793 1531 aetate,
815 1482 852 1521 uc
868 1480 954 1541 prop·
1015 1472 1135 1536 taretin,
1150 1460 1337 1545 peditumilla
1349 1463 1666 1545 tooooqmnprimun
1677 1467 1818 1525 mitteret:

147 1572 229 1619 terea
258 1556 481 1637 gubernationis
507 1574 583 1615 onus
611 1574 681 1615 esse
700 1554 757 1615 soli
778 1554 836 1616 sibi
864 1574 955 1632 grave
1015 1554 1200 1619 commodius
1224 1556 1268 1615 rei
1293 1552 1443 1633 gerendae
1469 1554 1564 1615 ollerri
1591 1554 1700 1615 nullum
1720 1576 1822 1639 posse,

146 1652 360 1729 molestumque
385 1646 504 1719 dicens,
544 1644 583 1707 de
610 1644 821 1709 constituendo
855 1664 956 1706 suces-
1016 1670 1103 1733 quam
1124 1651 1183 1710 hac
1201 1651 1308 1730 ipsum,
1329 1668 1388 1730 qao
1409 1648 1563 1727 collegium
1583 1654 1721 1727 equestre
1733 1645 1823 1709 disci-

146 1762 215 1803 sore
234 1762 301 1803 cum
317 1740 536 1801 Canonicorum
556 1760 677 1801 suorum
698 1741 824 1819 collegio
845 1738 954 1800 delibe-
1015 1742 1073 1805 diis
1094 1745 1228 1806 maximis
1254 1740 1410 1803 laboraret.
1440 1740 1568 1820 Negavit
1591 1760 1709 1821 semper
1741 1740 1822 1803 dein·

143 1834 237 1906 rabat,
259 1836 307 1915 qui
327 1836 416 1896 etiam
435 1837 534 1893 vinum
552 1842 637 1915 parte
653 1835 751 1915 aliqua
761 1838 955 1913 negotiorum.
1016 1858 1089 1919 ceps
1110 1833 1295 1895 Guilhelmus
1316 1832 1579 1916 Archiepiseopus,
1598 1832 1658 1893 tale
1679 1830 1818 1913 quiddam

143 1927 322 1990 sublevaret.
363 1925 471 1987 Solent
497 1930 526 1986 in
552 1926 688 2005 collegiis
714 1928 772 1987 hoc
805 1928 955 1989 hominum
1015 1930 1054 1993 ah
1073 1950 1108 1990 se
1127 1928 1223 1989 luisse
1242 1929 1404 2008 scriptum:
1426 1924 1699 2005 negavitdlhertus
1712 1924 1823 1987 Berus-

143 2040 238 2101 genum
264 2016 466 2099 Coadjutores
495 2018 654 2101 appellare.
690 2020 785 2081 Simul
812 2040 897 2083 snam
924 2028 958 2081 ul
1015 2027 1081 2085 siae
1108 2022 1190 2093 Dux,
1218 2018 1378 2081 Guilhelmi
1406 2018 1514 2080 irater:
1535 2021 1655 2097 negarit
1678 2016 1824 2081 Poloniae

142 2124 270 2177 mentem
290 2134 328 2175 ac
347 2112 653 2193 consiliumaperiret‚
677 2117 869 2175 neminemne
886 2112 957 2174 huic
1015 2136 1074 2177 rex.
1096 2112 1254 2195 quidquam
1274 2115 1352 2173 inter
1372 2112 1640 2193 Archiepiscopum
1648 2132 1703 2173 -ae
1721 2132 1756 2173 se
1775 2134 1823 2175 ac-

143 2209 348 2269 muneriscire
366 2204 560 2287 profitebatur
579 2208 723 2287 aptiorem
741 2206 956 2289 christophoro
1015 2218 1077 2271 tum
1099 2208 1175 2269 clam
1196 2204 1234 2268 de
1261 2208 1457 2288 oppressione
1484 2204 1544 2265 illis
1569 2202 1686 2282 collegii
1711 2204 1823 2267 luisses

144 2298 259 2361 alteru
285 2296 482 2379 hlegalburgii
517 2298 611 2357 [luscis
648 2298 684 2357 F.
719 2304 805 2360 cuins
838 2298 956 2361 indoles
1018 2322 1118 2363 rerum
1135 2300 1283 2379 Magister
1307 2298 1428 2359 militiae
1449 2304 1621 2359 constanter
1639 2294 1822 2363 adfirmabat.

142 2412 280 2473 magnum
299 2388 413 2473 aliquid
434 2386 473 2449 de
493 2394 560 2473 ipso
583 2392 774 2471 policeretur.
797 2392 955 2453 llocinsti·
1015 2414 1051 2457 se
1070 2392 1225 2475 productis
1247 2392 1354 2453 litteris
1379 2388 1560 2471 (siquidem
1580 2410 1630 2451 res
1657 2392 1698 2453 ita
1717 2412 1822 2473 posce-

143 2496 253 2555 tutum,
280 2492 311 2545 et
331 2484 407 2547 haec
426 2485 522 2545 oratio
544 2482 706 2545 Guilhelmi
728 2486 956 2566 Archiepiscopi
1015 2489 1075 2562 ret)
1095 2488 1152 2548 hoc
1162 2484 1428 2567 comprobaturum.
1453 2480 1611 2565 Quumque
1624 2482 1738 2564 collegii
1757 2484 1820 2545 hla-

144 2576 402 2661 permolestaerat
417 2574 565 2655 lllagistro
578 2576 688 2640 militae
704 2578 955 2639 GuilhelmoFttr-
1015 2578 1181 2641 reschallus
1211 2576 1391 2653 (secundum
1415 2577 1443 2637 is
1469 2576 1651 2657 ahlagistro
1670 2574 1822 2657 dignitatis

143 2668 339 2749 stembergio,
365 2680 437 2733 nato
460 2674 590 2753 equestri
618 2669 699 2753 apud
725 2670 886 2733 Bestvalos
907 2691 956 2751 ge·
1015 2693 1052 2735 ac
1072 2674 1228 2754 potentiae
1249 2668 1372 2750 gradum
1399 2667 1567 2745 obtinebat)
1585 2688 1658 2730 auos
1677 2680 1818 2740 moneret,

142 2784 227 2831 nere,
250 2768 299 2847 qui
321 2784 380 2825 non
402 2766 443 2825 ita
463 2762 577 2846 pridem
599 2764 731 2827 llenrico
752 2765 875 2827 (lulensi
896 2768 956 2826 vita
985 2786 989 2913 q
1015 2786 1053 2826 ne
1074 2773 1185 2825 temere
1195 2763 1274 2825 bello
1289 2762 1553 2843 Archiepiscopum
1564 2758 1735 2822 obruerent:
1749 2782 1817 2823 con·

144 2856 286 2919 delststcto
307 2860 336 2917 in
358 2856 416 2917 hoe
436 2860 610 2935 magistratu
631 2870 831 2919 antecesserat.
859 2858 956 2919 'lolius
1017 2858 1146 2920 clamare
1171 2860 1319 2928 universi,
1348 2854 1495 2917 occultam
1514 2858 1589 2916 inter
1612 2853 1820 2935 Archiepisco·

145 2954 233 3010 etiam
255 2946 329 3007 ordo
351 2950 499 3030 equestris
521 2950 638 3027 collegii
650 2960 821 3031 suspectum
835 2952 956 3012 Archia·
1016 2970 1085 3033 pum
1115 2958 1146 3010 et
1175 2948 1405 3011 Mareschallum
1432 2950 1677 3031 conspirationem
1702 2946 1820 3019 laetam,

144 3044 261 3123 precepi
295 3040 452 3099 cornellium
485 3038 625 3101 habebnt.
655 3042 843 3104 Verebantur
869 3048 955 3113 enim,
1017 3054 1047 3106 et
1066 3046 1281 3105 communicata
1306 3040 1448 3103 consilia:
1475 3041 1547 3102 nihil
1572 3060 1642 3103 esse
1670 3042 1819 3123 reliquum,

146 3144 176 3193 ut
196 3132 320 3211 ajebant
341 3136 414 3211 ipsi,
443 3150 480 3190 ne
501 3129 602 3193 itidem
624 3142 657 3193 ut
682 3138 711 3194 in
731 3134 877 3195 chrssia
897 3135 956 3197 iac·
985 3170 989 3205 ι
1017 3140 1073 3197 nisi
1093 3146 1126 3198 ut
1145 3138 1234 3196 armis
1255 3154 1453 3215 oppressores
1474 3132 1607 3195 liberatis
1627 3132 1763 3216 publicae
1773 3154 1822 3195 co·

146 3238 205 3285 tum
232 3224 327 3285 luisse
347 3220 493 3289 diximus,
520 3222 632 3285 abolito
663 3230 793 3306 equitum
820 3227 956 3303 collegio,
1017 3236 1182 3289 erceantur.
1206 3228 1347 3289 Accessit
1367 3235 1398 3288 et
1409 3227 1473 3289 hoc.
1495 3224 1574 3306 quod
1585 3227 1820 3309 Arcbiepiscopo

147 3314 184 3375 sd
213 3318 300 3375 arreins
321 3314 450 3393 alicujus
471 3314 577 3375 illustri
607 3317 717 3379 lamilia
743 3320 803 3379 nati
826 3316 955 3380 domina·
1020 3320 1238 3382 hlareschallus
1251 3323 1426 3401 promisisse
1445 3318 1603 3393 ferebatur,
1623 3340 1658 3381 se
1678 3319 1821 3401 quasdam

146 3418 206 3465 tum
228 3406 294 3465 heic
314 3424 431 3485 quoquc
454 3426 550 3467 remum
569 3428 683 3469 summa
700 3414 875 3490 perueniret.
898 3412 955 3472 dc·
1016 3432 1102 3474 arces
1130 3422 1293 3494 occupatas
1320 3416 1346 3473 ei
1371 3412 1555 3475 traditurum.
1584 3412 1625 3474 Et
1649 3411 1820 3495 perhibetur

148 3494 273 3557 cedebat
295 3508 323 3555 et
344 3498 402 3559 alia
424 3518 525 3560 causa.
565 3498 643 3561 Nam
665 3504 732 3580 quia
753 3504 956 3583 superioribus
1016 3526 1091 3567 sane
1111 3504 1254 3567 adunam
1278 3515 1367 3586 atque
1387 3506 1620 3568 alteramarcem
1639 3508 1819 3576 accessisse,

149 3594 235 3651 stertis
261 3592 343 3649 cives
364 3588 515 3667 Rigenscs
542 3610 600 3653 tina
628 3614 694 3653 enm
721 3591 855 3657 doctrina
882 3600 955 3657 ritus
1015 3606 1104 3679 utque.
1125 3595 1337 3669 admitteretur,
1358 3600 1545 3679 postulasse:
1567 3597 1733 3681 quodnam
1755 3599 1811 3659 hoe

148 3686 235 3743 etiam
257 3680 413 3742 Romanae
439 3680 590 3760 religionis
611 3684 816 3757 aboleverant,
846 3698 876 3749 et
896 3710 954 3749 om·
1015 3711 1052 3752 an
1075 3691 1133 3751 alio
1161 3691 1296 3761 consilio,
1328 3696 1374 3752 sui
1396 3692 1526 3755 sortasse
1555 3690 1734 3754 defendendi
1771 3692 1819 3756 ad·

148 3772 236 3835 nlhus
263 3776 292 3833 in
319 3772 439 3854 templis
466 3776 693 3838 concionatores
713 3798 786 3839 suos
806 3780 954 3861 praeleee-
1015 3804 1120 3845 versus
1147 3788 1206 3844 uim
1225 3784 1354 3847 subitam
1376 3807 1468 3848 carisa
1494 3786 1610 3847 lecerit.
1632 3785 1719 3847 nohis
1740 3786 1818 3850 haud

149 3876 231 3927 rant:
257 3864 503 3947 archiepiscopus
523 3864 594 3927 illud
615 3868 653 3929 ad
675 3870 863 3933 adolationem
883 3894 956 3935 suae
1014 3876 1122 3957 liquet:
1141 3880 1284 3957 scriptum
1308 3878 1428 3959 quidem
1449 3900 1507 3940 non
1529 3880 1619 3940 multo
1638 3888 1708 3961 post
1726 3880 1819 3963 publi·

149 3952 317 4035 dignitatis,
343 3960 449 4037 suique
466 3960 557 4038 juris,
584 3958 663 4041 qnod
683 3965 712 4021 in
741 3964 885 4025 eeclesias
905 3967 953 4028 ha·
1015 3970 1102 4039 cavit,
1123 3988 1237 4049 quoae
1259 3974 1350 4032 variis
1371 3976 1552 4053 argumentis
1575 3981 1689 4054 purgat.
1725 3972 1819 4035 Sinul

148 4044 242 4119 huet,
262 4044 477 4129 praejudicium
498 4048 607 4113 lactum
627 4050 788 4116 adserens:
809 4058 953 4121 acisibus
1014 4058 1054 4122 ad
1073 4061 1218 4125 poloniae
1241 4083 1276 4124 se
1297 4084 1397 4144 regem
1419 4064 1543 4135 confert,
1565 4085 1654 4146 aquo
1667 4065 1817 4148 perhuma-

148 4134 261 4219 *uld
280 4136 390 4201 multae
400 4144 519 4203 nomine
529 4144 659 4223 petebat.
683 4146 794 4211 Contra
811 4148 956 4230 lllagister
1014 4157 1090 4214 niter
1109 4175 1146 4215 ac
1167 4155 1293 4235 benigne
1313 4162 1472 4240 accipitur,
1501 4156 1659 4221 mandante
1679 4164 1758 4229 suis,
1786 4166 1817 4218 ut

98 4192 261 4337 ⁸fllltpe
286 4226 413 4340 dlcereq
427 4236 454 4293 si
474 4254 533 4295 non
554 4240 664 4319 majus,
691 4241 796 4303 saltem
816 4263 871 4327 par
896 4245 953 4306 sibi
1015 4266 1080 4307 eum
1113 4247 1151 4308 ab
1185 4250 1302 4329 injuriis
1338 4271 1585 4333 quorumcumque
1614 4249 1812 4313 defenderent.

145 4322 199 4405 ΙΙΙ
217 4340 249 4383 tn
269 4322 481 4405 rempublicam
502 4326 664 4407 Rigensem
685 4352 767 4405 esse,
790 4342 838 4416 qui
860 4346 890 4397 et
910 4358 953 4399 ar·
1014 4341 1046 4399 ln
1072 4339 1150 4402 hune
1177 4340 1294 4404 modum
1321 4343 1509 4406 inllammatis
1538 4348 1683 4426 utrimque
1700 4344 1812 4411 animis,

122 4432 214 4516 hretu
233 4416 264 4477 in
281 4412 356 4477 urhe
381 4414 520 4478 haberet:
545 4440 635 4500 quare
656 4425 769 4487 multari
797 4432 878 4489 cives
900 4430 953 4491 Ar·
1013 4452 1106 4513 seque
1132 4436 1372 4515 comparantibus
1398 4435 1436 4500 ad
1463 4435 1623 4517 gerendum
1649 4436 1732 4497 civile
1751 4432 1812 4495 hel-

147 4504 332 4611 ehlspiseopl
357 4512 446 4570 unitus
466 4509 622 4575 arbitratu.
651 4537 805 4599 numquam
832 4542 868 4581 se
889 4544 953 4603 pas·
1013 4524 1088 4584 lum:
1109 4530 1226 4589 comitia
1247 4528 1365 4609 publica
1386 4530 1505 4592 militiae
1531 4530 1677 4609 Magister
1699 4522 1814 4597 indicit.

146 4618 248 4667 turum
275 4598 477 4684 profitebatur.
524 4602 591 4667 llae
622 4606 738 4689 quidem
771 4631 880 4675 causae
904 4635 953 4697 pu·
1014 4626 1045 4678 et
1064 4616 1183 4679 ordines
1195 4640 1298 4683 omnes
1311 4621 1447 4685 Vendam
1467 4626 1625 4683 convenire
1640 4620 1735 4703 jubet.
1758 4620 1815 4681 Co-

147 4692 226 4757 blloe
245 4695 503 4789 praetexebantur,
521 4720 622 4761 vertum
634 4712 718 4763 erant
738 4714 767 4763 et
788 4702 864 4769 aliae
884 4728 952 4768 non·
1014 4714 1074 4771 lere
1095 4708 1265 4793 frequentes
1289 4718 1428 4779 universa
1449 4737 1485 4777 cx
1510 4718 1662 4795 provincia
1688 4714 1815 4793 singulo·

146 4786 260 4861 sullae,
285 4808 362 4871 quae
377 4788 554 4871 jamdudum
579 4796 694 4857 animos
720 4802 863 4881 utrimque
882 4822 953 4885 pun·
1012 4824 1075 4865 mm
1097 4802 1230 4869 ordinum
1248 4808 1384 4871 homines
1421 4808 1656 4889 Arclsiepiscopo
1682 4816 1815 4889 excepto,

147 4876 267 4957 ΡΜ»
286 4880 364 4945 ΝΜ
388 4880 646 4971 drehiepisoopus
673 4896 733 4951 tum
755 4897 885 4955 muneris
906 4916 951 4958 ec·
1013 4900 1061 4979 qui
1082 4908 1239 4981 propterea
1255 4906 1473 4965 nonvenirese
1486 4898 1714 4983 protestabatur,
1736 4898 1816 4983 quod

147 4964 308 5035 rleslssticl
329 4972 482 5057 dignitate,
502 4988 562 5044 mm
584 4982 759 5047 nobilissimi
773 4994 854 5048 ortus
870 5008 951 5069 prae·
1012 4990 1129 5053 comitia
1156 5012 1236 5055 more
1264 4998 1406 5077 majorum
1440 4990 1552 5053 indicta
1586 5013 1644 5053 non
1678 4990 1815 5061 luissent,

146 5064 258 5125 stantis
285 5062 392 5137 lrstus,
418 5074 495 5143 (erat
523 5080 600 5139 enlm
627 5076 864 5161 Brandehurgia.
897 5100 952 5145 seu
1010 5102 1131 5165 quonam
1151 5082 1373 5147 indicendorum
1391 5088 1444 5165 jus
1464 5080 1502 5147 ad
1523 5102 1558 5145 se
1575 5088 1746 5166 pertineret.
1769 5084 1815 5147 lle

239 5174 283 5217 us.
305 5168 394 5235 gente
413 5172 592 5247 prognatus)
612 5176 736 5253 primum
756 5176 785 5236 in
800 5174 890 5237 rebus
904 5194 951 5237 om
1009 5176 1066 5239 hae
1087 5182 1272 5241 coutumacia
1293 5184 1416 5259 questus
1437 5174 1476 5240 ad
1497 5196 1601 5241 omnes
1616 5178 1740 5247 militiae
1752 5182 1814 5245 hla-
