3742 5626
658 214 960 275 HODOBPOlthON
980 214 1223 273 nttrlrsltrcvrr
1735 210 1770 263 bb

102 371 231 442 lerirnus,
253 372 423 448 praesertim
445 390 511 430 enm
541 373 594 430 iter
615 373 737 431 liberum
762 376 793 429 et
812 367 907 428 omnis
934 362 938 421 l
1043 365 1147 443 ignoro
1170 386 1237 427 uuor
1257 366 1296 425 ad
1318 364 1474 425 notandum
1496 367 1533 424 sit
1553 383 1653 425 arcem
1678 362 1769 442 bujus

100 462 300 543 impedimenti
319 484 428 543 expers
448 464 536 524 buerit
555 471 676 544 prepter
688 462 782 523 Succi
799 462 906 521 absen·
966 459 1064 536 oppidi
1086 479 1215 535 nupera
1239 456 1389 518 Rulbcnis
1409 457 1504 516 irrisae
1525 456 1701 517 debellatam
1726 458 1767 512 at·

101 558 180 625 tiara,
201 556 251 633 qui
267 557 329 635 jam
350 555 468 617 cludum
490 557 568 617 illaru
580 557 656 617 viam
671 555 830 633 reliquerat
843 571 904 613 rec·
965 572 1023 630 que
1043 551 1232 628 Neugardine
1253 553 1339 611 nobis
1357 550 1535 628 degentibus
1562 554 1767 626 expugnatam,

101 655 190 726 taque
223 668 289 705 cum
318 649 510 729 expeditione
542 670 598 710 sua
629 646 769 708 Weuden
806 644 906 707 tende·
967 652 1055 705 antea
1079 645 1154 704 enim
1178 642 1255 721 ltegi
1277 645 1407 705 sueciae
1432 649 1492 702 crat
1519 642 1653 713 addicta,
1678 646 1766 716 atque

104 747 157 810 rat,
178 740 217 797 ibi
238 747 401 820 expectans
418 743 578 802 auxiliares
588 738 695 801 Peleoi
705 741 818 821 copias,
830 758 906 819 quas
964 760 982 797 a
1011 738 1088 798 ducc
1108 736 1219 817 Magno
1245 737 1362 798 Daoiae
1383 735 1477 815 Regis
1503 735 1591 797 irater
1615 733 1673 812 ipsi
1699 750 1766 791 eorr-

103 854 141 892 eo
164 832 279 892 collatis
299 834 431 893 cominus
453 834 549 913 siguis
569 835 680 895 auriam
691 833 838 893 direxisse
858 850 904 891 ac·
964 850 1064 901 cessa,
1085 850 1175 910 qnare
1206 852 1242 891 co
1268 831 1406 890 acerbius
1429 827 1586 889 obsidione
1613 846 1678 886 cara
1705 823 1765 885 rra-

105 931 233 1005 ceperat,
255 944 309 983 oec
330 925 380 985 illa
400 926 497 1004 ipsius
518 927 617 1008 opinio
643 948 678 988 eo
705 924 823 999 lelellitl,
848 922 905 984 sed
964 926 1044 985 thani
1065 944 1219 1003 quassere,
1241 923 1345 983 urebat
1369 923 1446 982 enim
1467 943 1522 981 cns
1542 921 1619 981 illam
1639 920 1697 979 sibi
1716 917 1766 977 ab·

102 1018 205 1076 eodem
232 1016 296 1087 die,
322 1038 380 1095 quo
404 1037 502 1079 arcem
528 1018 661 1081 Ruthcni
688 1018 839 1079 debellare
864 1015 903 1075 si·
964 1018 1063 1088 latam,
1084 1038 1169 1096 quam
1189 1017 1272 1097 prius
1293 1022 1456 1077 tenuerant.
1499 1006 1576 1074 ilinc
1596 1009 1763 1077 Carnullurr

99 1129 214 1187 qusque
234 1110 263 1167 io
285 1109 363 1169 illam
382 1118 555 1173 convertere
575 1119 753 1192 sagaterent,
779 1116 903 1188 uterque
964 1112 1127 1171 miliaribus
1147 1110 1241 1169 tribus
1264 1112 1301 1171 ab
1326 1107 1497 1188 Uberprolcn
1517 1111 1659 1166 remotum
1687 1106 1764 1181 post·

98 1203 249 1263 exercitus
269 1222 446 1274 convenere,
471 1207 712 1284 procinctumque
737 1201 816 1262 illice
835 1221 903 1261 een·
963 1224 999 1263 ea
1020 1202 1166 1263 Velinum.
1198 1201 1449 1263 2.DieNovcmb.
1473 1198 1669 1278 perrenirnus,
1687 1199 1764 1273 porr-

98 1302 143 1355 tra
168 1295 286 1357 bostem
311 1303 468 1356 moventes
495 1318 562 1358 cum
587 1299 722 1357 exereiln
746 1312 903 1354 numeroso
963 1316 1050 1373 quarn
1069 1298 1089 1355 o
1110 1295 1230 1355 miliaria
1252 1296 1512 1373 transegissemus.

98 1389 254 1465 pugnaturi
275 1389 390 1463 egressi
410 1394 490 1455 suot,
516 1408 554 1447 ac
574 1387 779 1449 Rutbenorum
805 1390 902 1445 castra
1039 1387 1125 1448 ilaue
1145 1387 1245 1448 urbem
1259 1407 1379 1466 qnoque
1393 1384 1506 1463 ingredi
1517 1382 1694 1445 Praesmblii
1715 1401 1763 1441 no·

98 1486 303 1559 pervaserunt,
324 1480 573 1559 caecideruotqnc
586 1478 816 1560 aliquntmillia:
837 1496 903 1538 nam
963 1481 1017 1538 stri
1045 1481 1236 1549 recusabant,
1263 1480 1318 1539 sed
1344 1482 1374 1541 iu
1400 1476 1525 1558 quadam
1550 1482 1620 1536 ante
1651 1478 1764 1555 portasi

99 1570 187 1631 lusus
208 1578 257 1633 est
279 1572 341 1632 lere
362 1580 443 1633 totns
464 1572 577 1632 illorum
597 1574 744 1633 exercitus
763 1572 903 1650 (occupa
963 1593 1031 1631 area
1053 1573 1110 1631 snb
1131 1572 1180 1632 din
1202 1570 1382 1643 divertimus,
1403 1592 1469 1631 narn
1490 1569 1627 1629 erunibus
1646 1568 1676 1627 in
1688 1564 1764 1625 loeis

99 1664 140 1724 tis
158 1666 196 1725 aa
215 1666 371 1725 temnentis
391 1686 455 1725 cnm
475 1665 573 1743 globis
594 1686 631 1727 ae
644 1665 780 1744 pulvere)
800 1662 903 1740 reliqui
962 1672 1123 1745 paupertas
1141 1686 1240 1725 corum
1262 1664 1368 1725 dornos
1378 1663 1602 1741 depascebatur.
1623 1661 1671 1738 qui
1685 1659 1763 1719 loen·

98 1777 167 1817 vero
188 1757 315 1817 infelicis
335 1760 494 1828 exercitus,
515 1778 573 1837 quo
589 1778 735 1838 queroqne
755 1758 850 1839 rapuit
861 1755 902 1815 ln·
964 1758 1059 1836 pictos
1074 1760 1137 1839 janr
1158 1757 1227 1818 olinr
1250 1759 1374 1817 inerant.

98 1869 137 1927 ga
156 1848 280 1910 districti
300 1851 349 1910 rix
362 1851 457 1913 eladis
470 1857 570 1911 tantae
580 1854 717 1912 nuncium
733 1851 903 1919 retulerunt,
1038 1851 1095 1911 llic
1120 1854 1290 1929 accepimus
1316 1849 1465 1910 ductorem
1492 1847 1627 1909 lienalici
1654 1847 1762 1907 exerei-

98 1962 221 2020 quorum
247 1943 364 2023 qnidam
385 1944 545 2005 Tarbatum
570 1946 696 2005 sauciati
724 1942 902 2025 spoliatique
962 1951 1011 2003 tus
1031 1943 1225 2006 Hannibalem
1248 1966 1305 2006 nen
1331 1942 1540 2023 postmultum
1560 1960 1624 2000 cnm
1646 1938 1764 2018 praedis

98 2055 206 2095 venere
225 2036 282 2096 bos
301 2038 328 2097 si
356 2038 502 2105 vidisses.
529 2039 576 2096 rix
601 2058 619 2097 a
650 2039 712 2099 risu
745 2057 782 2095 ne
807 2034 902 2095 dicam
963 2038 1100 2097 omnibus
1130 2037 1268 2097 chden
1295 2037 1410 2097 renatis
1440 2043 1533 2096 tetum
1564 2031 1762 2093 Rntlrenicum

99 2128 236 2207 lacrymis
257 2136 287 2189 te
306 2130 517 2190 abstinuisses.
962 2137 1084 2191 traetunr
1105 2131 1256 2191 lteraliam
1279 2151 1383 2190 sersus
1397 2129 1532 2190 illaesum
1543 2132 1762 2204 transgressum

174 2221 242 2282 Nec
258 2220 349 2304 bujus
369 2224 491 2298 periculi
511 2224 647 2281 immunis
667 2225 730 2280 erat
750 2218 901 2278 Cancella·
963 2240 1044 2291 csse,
1066 2242 1122 2282 uon
1145 2224 1291 2292 obstante,
1312 2223 1390 2302 qnod
1411 2224 1513 2283 urbarn
1533 2218 1672 2281 Velinum
1694 2217 1762 2281 Per·

99 2314 160 2371 rius
180 2313 321 2373 Andreas
341 2313 467 2385 Solkcn,
488 2315 536 2373 cui
563 2331 657 2371 rerum
677 2312 798 2371 istarum
825 2331 902 2370 sum·
963 2315 1138 2393 aeriamque
1157 2315 1292 2393 proprius
1312 2316 1484 2385 accesserit,
1505 2312 1584 2375 uude
1593 2314 1763 2395 conjectare

98 2427 145 2465 ιιι
157 2412 221 2465 erat
231 2407 400 2477 commissa,
422 2406 477 2467 sed
491 2403 902 2483 inmaousqnoquebostium
961 2407 1031 2468 lieet
1051 2410 1130 2469 rircs
1150 2409 1218 2469 illes
1237 2406 1388 2469 deiecisse
1415 2429 1483 2468 num
1508 2427 1564 2468 uec
1588 2426 1680 2483 super
1703 2404 1761 2467 bos

98 2497 263 2568 incidissel,
284 2499 341 2558 uisi
362 2496 430 2575 suga
451 2500 509 2559 sibi
529 2499 597 2557 ilico
608 2496 819 2557 consuluisset.
848 2498 901 2556 lta·
961 2501 1105 2570 irruerint,
1126 2522 1181 2562 nec
1200 2509 1343 2580 acceptae
1363 2500 1489 2579 praedae
1509 2499 1693 2561 inbiarcrint.

98 2612 156 2670 qne
176 2591 250 2669 legit
271 2612 307 2651 ac
321 2593 427 2661 cessit,
449 2597 479 2651 et
507 2592 536 2651 io
555 2610 651 2651 arcem
678 2586 902 2650 Nonucaberclr
1039 2593 1114 2653 llinr
1142 2593 1229 2654 adio
1249 2594 1392 2655 Novemb.
1420 2595 1475 2653 iter
1500 2593 1675 2653 Peruerism
1700 2612 1760 2653 rer-

98 2705 134 2743 se
154 2685 275 2765 recepit.
299 2684 436 2745 Hancob
452 2683 581 2743 bostium
601 2683 753 2747 victoriam
772 2680 831 2742 dici
853 2702 902 2741 nc·
961 2707 1015 2747 sus
1037 2688 1164 2765 ingressi
1185 2708 1289 2747 snmus
1309 2687 1398 2764 prima
1420 2690 1506 2744 nocte
1531 2686 1560 2744 io
1586 2682 1654 2744 vllla
1679 2682 1762 2763 Καρὶ

101 2777 316 2855 quit,quautns
337 2776 541 2837 ltntbenornm
566 2780 683 2838 animos
711 2776 796 2835 timer
822 2776 900 2835 inna-
961 2784 1184 2849 commorantes,
1203 2784 1361 2859 postquam
1381 2779 1400 2836 3
1420 2774 1542 2835 miliaria
1567 2776 1760 2852 transegisse·

101 2871 183 2937 serit,
202 2891 267 2929 nam
287 2890 349 2950 par,
370 2875 402 2928 ut
421 2869 527 2941 lerunt,
549 2872 579 2929 in
600 2870 710 2930 uostris
719 2869 901 2946 temporibus
963 2893 1037 2942 mus,
1059 2893 1123 2932 cum
1145 2892 1214 2932 raro
1235 2893 1252 2931 a
1272 2870 1350 2930 bello
1369 2868 1502 2929 llutbeni
1523 2869 1552 2927 in
1576 2867 1661 2929 bisce
1687 2867 1761 2929 locis

100 2980 119 3019 a
139 2960 245 3021 diebus
265 2963 356 3039 patris
377 2961 467 3043 bnjns
489 2964 677 3042 imperatoris
702 2961 751 3022 bis
777 2962 806 3020 in
826 2961 901 3021 locis
959 2965 1138 3044 aliquantum
1159 2966 1359 3044 respirassent
1378 2963 1504 3023 absente
1515 2959 1690 3031 Hannibale,
1710 2961 1760 3039 qui

100 3071 199 3131 pugna
219 3055 378 3114 cornmissa
399 3076 457 3115 non
484 3063 532 3115 cst
557 3075 648 3134 quare
675 3060 784 3114 tantem
811 3060 900 3115 terre·
961 3079 1017 3117 oon
1039 3058 1138 3119 mullis
1156 3064 1226 3117 ante
1252 3056 1359 3117 diebus
1379 3054 1533 3117 Reralianr
1558 3054 1612 3129 (ut
1636 3073 1759 3113 commc-

100 3165 162 3205 rnm
183 3146 331 3219 neminum
350 3168 465 3207 sacrum
487 3149 516 3207 in
536 3149 603 3208 istis
623 3148 684 3207 oris
704 3148 795 3207 Sueci
815 3146 899 3207 Polo·
959 3158 1099 3211 moratum
1120 3151 1183 3226 est)
1203 3149 1382 3220 ceteuderat,
1403 3153 1593 3231 properanter
1614 3166 1671 3207 uos
1690 3146 1759 3207 dec·

101 3239 188 3316 nique
199 3239 447 3311 circumtulerunt,
461 3248 493 3300 nt
506 3241 601 3301 nostri
614 3238 801 3311 praestabili,
813 3259 898 3319 quarn
959 3250 1064 3313 larunt,
1086 3265 1144 3323 quo
1156 3243 1330 3305 l'ernurirrn
1341 3242 1653 3323 priusattingeremus.
1672 3258 1760 3320 quarn

99 3332 274 3391 Perneniam
296 3352 351 3391 nos
370 3333 527 3403 ducerent,
556 3335 632 3393 inter
656 3331 899 3411 proficiscendum
959 3355 1080 3395 cursnru
1107 3336 1156 3395 ille
1182 3336 1361 3406 cellecteret,
1385 3336 1531 3413 signaque
1557 3335 1587 3395 in
1612 3334 1760 3395 civitatem

98 3426 223 3503 saepius
242 3425 339 3485 auimo
359 3424 434 3486 adeo
460 3428 521 3486 siut
547 3426 690 3505 perculsi,
716 3432 748 3485 nt
773 3445 901 3503 uesper
959 3435 1152 3500 concederet,
1170 3432 1276 3509 sicque
1295 3429 1467 3489 Pernoviam
1495 3428 1629 3488 venimus
1653 3427 1681 3487 o.
1700 3424 1760 3487 Na·

99 3521 207 3577 rectam
229 3519 301 3576 viam
322 3517 432 3578 ducere
453 3540 512 3579 uon
534 3520 600 3579 ansi
627 3517 747 3589 luerint,
773 3516 837 3579 scd'
850 3538 901 3595 per
959 3522 1054 3580 vemb.
1084 3523 1325 3598 pernoctantibus
1351 3527 1449 3582 lamen
1474 3522 1561 3581 uubis
1586 3539 1648 3579 nna
1674 3525 1760 3581 uncte

99 3608 188 3668 multa
208 3608 294 3669 deria
316 3611 381 3670 loca
400 3632 418 3669 a
440 3619 521 3672 recto
533 3632 623 3673 cursu
634 3611 815 3673 rlelleaerirrt.
835 3610 899 3670 Sed
958 3615 988 3673 in
1009 3614 1120 3673 casulis
1152 3614 1327 3690 quibusdam
1353 3614 1506 3675 vilissimis
1532 3635 1550 3671 a
1570 3611 1692 3691 Rapta
1710 3611 1749 3670 mi

99 3700 137 3759 de
157 3700 205 3765 hta
224 3701 370 3763 hactenus
390 3709 567 3765 revertamur
585 3703 623 3763 ad
644 3703 836 3783 profectionis
851 3724 900 3762 nn·
959 3707 1041 3766 liaria
1061 3704 1177 3765 dissitis
1196 3725 1273 3784 aque
1287 3704 1445 3767 Plcsceria
1464 3705 1553 3766 ‘lhnc
1564 3724 1660 3783 usque
1672 3701 1760 3763 Prae·

100 3798 180 3851 strae
202 3793 440 3872 descriptionem.
959 3797 1058 3860 stablii
1079 3798 1170 3857 nostri
1192 3818 1264 3857 sese
1284 3798 1371 3857 roobia
1389 3799 1514 3857 comites
1539 3796 1710 3872 praebuere,
1730 3802 1760 3855 at

175 3884 234 3944 Die
253 3893 410 3967 postquam
432 3908 484 3967 per
502 3888 638 3950 Mensem
665 3891 763 3951 minus
793 3887 900 3947 dicbus
959 3912 1046 3971 quarn
1068 3892 1113 3951 ris
1133 3892 1194 3971 jam
1223 3889 1351 3950 ditiones
1376 3888 1562 3949 Rutbauiers
1587 3886 1760 3949 brrooteae

98 3976 192 4035 tribus
217 3980 300 4038 inriti
326 3987 395 4041 ante
419 3982 503 4041 urbis
523 3981 642 4043 Tarbati
670 3986 770 4061 portas
796 3982 825 4040 in
849 3980 901 4041 du·
960 4006 1018 4064 que
1038 3984 1218 4062 transgressi
1239 3984 1403 4051 ineramus,
1429 4000 1583 4058 mareque,
1610 3978 1689 4058 qnod
1716 4000 1759 4041 re·

99 4068 195 4126 nibus
213 4071 336 4132 sorditis
355 4073 575 4144 delitueramns,
596 4074 703 4151 legatis
721 4093 792 4133 rere
809 4075 901 4151 lnrpe·
960 4075 1198 4139 transmeandum
1233 4082 1331 4145 esset,
1360 4076 1551 4153 attigeramus
1577 4092 1636 4133 nen
1662 4077 1759 4133 tanen

100 4160 207 4219 rateris
228 4163 256 4220 io
278 4165 394 4227 civitate
416 4169 676 4235 commorantibus,
697 4166 747 4239 (ad
768 4186 900 4244 quaarse
961 4176 1093 4250 poterant
1112 4190 1148 4231 se
1168 4170 1328 4239 continere,
1350 4169 1420 4246 quin
1440 4164 1759 4246 moreselltalrieqno·

99 4253 287 4313 contuleruut
305 4276 370 4317 cum
389 4258 505 4323 bostem
528 4262 556 4320 io
586 4262 681 4320 vicine
702 4280 774 4319 esse
795 4280 902 4335 cogno·
960 4283 1017 4342 qne
1038 4265 1123 4324 nobis
1143 4262 1296 4322 otrstncnlo
1317 4267 1421 4323 essent
1442 4279 1556 4337 nosque
1575 4258 1750 4337 odra-pro

101 4345 224 4413 iissent,
246 4366 301 4406 nec
322 4369 380 4411 noa
400 4356 591 4431 paganicum
617 4353 708 4413 rcbns
727 4354 793 4411 suis
813 4353 902 4411 omni·
961 4359 1172 4416 roeatentinam
1194 4376 1259 4416 cnm
1279 4376 1316 4415 eo
1334 4360 1451 4415 rentum
1473 4358 1522 4414 est
1540 4349 1577 4410 ad
1597 4350 1691 4413 aedes
1711 4372 1759 4412 cu·

99 4439 157 4495 bns
176 4439 214 4497 ad
235 4440 364 4501 civitatis
383 4445 531 4525 praesidia
555 4445 766 4524 confugerent)
787 4444 902 4525 prolue-
961 4448 1076 4527 jusdam
1088 4449 1216 4527 hospitis
1226 4449 1365 4510 Germani
1378 4454 1448 4510 ante
1462 4445 1544 4507 urbis
1554 4448 1654 4521 portas
1665 4443 1760 4522 (qued

99 4531 208 4591 tionem
230 4535 408 4612 paravimus,
428 4540 528 4615 partim
548 4544 637 4609 ructu,
662 4560 749 4618 quana
775 4537 813 4598 de
833 4537 902 4599 hos·
959 4562 1076 4620 semper
1097 4543 1158 4603 licri
1180 4542 1314 4618 solebat)
1334 4562 1391 4621 ege
1411 4539 1515 4601 diverti
1535 4535 1760 4597 existimansab

99 4623 168 4681 tium
189 4624 318 4685 adventu
339 4637 543 4708 susceperant,
562 4632 663 4709 partim
685 4635 769 4692 eliam
785 4638 903 4710 propter
960 4637 1026 4716 ipso
1047 4656 1093 4694 me
1113 4634 1152 4696 ud
1172 4636 1250 4696 ritae
1261 4635 1507 4696 sustentationem
1519 4629 1690 4691 necessaria
1711 4627 1761 4689 ba·

99 4716 255 4775 instantem
284 4719 435 4800 lryerrrrm,
461 4744 547 4801 quam
572 4731 787 4801 conspexerunt
815 4726 903 4785 nobis
961 4730 1095 4795 bitnnrm,
1115 4748 1182 4787 curu
1201 4726 1298 4787 triduo
1313 4729 1375 4807 jam
1396 4727 1550 4787 latrantem
1574 4720 1760 4783 stomachum

101 4828 173 4867 esse
204 4814 363 4887 proximam
396 4838 493 4895 euque
521 4816 570 4877 die
601 4818 750 4877 dimidium
782 4817 901 4877 miliaris
962 4824 1008 4881 ria
1030 4821 1206 4897 placassem,
1225 4819 1280 4879 sed
1302 4821 1361 4879 neti
1382 4820 1480 4880 minus
1499 4816 1673 4877 lestussum
1684 4834 1761 4877 enar·

101 4900 222 4975 protecti
244 4926 351 4968 sununs
376 4910 414 4968 arl
441 4910 538 4969 villam
564 4909 711 4986 quandam
738 4898 900 4969 srael-ona
961 4932 1031 4992 pos:
1053 4912 1238 4973 sustulerunt
1257 4913 1284 4971 si
1304 4910 1422 4992 quidem
1444 4911 1552 4989 ipsum,
1571 4927 1638 4967 ιιιιι
1657 4926 1761 4969 uxore·

100 4995 286 5069 nominatam,
312 5001 382 5061 iorle
401 5000 583 5076 Ellimtsedr
609 5000 717 5059 istlrine
742 5001 901 5062 timiliaria
960 5024 1019 5083 que
1038 5004 1069 5063 in
1088 5006 1234 5065 civitatem
1255 5004 1402 5065 duxerunt
1423 5024 1483 5063 nen
1502 5000 1704 5061 concedentes
1730 5008 1762 5063 at

100 5085 129 5143 ³.
157 5085 205 5143 dio
231 5090 400 5171 chrpolrrr
428 5095 583 5155 venientes
612 5092 771 5155 truillaris
806 5094 902 5155 absol·
961 5094 1055 5156 aedes
1074 5116 1158 5165 suaa,
1185 5116 1273 5175 qnam
1307 5097 1357 5157 din
1389 5098 1428 5156 ibi
1462 5095 1580 5162 luimus,
1610 5092 1761 5161 reviseret,

101 5178 207 5238 rinnrs.
963 5208 1054 5269 quare
1073 5188 1210 5249 domibus
1229 5190 1289 5248 illis
1309 5192 1412 5250 vacuis
1427 5188 1623 5269 spoliatisque
1633 5186 1761 5245 conteuti

1562 5289 1586 5342 d
