3742 5626
770 206 929 267 aome
950 207 1055 265 llllll'l.
1741 203 1759 255 b

93 378 221 461 rebqaee
241 396 274 437 re
292 371 451 455 deeperata
475 373 574 432 aoetie
592 372 759 431 interventu
778 364 897 426 Pleeeo
957 382 1060 423 norum
1079 362 1306 447 bloeeoruarque
1329 361 1438 424 tinibue
1466 359 1506 424 ad
1524 363 1618 442 ripa·
1635 359 1757 441 norme

93 468 460 549 riainlugaeerecipiuat.
483 454 899 525 incredibilemeauecladen
957 456 1043 518 banie
1066 457 1169 537 (quem
1189 458 1328 520 Brienam
1354 453 1442 517 bodie
1466 452 1585 530 dicunt)
1608 450 1758 535 oppidum,

93 572 273 645 acceperant
293 563 380 641 crrjue
398 566 484 621 mant
502 563 675 637 argumenta
701 556 797 634 campi
818 553 897 614 latie-
957 548 1034 631 qnod
1059 550 1264 612 Smolerrecum
1280 558 1399 612 uocant.
1431 551 1458 610 lt
1474 546 1606 611 Basilina
1624 566 1696 608 eeec
1711 549 1758 608 eui

93 659 286 738 einripaeeiru
300 650 494 716 cadaveribue
506 652 654 732 cooperti;
670 666 767 731 neque
779 644 897 716 desunt,
953 647 1031 725 jurie
1053 650 1084 704 et
1101 646 1216 725 imperii
1235 642 1443 714 contendebat,
1463 641 1570 704 Poloni
1589 659 1683 718 regno
1701 658 1758 702 auo

95 754 146 831 qui
165 747 285 812 tradem
304 768 339 810 ex
354 747 488 810 Tartar-ie
510 754 601 825 atque
614 742 730 804 Moeeie
749 741 897 803 hominurn
956 735 1157 799 nudabant
1191 738 1294 816 ltaque
1309 735 1441 799 Baeilioe
1461 755 1540 797 auno
1556 735 1631 794 151³
1645 736 1759 797 ooaetie

96 843 136 905 ad
163 845 310 923 octoginta
335 840 426 905 taillia
457 841 598 921 periieee,
626 834 664 897 de
688 834 898 913 Pletemburgii
956 830 1062 912 amplis
1096 850 1217 892 euorum
1256 831 1353 911 eopiie
1384 828 1592 891 Smolenecum
1630 825 1758 899 obeidet,

98 936 237 999 militibue
255 936 425 996 vulnerator
446 928 564 1014 quidem
583 929 678 992 luisse
700 932 785 1011 jactu
808 928 898 1007 aegit·
957 924 1153 1006 omnibueque
1171 923 1284 985 viribue
1299 930 1460 1005 oppugnat,
1477 919 1536 984 eed
1547 920 1672 994 luteum
1691 940 1759 985 nan

98 1039 189 1092 tantm
209 1028 359 1111 plnimoe,
379 1024 438 1089 eed
456 1044 547 1087 noum
566 1033 678 1087 tantm
696 1026 899 1091 interemtum
956 1037 1046 1100 quum
1064 1017 1138 1080 nihil
1157 1015 1276 1079 eiicere
1287 1036 1325 1079 ee
1342 1012 1464 1088 videret,
1484 1022 1607 1098 prepter
1623 1018 1760 1077 virtute·

97 1120 176 1203 quod
199 1132 298 1187 tamen
324 1121 412 1183 nobie
439 1123 469 1181 in
493 1115 591 1181 medio
613 1117 813 1199 relinquente
837 1113 898 1195 pla·
957 1108 1536 1193 praeeidiariorurn,atqueetiamvenire
1548 1106 1760 1171 bitbuauorun

95 1214 398 1295 eetllerberetejnue
416 1211 549 1291 eiguileri
562 1208 719 1292 eujuadam
733 1204 900 1289 proditione
958 1200 1075 1265 audiret
1099 1208 1175 1267 aetia
1200 1203 1328 1269 validam
1356 1223 1490 1271 ramum,
1519 1222 1595 1285 quae
1623 1200 1760 1263 obeeeeie

96 1329 204 1371 cauce
224 1331 243 1372 a
260 1307 378 1369 bloecie
402 1303 442 1367 ad
461 1303 519 1363 ddi)
537 1302 655 1384 pedites
680 1301 776 1363 iuieee
801 1298 901 1371 refert,
961 1314 1047 1378 opem
1065 1296 1171 1359 ierrotr
1195 1301 1225 1359 in
1244 1296 1325 1360 aliud
1344 1307 1462 1379 tempue
1481 1317 1544 1359 rem
1568 1293 1760 1358 manda

98 1410 214 1463 ceterae
232 1399 397 1463 ineolumee
416 1401 561 1459 evasisse.
601 1394 670 1456 lloc
685 1391 804 1476 quidem
821 1400 901 1455 certe
959 1408 1053 1461 rarus,
1073 1389 1258 1452 obeidionem
1277 1392 1375 1464 eoluit,
1395 1393 1558 1474 copiaeque
1576 1409 1692 1452 euurnra
1711 1409 1759 1451 ee·

100 1503 236 1565 coortat,
263 1492 380 1553 felicem
398 1490 478 1551 bunc
496 1487 601 1551 ducena
621 1490 727 1568 exiguo
748 1504 815 1547 eum
833 1503 900 1547 euo-
960 1481 1075 1545 lenitate
1094 1480 1212 1543 domum
1231 1483 1355 1545 reducit
1394 1489 1484 1546 Anno
1507 1486 1644 1567 coquenti
1663 1501 1759 1544 rente·

99 1606 163 1648 rum
195 1583 304 1648 darurm
337 1582 436 1645 nultie
462 1581 590 1644 mittitur
619 1584 720 1645 caeeis
745 1582 901 1641 mammam
960 1578 1039 1648 titur,
1054 1579 1241 1657 eteomuptie
1257 1596 1311 1657 per
1319 1576 1503 1656 largitionem
1515 1578 1758 1648 illorumauimie,

99 1680 178 1740 boeti
200 1676 404 1740 detrimentum
420 1675 567 1738 attulieee.
594 1673 677 1737 satis
693 1674 750 1735 boc
767 1672 815 1733 vel
831 1668 901 1733 inde
959 1668 1066 1751 quibua
1085 1666 1187 1730 urendi
1208 1668 1376 1731 Smoleneci
1399 1688 1471 1732 cura
1493 1668 1631 1733 mandata
1653 1670 1757 1739 lueret,

99 1772 197 1849 colligi
218 1779 350 1853 poterat,
370 1766 451 1852 quod
469 1789 506 1831 ea
524 1766 679 1850 planicies,
700 1770 730 1827 in
750 1787 808 1848 qua
829 1784 899 1847 pug-
959 1759 1070 1845 oppido
1088 1759 1257 1845 proditione
1276 1766 1396 1845 potitur.
1435 1762 1483 1823 Eo
1507 1783 1567 1825 non
1593 1771 1759 1837 contentu,

98 1874 199 1926 natum
217 1863 327 1935 iuoeat,
353 1872 384 1924 et
407 1882 483 1943 quae
507 1881 599 1944 eupra
621 1863 778 1939 sexaginta
801 1855 900 1921 etadia
959 1858 1104 1939 tripartito
1122 1859 1239 1936 agmine
1254 1855 1394 1918 finitimos
1409 1876 1500 1936 agree
1519 1856 1580 1919 late
1595 1856 1760 1939 populatur,

99 1958 187 2037 longe
211 1957 272 2019 late
295 1976 354 2037 que
377 1954 514 2037 patebat,
545 1952 675 2037 undique
703 1950 900 2015 cadaveribm
959 1956 991 2011 et
1014 1949 1202 2013 laitlruaniara
1221 1947 1343 2012 invadit
1383 1949 1544 2013 llabebant
1567 1948 1600 2012 id
1618 1956 1759 2036 κουραὶ

100 2060 251 2114 conetruta
275 2048 460 2112 cernebatur.
501 2044 629 2109 Accedit
653 2056 686 2109 et
707 2041 795 2114 illud,
821 2042 901 2126 qnod
959 2041 1067 2107 Poloui
1086 2063 1186 2123 regem
1197 2042 1428 2124 Sigiemuuduur,
1448 2045 1587 2108 Caeirnlri
1604 2044 1642 2107 F.
1655 2050 1759 2130 etqui·

100 2166 167 2207 mox
186 2147 252 2207 euie
271 2142 440 2205 bominibue
463 2141 503 2206 ad
525 2138 775 2218 Pletemburgiunr
800 2141 901 2201 urieeie
960 2133 1029 2198 dena
1046 2144 1119 2198 netu
1137 2140 1300 2209 minimum,
1326 2141 1376 2220 qui
1400 2138 1543 2203 iratribue
1566 2142 1633 2202 euie
1655 2138 1760 2203 ordine

101 2238 139 2301 de
154 2258 230 2321 pace
241 2237 366 2299 mam
384 2235 510 2315 agebat:
530 2232 561 2296 id
578 2231 658 2316 quod
675 2234 794 2293 minime
810 2229 901 2293 lactu
961 2249 1082 2309 regnum
1101 2227 1229 2311 adeptio,
1251 2239 1281 2292 et
1291 2240 1416 2314 exceptu
1431 2232 1500 2295 eolo
1513 2230 1759 2297 Vladielaoboe·

100 2352 152 2394 rne
181 2330 292 2401 luerat,
322 2332 381 2392 niei
407 2327 523 2392 cladem
547 2331 697 2408 ingentem
721 2327 900 2406 accepieeet.
960 2342 1071 2384 morum
1090 2323 1353 2408 Huugarorumque
1373 2346 1458 2406 rege,
1484 2329 1545 2390 vite
1564 2325 1674 2389 funetie
1692 2346 1759 2392 eae·

100 2425 166 2487 Nec
183 2424 304 2487 militiae
321 2422 467 2502 blag'nter
485 2424 631 2485 actionem
651 2417 692 2480 de
705 2436 781 2500 pace
796 2420 902 2498 rejicit,
960 2426 1104 2479 ceeeerat.
1147 2420 1178 2479 le
1207 2438 1265 2501 quo
1296 2428 1409 2482 mamre
1439 2420 1519 2482 boeti
1549 2429 1759 2493 occurreretur,

103 2522 152 2599 qui
170 2516 287 2579 videret
303 2536 369 2578 eam
388 2535 467 2577 nunc
485 2512 712 2578 emdieionibm
731 2530 805 2575 earne
826 2532 902 2574 com·
961 2510 1159 2574 Conetautino
1187 2513 1253 2594 (qui
1280 2534 1339 2575 non
1364 2515 1454 2575 multo
1480 2522 1550 2577 ante
1575 2512 1759 2581 diruieeue

102 2608 208 2683 nodie,
223 2620 255 2672 et
264 2630 527 2693 prorsueereaua
542 2610 682 2671 eomtitui
695 2625 789 2688 poeee
823 2604 901 2679 Qn-
960 2604 1075 2668 Baeilio
1097 2605 1206 2681 iuerat)
1226 2604 1348 2669 mandat
1366 2609 1409 2668 uti
1426 2610 1530 2689 copiae
1547 2611 1626 2672 eat'n
1642 2610 1759 2692 amplae

101 2714 221 2787 propter
247 2702 383 2766 conlecta
408 2723 465 2784 pur
489 2706 520 2763 iu
539 2721 635 2764 auuoe
655 2709 737 2762 totoe
763 2704 901 2781 quinqua·
961 2699 1140 2771 conscribat,
1161 2707 1192 2759 et
1208 2698 1326 2761 obviarn
1347 2699 1484 2761 boetibue
1504 2710 1561 2773 eat,
1581 2721 1620 2763 ne
1635 2701 1758 2765 dorin

101 2802 198 2876 gintm
224 2806 255 2858 et
274 2799 514 2858 commerciorum
540 2797 637 2873 gentio
659 2797 813 2873 utriusque
834 2796 902 2874 jura
963 2789 1198 2874 progrediantrn.
1219 2790 1758 2878 Exietimabatnerainemreotimop·

102 2900 202 2951 vetera
218 2897 368 2951 renovata.
400 2887 595 2967 Praecipuum
612 2890 642 2946 in
656 2886 713 2946 boc
724 2886 838 2967 praelio
855 2905 902 2948 ca·
961 2888 1032 2966 poni
1052 2884 1167 2947 Beeilio
1191 2905 1298 2969 poeee,
1325 2905 1413 2968 quarn
1430 2906 1513 2961 eum,
1539 2889 1588 2970 qui
1611 2896 1644 2950 et
1660 2892 1758 2970 magni

102 2981 320 3063 tapbractoruar
340 2983 469 3062 equitum
488 2982 623 3040 virbrtern
643 2981 797 3050 enitrrieee,
817 2978 902 3059 pluri·
961 2982 1089 3041 neminie
1115 2976 1175 3040 dux
1193 2989 1290 3052 earet,
1316 2988 1348 3041 et
1366 2989 1508 3064 acceptae
1533 2980 1688 3046 eBaeilio
1709 3002 1758 3046 eu·

101 3095 237 3157 mumque
256 3076 394 3135 nomenti
415 3072 456 3136 ad
476 3069 666 3134 obtinendem
688 3073 842 3134 vietoriam
861 3080 902 3133 at
961 3070 1127 3155 perioribue
1147 3076 1234 3136 auuie
1252 3072 1447 3137 contumeliae
1472 3077 1656 3158 injuriaeque
1674 3095 1757 3158 prae·

100 3167 219 3239 tulisse,
249 3164 389 3229 traditum
407 3174 470 3227 eetr
500 3185 577 3246 quoe
599 3163 696 3227 bloeei
722 3184 789 3227 cum
812 3162 902 3227 adrni-
960 3166 1042 3229 claro
1066 3165 1200 3230 beinora
1227 3166 1333 3230 uleieci
1359 3170 1512 3247 cogitaret
1552 3167 1685 3232 Advolat
1707 3169 1758 3232 ille

100 3264 214 3323 ratione
229 3263 355 3322 maxima
371 3258 485 3320 femor
501 3257 635 3319 bomiuee
648 3266 829 3341 nuncupant
862 3256 902 3319 lli
960 3280 1028 3323 curu
1042 3279 1228 3341 nonmagna,
1242 3258 1511 3326 eedeelectieeiu'e
1522 3263 1645 3325 mittun
1661 3284 1758 3337 mnu,

101 3357 212 3432 paeeim
228 3350 349 3414 ordinae
366 3352 494 3413 boetium
507 3350 743 3434 perrumpebant,
763 3371 801 3413 er
816 3355 902 3433 equie
960 3374 1048 3435 quum
1068 3374 1126 3436 que
1145 3358 1332 3436 pervenisset
1357 3352 1397 3419 ad
1415 3353 1646 3435 Boryetbeuen,
1671 3360 1758 3441 cuju

99 3468 154 3509 eoa
185 3444 380 3527 dejiciebant,
411 3465 476 3508 eum
500 3447 586 3526 equie
610 3447 686 3526 ipaie
717 3442 901 3518 sternebant,
959 3450 1053 3530 ripam
1081 3446 1203 3511 alteram
1231 3447 1355 3512 bloeeue
1385 3451 1494 3528 inaigui
1529 3470 1597 3513 urm
1629 3453 1758 3515 exercitu

99 3538 237 3621 dejectae
257 3546 427 3620 strataeque
453 3537 680 3620 proculcabunt3
706 3558 775 3600 nam
800 3541 902 3619 prieeo
959 3560 1066 3621 magno
1102 3562 1159 3623 que
1202 3552 1412 3605 tormentorum
1447 3563 1606 3605 aeneorum
1637 3564 1759 3606 numero

100 3654 181 3695 more
204 3636 302 3713 gentis
324 3632 421 3693 bloeci
444 3631 534 3693 nullia
559 3640 644 3693 erant
668 3629 784 3693 idoneis
809 3635 901 3694 armie
960 3630 1164 3701 curtadiebatr
1178 3633 1256 3698 vado
1272 3646 1399 3718 reperto,
1416 3646 1565 3720 ponteque
1578 3646 1759 3709 coueuucto,

100 3725 243 3787 adrerum
272 3725 361 3788 talem
385 3725 501 3787 boetem
525 3728 676 3793 inetructi,
705 3744 764 3785 non
791 3725 901 3796 loricia,
959 3746 1073 3791 summa
1086 3726 1241 3808 prudentia
1257 3737 1317 3792 tant
1330 3727 1487 3811 pedeetree
1500 3750 1589 3812 quam
1605 3738 1760 3810 equeetree

101 3818 274 3880 nanterreie
287 3819 459 3880 thoracibue
474 3821 592 3891 muniti3
609 3827 640 3881 et
654 3838 737 3881 arm
752 3828 825 3881 eunt
840 3818 901 3880 illie
959 3824 1064 3903 copiae
1088 3825 1209 3904 uajicit
1248 3823 1354 3904 Neque
1380 3840 1482 3904 perun
1515 3825 1543 3882 ei
1569 3820 1759 3885 barbarorum

100 3912 157 3973 alia
178 3912 270 3981 nulla,
291 3932 377 3992 quam
395 3915 538 3989 eagittae,
558 3911 664 3976 baatae
683 3911 779 3981 leves,
801 3919 832 3974 et
851 3932 900 3973 eo·
958 3914 1099 3996 euperbia
1124 3914 1249 3996 proluit,
1276 3920 1328 3996 qui
1357 3916 1513 3977 traueituur
1543 3914 1625 3976 nullo
1651 3925 1759 3980 conatu

101 4001 194 4083 pidee.
214 4005 271 4064 boe
286 4014 342 4073 eat,
360 4005 463 4067 leviter
478 4009 623 4070 incurvati
632 4026 669 4068 ac
678 4003 785 4067 brevee
797 4004 898 4084 gladii.
959 4007 1175 4089 impediebant:
1199 4011 1242 4068 uti
1263 4011 1312 4089 qui
1337 4028 1374 4069 ee
1394 4006 1485 4069 rebue
1511 4007 1647 4072 omnibue
1671 4010 1758 4093 longe

101 4096 180 4155 Pace
204 4116 270 4156 curn
291 4095 509 4177 Pletemburgio
529 4097 623 4168 lacta,
649 4097 773 4160 bloecue
798 4100 901 4160 miee'·
960 4101 1077 4162 boetem
1112 4120 1254 4183 euperare
1284 4110 1430 4183 putarent.
1469 4100 1608 4165 Habebat
1638 4106 1758 4169 onaiao

100 4187 249 4257 binomia,
268 4187 400 4251 Polonoe
419 4189 603 4271 aggredimr,
629 4210 752 4273 quorum
770 4211 837 4252 cum
856 4211 899 4252 re·
959 4197 991 4254 in
1016 4197 1148 4256 exercitu
1173 4193 1388 4257 Conetantinm
1406 4194 1554 4257 bominum
1578 4195 1618 4259 ad
1642 4206 1776 4281 septeno

96 4281 201 4359 gibus,
228 4282 388 4353 casimiro,
419 4284 537 4347 loauno
562 4284 701 4355 Alberto‚
727 4282 899 4347 Alexandro
960 4284 1064 4348 decem
1094 4308 1151 4369 que
1177 4286 1282 4358 millia,
1317 4293 1348 4349 in
1376 4288 1484 4372 quibua
1515 4300 1600 4354 eraut
1629 4294 1758 4375 equitu-

96 4376 197 4436 varias
226 4393 292 4434 euru
317 4376 482 4439 cinnitatea
509 4382 696 4450 exercuieee,
724 4380 782 4441 iam
811 4386 900 4441 autea
960 4377 1064 4441 decem
1084 4388 1260 4464 atquem,
1278 4380 1411 4466 pediturn
1424 4387 1480 4445 tria
1494 4384 1594 4447 millia.
1625 4382 1759 4449 Bullia

98 4470 273 4529 monuimue.
309 4469 388 4527 inter
397 4468 465 4537 alia,
483 4490 557 4549 quae
571 4482 675 4533 contra
686 4472 818 4535 Polonoe
832 4492 898 4553 gea·
960 4477 1089 4554 equiturn
1107 4494 1199 4559 eupra
1218 4472 1411 4559 quadrag'nta
1434 4477 1524 4539 millia
1544 4474 1672 4541 ducebat
1712 4472 1761 4541 Ιι

96 4564 139 4622 eit
170 4561 228 4622 boc
248 4558 476 4633 memorandum,
497 4559 577 4642 quod
596 4583 683 4645 mom
702 4574 790 4629 antea
801 4564 899 4630 ldoeei
958 4570 998 4629 iie
1016 4578 1131 4649 eepteur
1151 4570 1242 4632 millia
1259 4570 1369 4649 eeiigit,
1389 4592 1427 4633 ac
1439 4574 1633 4652 propinquare
1651 4573 1682 4633 ia
1699 4568 1768 4633 vat.

97 4654 257 4716 al’olonie
276 4658 354 4715 vinci
379 4656 548 4737 plerumque
567 4662 808 4723 coueuevieeent:
833 4664 899 4743 ipae
959 4661 1016 4723 lern
1036 4661 1128 4737 abdit,
1154 4673 1187 4725 ut
1207 4662 1305 4725 medio
1324 4665 1353 4724 in
1381 4660 1487 4725 ardore
1507 4682 1623 4745 pugnae
1643 4661 1758 4725 marn

98 4749 210 4826 primae
231 4752 308 4808 vinci
331 4751 460 4810 victoree
482 4768 573 4830 poeee
594 4748 820 4826 demonstravit,
841 4752 898 4814 Po·
958 4776 977 4817 a
997 4765 1081 4837 tergo
1099 4755 1343 4838 aggrederentur,
1370 4777 1464 4837 eaque.
1485 4758 1598 4817 ratione
1623 4775 1679 4815 nec
1698 4758 1758 4839 opi·

99 4839 253 4903 hieacie
264 4842 530 4924 juetaprodigatie.
553 4847 653 4922 lpeum
666 4848 753 4907 wem
765 4846 898 4908 l'olonici
960 4859 1078 4911 naatm
1103 4849 1302 4931 pertubarent
1344 4850 1471 4911 t'eteroe
1504 4851 1532 4906 in
1560 4849 1677 4929 agrniue
1703 4853 1758 4912 tria

98 4936 245 4995 mercium
272 4934 392 4997 ducem.
426 4956 520 4997 rerum
547 4935 716 4997 bellicarum
745 4941 901 5015 insigniter
960 4940 1161 5005 divieoeaciei
1175 4944 1365 5004 ttomnnoni
1378 4943 1510 5023 opponit.
1538 4938 1760 5006 leexe'dveree

92 5029 237 5103 peritum.
264 5029 470 5090 Constantium
492 5029 701 5093 (letroeehionr
720 5035 813 5112 cepit,
839 5036 898 5095 vin·
960 5035 1168 5115 cataphractos
1187 5033 1448 5115 equiteel’olouoe
1465 5036 1495 5097 ln
1510 5038 1577 5099 ecia
1591 5040 1685 5121 prinae
1701 5038 1758 5099 col·

97 5126 177 5179 ctare
197 5122 332 5183 ratbenie
350 5122 534 5187 bloecoviarn
554 5120 685 5195 abdirait,
705 5132 785 5185 totoe
805 5144 899 5187 anm
959 5126 1047 5195 locat.
1064 5133 1115 5211 qai
1130 5132 1259 5208 eagittae
1276 5128 1406 5191 boetium
1416 5132 1604 5213 eeetpeeut:
1618 5130 1759 5195 eblaterr

97 5220 213 5289 septem
233 5218 263 5273 in
285 5216 453 5277 carceriboe
475 5216 608 5280 detinuit.
653 5214 757 5279 iarn
780 5216 898 5281 laitlrua·
959 5217 1062 5282 dentro
1078 5242 1132 5285 aaa
1145 5220 1358 5287 bitbaanorure
1368 5224 1498 5302 equiturn
1518 5222 1609 5287 tillia
1638 5220 1761 5284 totide·
