3742 5626
144 200 200 263 ns
683 195 924 261 ustnttotrttt
943 194 1266 263 ttstusttststrttt

144 360 504 445 oquitun,'l'srtarisque,
523 360 643 441 qulsub
656 359 951 423 llaraburdseductu
1008 360 1172 435 habuisse,
1192 362 1351 443 lngaurquo
1372 363 1435 443 jan
1461 364 1743 440 circumspectosse.
1785 356 1815 417 lo

144 462 240 527 erant,
260 454 358 517 Lucis
377 472 538 532 egressus,
563 458 630 515 octo
655 455 772 515 circiter
797 456 874 515 oltra
894 453 950 515 To·
1009 458 1178 532 praesentis
1196 458 1300 533 mittit,
1325 457 1376 536 qui
1395 476 1501 533 agmen
1523 466 1690 515 uestrorum
1711 472 1816 533 specu·

145 550 296 633 sepeciem
319 546 448 609 suillibus
467 544 507 606 ιο
520 545 683 608 Nemesom
698 548 817 617 llumen,
836 568 874 608 ac
892 568 949 607 mo·
1010 546 1116 619 lentur,
1137 552 1408 629 quamprimumque
1433 548 1472 609 rle
1492 569 1529 609 eo
1548 549 1609 609 silei
1628 548 1814 609 renuncient.

147 643 309 707 nuteriun
341 638 502 719 quoddam,
537 639 694 701 adventum
730 640 862 703 Radit·ili
900 661 950 699 ex·
1008 640 1049 701 tlt
1076 662 1142 701 cum
1176 642 1216 703 ad
1243 642 1436 703 Oeonreciaur
1466 642 1591 703 alterum
1623 640 1815 721 diplomatum

146 742 286 821 spectare
305 734 481 795 instituerat.
521 730 587 794 Sub
612 732 692 795 idom
710 740 808 795 autem
832 740 951 814 tempus
1009 734 1122 809 locum,
1147 736 1176 795 in
1203 757 1262 816 quo
1288 736 1403 797 Tartari
1428 736 1656 816 pernoctabant.
1684 734 1816 813 quinquo

146 828 321 891 Mosceuiso
340 846 459 906 quoque
478 824 564 903 Dux,
590 828 642 906 qui
669 848 728 889 nou
754 827 857 909 procul
882 825 951 887 inde
1011 827 1132 888 millium
1157 848 1300 909 passuum
1326 829 1480 891 intervallo
1507 828 1735 903 accessissent,
1756 826 1814 887 dili·

146 922 294 983 Stariciae
318 924 379 980 tum
406 924 484 990 erat,
517 940 585 982 cum
617 920 656 981 οο
684 922 777 982 nostri
803 922 952 982 exercitus
1010 926 1174 1001 gentesque
1199 942 1219 983 a
1246 924 1358 983 uostris
1381 923 1527 984 excubias
1551 920 1615 999 ogi,
1639 920 1709 981 loco
1736 940 1814 1002 proc·

146 1015 278 1077 sdreotn
297 1012 427 1073 nondum
446 1016 654 1091 cognovisset,
677 1012 856 1075 ltlielracleru
875 1012 953 1074 Nos·
1010 1023 1094 1075 terea
1113 1016 1224 1075 munito
1244 1036 1300 1077 eos
1319 1014 1497 1077 consedisse
1516 1036 1555 1075 ox
1579 1014 1756 1091 agrestibus
1773 1034 1815 1076 ac·

148 1108 312 1178 decretum,
330 1116 363 1167 et
384 1104 503 1167 Petrum
525 1104 744 1169 Boratinscium
769 1128 837 1169 eum
857 1106 953 1166 tribus
1011 1110 1177 1187 cepissent,
1196 1108 1236 1169 ad
1257 1110 1337 1169 letus
1347 1128 1495 1169 conuerso
1505 1110 1610 1169 itinere
1621 1108 1817 1189 paludesque.

148 1204 265 1265 circiter
289 1199 420 1261 millibus
444 1200 567 1261 militum
594 1201 701 1263 eodem
721 1200 847 1263 consilio
866 1201 952 1261 mise·
1011 1222 1090 1282 quae
1110 1202 1149 1261 iis
1170 1202 1201 1261 io
1221 1200 1297 1261 locis
1324 1210 1424 1275 eraut,
1444 1202 1635 1279 transgressi,
1656 1222 1697 1261 ex
1720 1200 1818 1263 nota-

150 1306 205 1371 ret,
224 1300 256 1357 ut
276 1298 357 1355 metu
375 1291 508 1373 undiquc
527 1312 616 1371 quam
638 1288 768 1357 meririro
789 1294 883 1365 laeto,
902 1294 953 1373 qni
1006 1294 1148 1375 jensibus
1168 1292 1299 1355 Tartaris
1326 1314 1364 1356 ιο
1387 1294 1610 1375 pabulatoribus
1636 1296 1754 1355 nostris
1772 1295 1818 1357 oli-

149 1412 169 1453 c
188 1391 256 1451 euis
276 1388 306 1447 in
326 1385 426 1463 Regis
444 1384 533 1447 tidem
553 1398 711 1459 venerant,
737 1387 953 1466 direptionibus
1012 1392 1085 1467 quot
1107 1392 1328 1467 oppresserunt.
1371 1388 1490 1447 loterim
1517 1386 1625 1447 Daniel
1651 1386 1762 1449 ltlursa
1785 1410 1818 1449 er

148 1504 187 1547 ιο
205 1479 445 1565 populationibus
469 1488 621 1541 vexarent.
660 1479 771 1543 Eorum
791 1480 954 1562 explorato·
1012 1482 1068 1556 iis,
1101 1482 1153 1561 qui
1183 1482 1213 1541 iu
1239 1501 1361 1542 mensae
1387 1480 1549 1541 ministerio
1578 1479 1658 1561 apud
1682 1482 1819 1543 Mosco·

148 1596 201 1639 res
219 1580 330 1635 terrere
349 1580 494 1649 vagantes
508 1592 576 1633 curn
589 1574 618 1633 in
633 1572 822 1654 pabulatores
834 1582 954 1635 nostros
1013 1574 1222 1650 versabantur,
1246 1573 1286 1635 ιο
1311 1580 1431 1635 rrostros
1454 1574 1576 1635 transit:
1605 1575 1657 1653 qui
1688 1594 1757 1635 cu·
1784 1574 1821 1635 de

149 1667 344 1736 incidissent,
368 1663 428 1725 duo
448 1664 487 1725 ob
508 1664 569 1727 illis
588 1668 721 1745 excepti,
748 1688 785 1727 ιο
804 1668 833 1727 in
855 1672 954 1727 castra
1013 1688 1136 1727 numero
1156 1668 1309 1728 exercitus
1329 1666 1436 1727 eadem
1450 1665 1523 1741 lere,
1543 1685 1620 1745 quae
1630 1672 1725 1727 antea
1736 1667 1821 1737 [ιιι.

150 1762 281 1832 adducti,
300 1756 464 1821 estcrrduot
482 1759 653 1838 quindecim
664 1758 734 1821 iude
744 1760 875 1821 millibus
886 1780 955 1841 pes·
1012 1780 1049 1821 ιο
1069 1760 1249 1840 captivomm
1268 1762 1456 1823 sermonibus
1476 1765 1662 1839 acceperant,
1681 1780 1722 1821 ac
1742 1760 1820 1821 iudu-

150 1874 238 1919 suum
258 1850 298 1913 ιο
318 1850 458 1913 Salesem
478 1854 636 1913 exereitum
654 1853 821 1913 considere.
844 1852 955 1913 Contra
1012 1854 1073 1913 tius
1103 1853 1246 1933 pleraque
1279 1852 1498 1931 praedicasset,
1533 1854 1722 1933 orationique
1756 1856 1821 1937 ejus

151 1968 241 2031 quem
260 1965 328 2007 cnm
347 1942 520 2015 Rodirilus‚
546 1947 596 2027 qui
619 1948 684 2027 jam
703 1952 765 2007 tom
784 1946 957 2020 advenerat,
1014 1948 1088 2009 torrti
1108 1946 1258 2026 Principis
1278 1948 1440 2007 inveterato
1461 1948 1609 2023 potentiae
1636 1946 1716 2007 larus
1736 1947 1821 2009 facile

149 2040 326 2103 Bobdsuuur
372 2036 550 2115 Oguiscinsr
601 2041 801 2120 septingentis
841 2041 958 2099 circiter
1015 2039 1103 2099 bdcru
1124 2038 1246 2109 laceret,
1265 2040 1323 2099 etsi
1335 2040 1532 2100 memorabilis
1543 2038 1695 2115 sociareris,
1718 2041 1746 2101 si
1757 2042 1819 2101 Stu-

152 2154 261 2214 nsgns
285 2152 323 2193 cx
347 2142 432 2211 parte
457 2132 535 2192 levis
558 2138 726 2194 armaturae
750 2134 901 2213 equitibus
920 2152 957 2193 ex
1015 2134 1118 2193 riciem
1148 2133 1389 2213 processissent,
1426 2132 1560 2211 patrandi
1597 2153 1674 2215 spes
1713 2136 1822 2195 nostris

152 2227 282 2289 diversis
308 2226 413 2285 turmis
438 2226 466 2285 ci
491 2226 643 2287 attributis
661 2226 811 2297 misisset,
838 2226 957 2287 docenti
1016 2224 1245 2287 ostendebatur:
1265 2226 1302 2285 iis
1322 2232 1421 2287 tameo
1441 2227 1568 2301 viribus,
1589 2226 1699 2306 quibus
1722 2234 1820 2307 poteo·

152 2320 271 2381 circiter
301 2322 418 2397 praeter
447 2318 603 2398 imperium
634 2318 785 2401 pugnandi
816 2318 958 2379 ariditate
1015 2319 1123 2380 tissimi
1144 2318 1293 2397 Principis
1312 2320 1401 2381 vitem
1419 2338 1458 2381 sc
1476 2318 1605 2381 ιιΙιιίοιι
1615 2326 1733 2399 septum
1753 2342 1823 2381 esse

153 2432 218 2475 cun
240 2410 420 2471 stationibus
440 2410 572 2471 bostium
582 2414 748 2491 congressi,
766 2410 804 2473 ad
821 2411 959 2472 ‹livorsos
1017 2410 1097 2471 medi
1122 2410 1267 2481 debebat,
1293 2413 1411 2473 minime
1436 2432 1527 2493 quares
1552 2434 1588 2473 ιο
1607 2412 1726 2475 loturos
1752 2414 1823 2473 reti:

155 2510 274 2585 peotes,
292 2502 372 2565 circe
390 2524 468 2583 quos
487 2504 704 2585 scloppetarios
727 2504 834 2565 lrostes
861 2507 891 2565 in
917 2506 958 2563 io·
1016 2502 1134 2565 Donum
1159 2504 1289 2587 indeque
1317 2506 1454 2567 Dubnam
1474 2506 1588 2583 naguie
1611 2506 1729 2567 itineris
1749 2506 1824 2565 ‹lilli-

154 2597 245 2661 sidiis
267 2593 494 2677 disposuerant,
524 2600 662 2679 pertracti
693 2598 807 2678 aliquot
831 2618 868 2659 cx
893 2598 959 2657 suis
1016 2598 1176 2659 collatibus
1197 2598 1358 2659 conllictati
1383 2620 1420 2661 se
1445 2598 1595 2675 recipiunt.
1634 2596 1684 2671 Eg
1705 2600 1825 2665 itinere.

154 2693 335 2755 omiserunt:
353 2708 454 2751 rorum
475 2688 544 2751 aliis
561 2690 745 2763 subsecutis,
765 2710 803 2751 sc
819 2690 959 2751 Gabriele
1017 2702 1130 2751 temere
1149 2690 1189 2751 eb
1207 2692 1378 2769 agrestibus
1397 2708 1507 2753 rasore
1515 2687 1632 2763 madito,
1651 2698 1824 2751 oon-earo

155 2784 333 2849 llolubeouo
363 2782 444 2857 suis,
477 2792 511 2843 ut
541 2782 580 2843 de
612 2784 701 2863 cquis
730 2782 959 2857 descenderent,
1018 2782 1214 2865 'loropeciasr
1236 2783 1379 2855 laborare,
1399 2780 1439 2845 ed
1455 2802 1518 2843 οιιι
1537 2780 1714 2855 deflectunt,
1734 2802 1825 2843 excr-

155 2878 380 2960 scioppetisqne
401 2896 462 2937 rem
481 2882 626 2955 gererem,
648 2876 815 2953 madente,
834 2896 960 2937 sunno·
1018 2880 1168 2958 citumque
1191 2877 1220 2937 ei
1245 2874 1418 2939 admouent:
1450 2894 1548 2937 rerum
1578 2874 1686 2955 macie
1715 2872 1827 2935 diebus

153 2974 196 3037 tis
214 2992 267 3053 per
292 2968 350 3031 bos
374 2990 394 3032 e
419 2976 511 3051 pente
530 2970 684 3042 hostibus,
711 2972 804 3033 nostri
831 2970 960 3031 bostium
1018 2982 1099 3053 post,
1120 2990 1186 3031 cum
1208 2969 1286 3031 salsa
1304 2968 1343 3031 do
1361 2974 1443 3031 stetu
1462 2966 1602 3049 praesidii
1619 2964 1723 3029 delate
1740 2966 1826 3028 adse

156 3068 274 3147 equites
303 3064 335 3123 ln
365 3061 467 3139 lugam
491 3062 610 3124 ellusoe
640 3063 681 3124 ιο
704 3064 872 3144 quindecies
898 3062 961 3122 lere
1020 3065 1248 3141 cognovissent,
1290 3081 1327 3123 so
1363 3070 1549 3143 receperunt.
1607 3058 1824 3140 Redirilusqoe

156 3159 251 3221 millia
270 3176 414 3235 passuum
442 3157 584 3233 insecuti,
609 3156 783 3237 aliquotas
809 3158 847 3217 iis
875 3174 960 3235 cepe·
1021 3156 1174 3218 Clrelmom
1194 3160 1290 3225 recto,
1316 3154 1387 3215 inde
1411 3156 1543 3237 priscam
1567 3152 1699 3213 Russe-
1718 3172 1820 3213 cereus

156 3256 233 3315 runt
270 3248 429 3311 Rodivilus
448 3269 515 3311 coar
535 3251 728 3329 cognovisset
750 3250 790 3311 ad
808 3248 959 3309 Reserate
1020 3248 1182 3311 contendit.
1223 3248 1379 3311 Collocata
1395 3247 1435 3309 ιο
1455 3248 1593 3329 Opocam
1612 3250 1710 3307 conus
1725 3242 1820 3305 Noco-

156 3346 245 3407 ulissr
282 3344 431 3404 exercitus
469 3340 589 3403 bestilia
620 3348 732 3423 portem
774 3340 962 3411 consedisse,
1020 3342 1151 3423 gaudiam
1172 3342 1356 3403 Cosecorum
1375 3362 1484 3403 manus
1502 3338 1604 3421 alique
1623 3338 1729 3409 luerat,
1747 3358 1825 3417 quae

156 3456 264 3499 versus
284 3455 349 3497 eun
368 3440 417 3495 ris
443 3434 685 3516 impeditissima,
711 3456 771 3516 qua
795 3436 867 3497 nulli
891 3444 963 3497 anto
1021 3436 1126 3519 pertin
1148 3434 1268 3513 praedis
1289 3458 1326 3496 es
1336 3435 1454 3497 hostico
1463 3432 1590 3513 agendis
1612 3430 1731 3493 bostem
1745 3430 1825 3491 disti·

158 3550 229 3591 eurn
253 3529 397 3591 exercitui
424 3528 481 3589 iter
510 3526 621 3599 luerat,
651 3548 718 3589 cunr
743 3530 873 3591 exercitu
897 3548 962 3609 pro·
1023 3539 1116 3600 neret,
1135 3530 1240 3610 partm
1261 3524 1694 3605 subvectionessubsidisqne,
1713 3524 1827 3605 siquae

157 3643 300 3703 mesos,
324 3622 443 3700 triginta
468 3642 488 3683 a
513 3620 638 3683 Resors
663 3642 805 3701 passuum
831 3622 963 3683 millibus
1021 3622 1210 3703 Norogardia
1229 3622 1416 3683 Plescoriam
1436 3622 1628 3692 mitterentur,
1647 3618 1828 3679 observaret

157 3717 305 3787 substitit,
324 3714 394 3775 inde
413 3714 612 3777 Zucobseiam
629 3717 755 3786 lanian,
775 3736 834 3795 quo
846 3718 964 3777 nominc
1023 3718 1062 3779 lli
1088 3738 1155 3778 cum
1182 3716 1323 3775 continue
1342 3714 1472 3795 praedas
1497 3736 1537 3775 ex
1556 3712 1678 3773 lrostico
1701 3718 1829 3791 agerent

158 3811 271 3881 locum,
296 3812 326 3871 in
353 3830 414 3889 quo
441 3808 601 3888 diplomata
627 3812 684 3871 iter
703 3810 882 3871 lodetrtibus
901 3809 964 3869 dori
1022 3812 1197 3892 sanguisque
1217 3808 1413 3869 incommodis
1433 3806 1540 3869 hostes
1563 3806 1738 3877 allicerent,
1764 3804 1829 3865 Tur·

158 3904 273 3979 solent,
298 3902 464 3983 appellant,
489 3923 526 3963 ee
545 3904 705 3973 convertit,
730 3924 767 3965 oc
791 3902 831 3965 ad
856 3904 964 3964 llumen
1023 3905 1079 3965 tari
1089 3902 1286 3974 dioscoritici,
1299 3910 1382 3981 parte
1392 3922 1493 3963 corum
1504 3900 1707 3979 negligentius
1716 3906 1831 3977 agente.

162 3998 284 4075 Volgum
304 3998 413 4059 metris
433 3998 552 4059 notatis
570 3995 774 4058 lleliurbeeum
801 4018 867 4058 curn
894 3995 964 4058 Tar·
1023 4002 1108 4079 parte
1127 4016 1165 4057 cs
1185 3996 1320 4056 institute
1339 3994 1380 4057 ιο
1398 3992 1676 4076 praedasagcndas
1690 3990 1831 4073 prolecta.

158 4092 247 4161 turis,
274 4110 352 4171 quos
376 4092 458 4152 eirca
475 4112 512 4151 se
531 4088 663 4151 babebat
686 4110 741 4171 per
768 4089 875 4151 llumen
898 4088 965 4150 so·
1024 4090 1178 4168 repentino
1203 4087 1351 4160 adventu,
1380 4108 1436 4148 eos
1463 4087 1515 4165 qui
1534 4086 1565 4145 io
1586 4086 1723 4147 statione
1742 4082 1832 4147 relicti

162 4184 389 4245 meinuvercus
415 4182 611 4254 contendere,
637 4184 902 4264 populationesque
928 4200 965 4243 ac
1025 4190 1119 4251 erant,
1138 4192 1362 4261 oppresserant.
1414 4180 1549 4241 Tartaris
1567 4198 1588 4239 a
1606 4180 1723 4239 ceteris
1743 4196 1831 4239 rerer

159 4274 300 4335 incendio
318 4296 405 4353 quam
427 4276 573 4337 latissime
592 4278 621 4335 in
642 4277 763 4337 lrostico
780 4276 966 4336 circumferre
1026 4276 1072 4335 sis
1091 4294 1205 4335 rrrrsum
1223 4274 1367 4355 dejectis,
1391 4272 1491 4335 lllosci
1516 4268 1593 4331 alias
1621 4292 1701 4333 suus
1721 4270 1832 4331 uootm

155 4368 253 4451 jubet.
294 4366 378 4427 Satis
404 4376 537 4444 constat,
561 4369 734 4431 blesensise
757 4369 888 4441 Ducem,
914 4370 965 4448 qui
1026 4370 1103 4429 locis
1133 4367 1173 4427 ad
1196 4366 1332 4429 lluesam
1359 4374 1389 4427 ct
1416 4364 1594 4443 bliseiagam
1619 4366 1772 4423 stationes
1794 4360 1831 4419 eb

163 4458 410 4541 quemadmodum
435 4481 526 4537 supra
551 4462 781 4524 denronstraturn
809 4468 872 4534 est,
898 4460 966 4523 Sta·
1026 4460 1214 4538 Norogardia
1240 4462 1352 4521 uostris
1377 4460 1743 4538 Cosaeisoppesnerant3
1766 4472 1830 4513 eon

161 4556 253 4617 riciue
283 4564 344 4613 tum
377 4560 514 4615 eventum
544 4554 710 4616 obsidionis
743 4556 967 4617 Plcscovicnsis
1026 4561 1071 4615 tra
1091 4574 1145 4613 eos
1165 4554 1261 4630 igitur,
1281 4554 1331 4633 qni
1352 4552 1391 4614 ad
1406 4551 1540 4613 Russam
1561 4556 1661 4621 erant,
1680 4546 1835 4611 ltuslirilus

161 4647 369 4730 exspectabat,
389 4648 675 4711 cumsdveotautem
687 4652 859 4725 exercitum,
880 4648 966 4725 luges
1027 4648 1178 4716 Cosmus,
1204 4666 1283 4725 quos
1302 4656 1396 4726 peoe's
1416 4666 1452 4705 se
1473 4642 1612 4713 babebat,
1635 4644 1707 4725 ipse
1735 4642 1833 4703 subsc·

161 4743 338 4821 agrestium,
371 4744 458 4819 ignee
477 4744 591 4823 passim
610 4743 747 4805 sublatos
768 4745 836 4825 ipso
861 4760 967 4817 magno
1026 4759 1134 4820 quens,
1153 4740 1316 4816 praemisit.
1355 4738 1396 4800 lli
1415 4738 1554 4799 hostibus
1576 4735 1660 4799 lama
1679 4734 1835 4797 adsecten-

162 4854 199 4895 οι
218 4844 302 4916 parte
321 4846 474 4912 cerneret,
500 4856 536 4897 oc
556 4835 803 4917 quemadmodum
829 4857 865 4897 ex
892 4834 966 4897 Pes·
1026 4835 1067 4895 tis
1087 4834 1239 4893 exercitus
1259 4835 1321 4917 J'am
1348 4838 1418 4893 ante
1444 4831 1571 4901 territis,
1600 4849 1640 4891 ae
1668 4832 1768 4911 prino
1791 4824 1836 4887 sd·

162 4929 276 4999 utino,
295 4932 420 5009 quitum
433 4928 607 5011 apudilluro
620 4932 968 5011 erot,cognituurpostee
1027 4934 1116 4989 uentu
1136 4946 1237 4987 eorum
1255 4928 1285 4987 in
1306 4926 1403 5005 lugan
1431 4923 1600 4994 conversis,
1627 4920 1837 4983 Obolieeciu

162 5018 232 5091 luit,
259 5040 316 5079 nou
341 5022 418 5083 ultra
446 5026 654 5104 septingentos
685 5023 792 5085 milites
824 5026 906 5084 eirca
932 5042 967 5083 se
1027 5042 1063 5082 ac
1083 5020 1213 5103 Bojerici
1232 5022 1353 5097 generis
1373 5021 1486 5100 aliquot
1506 5017 1639 5095 capiunt.
1661 5014 1713 5077 Eo
1736 5012 1837 5077 deiodr

162 5110 304 5182 lrsbebst,
323 5133 438 5176 suurn
456 5120 485 5177 io
506 5116 702 5197 trepidatione
727 5126 894 5188 versatum,
917 5115 967 5175 do·
1027 5134 1066 5173 ex
1085 5114 1152 5173 loco
1172 5112 1211 5173 ιο
1230 5112 1347 5193 Regem
1372 5120 1403 5175 et
1428 5114 1573 5191 reliquum
1593 5110 1769 5171 exereitum
1787 5106 1837 5169 lto

161 5204 271 5269 lectum
302 5225 340 5265 cs
370 5210 449 5267 omui
480 5228 592 5287 gauere
620 5208 771 5271 lrontoo·
803 5211 968 5287 promiscuo
1029 5206 1138 5269 dirilus
1165 5208 1290 5269 rereuit.
1328 5206 1396 5269 οιιι
1423 5211 1493 5265 oute
1517 5204 1675 5265 Antonius
1704 5200 1835 5265 ronst
