3742 5626
841 448 941 530 xl.

273 775 748 901 moraniur
789 729 1542 893 oummlunuls

865 1038 908 1082 All

358 1223 599 1320 lllliNUlll
636 1214 968 1316 llllSClllllll
1002 1214 1220 1338 noenu,
1253 1214 1324 1310 ll'l
1359 1216 1429 1311 uu

539 1462 890 1565 uuoouuuu
928 1458 1245 1559 ,ouuuoum

634 1696 1154 1853 urrsuonnn

60 2068 1725 2109 m

122 2342 580 2427 solemnissima
603 2341 935 2420 PRINGEPS
959 2341 1140 2440 osuit,
1165 2340 1252 2417 ΕΤ
1274 2340 1503 2415 MAGNE
1527 2341 1668 2419 DUX.

60 2606 176 2724 ott!
197 2674 408 2735 cotronae,
429 2682 508 2745 quos
527 2661 807 2724 Serenitachstra
828 2660 867 2723 ad
927 2661 1079 2724 Clcncheu
1114 2658 1273 2721 Presbiter
1318 2667 1348 2719 et
1388 2659 1501 2720 Sacrae
1547 2660 1732 2743 Theologino

61 2756 242 2817 (laesaream
273 2754 470 2835 Maiestatem
490 2757 585 2827 misit,
619 2758 683 2835 jam
703 2752 741 2816 rlc
770 2753 867 2816 reditu
926 2755 1057 2826 Doctor,
1084 2755 1133 2833 qui
1154 2752 1314 2812 Serenitati
1334 2748 1465 2812 Vestrae
1485 2752 1583 2814 Breve
1603 2756 1734 2835 Aposto-

61 2842 195 2927 cogitare¹
220 2846 452 2920 intellexissem,
479 2848 545 2907 misi
572 2844 612 2907 aul
636 2866 691 2908 eos
715 2866 804 2909 unum
830 2871 867 2909 ex
925 2847 1025 2921 licum,
1047 2854 1078 2907 et
1095 2844 1152 2925 has
1173 2864 1255 2907 meas
1275 2844 1391 2906 litteras
1412 2842 1506 2906 (labit.
1534 2844 1733 2911 serenitatem

62 2938 256 3001 familiaribus
268 2942 352 3011 meis,
373 2947 480 3021 petcus
494 2948 528 2999 ut
543 2938 662 3001 littores
676 2958 768 3013 meas,
790 2960 866 3022 quas
926 2938 1069 3001 Vestram
1094 2958 1167 3017 rogo
1198 2946 1232 2999 ut
1260 2959 1313 3020 pro
1340 2942 1386 2999 sni
1415 2938 1501 2999 animi
1530 2939 1734 3019 magnitudine

61 3034 160 3111 gravi,
199 3040 230 3093 ot
259 3032 378 3113 publico
409 3030 448 3093 de
476 3050 568 3093 causa
605 3020 868 3095 aa'saruueucu
925 3033 1074 3093 homiuem
1087 3031 1218 3110 benigue
1235 3028 1346 3103 audiat,
1357 3032 1444 3111 eique
1464 3030 1602 3103 marrrlato
1617 3032 1732 3097 Summi

62 3125 204 3186 Vestram
223 3128 418 3206 scripseram,
440 3144 543 3186 semum
561 3122 726 3201 rlelcrreut,
757 3146 868 3208 easque
927 3124 1082 3187 Poutiliciu
1119 3127 1294 3205 exponenti,
1331 3131 1361 3185 et
1393 3124 1564 3185 nominatim
1597 3124 1635 3185 ule
1668 3148 1734 3189 oreo

61 3238 126 3278 meo
157 3220 276 3279 nomine
305 3214 474 3279 redderent.
524 3208 570 3279 llll
602 3238 672 3279 vcro
701 3219 801 3280 multis
833 3239 869 3279 se
927 3222 1013 3280 etiam
1034 3217 1177 3297 singulari
1198 3236 1269 3295 erga
1290 3214 1489 3278 serenitatem
1509 3216 1652 3280 Vestram
1673 3230 1733 3282 stu·

60 3310 160 3371 verbis
190 3319 372 3375 excusarunt
407 3332 467 3371 nou
497 3311 588 3371 licere
617 3312 675 3372 sibi
708 3310 738 3371 iu
768 3310 868 3372 lacere
928 3311 978 3373 dio
1004 3312 1134 3373 runrrautl
1160 3310 1278 3391 plenam
1298 3306 1386 3370 fidem
1406 3309 1526 3371 tribuat.
1567 3310 1684 3389 Deum,
1704 3324 1736 3377 et

48 3411 218 3485 propteroa
238 3401 319 3485 quod
339 3423 357 3464 a
377 3402 547 3467 serenitate
568 3403 680 3465 Vestra
700 3406 728 3464 iu
750 3400 868 3464 mauda·
927 3414 1042 3489 putrem
1063 3403 1183 3464 Domini
1203 3402 1308 3463 Nostri
1328 3401 1403 3463 lesu
1426 3400 1536 3465 Christi
1556 3404 1735 3487 supplexero

60 3500 102 3557 tis
119 3494 264 3559 lroberent
282 3518 320 3558 ne
341 3497 456 3560 litterar
477 3519 495 3558 o
515 3516 632 3577 quoque
652 3507 828 3577 praeterque
849 3516 867 3556 a
927 3508 960 3559 ut
987 3498 1187 3558 Serenitatem
1216 3494 1356 3557 Vestram
1377 3494 1427 3555 dtu
1446 3497 1574 3575 salvom,
1601 3507 1631 3559 et
1656 3502 1734 3562 iuco-

10 3590 261 3655 VSoreuissimo
297 3588 481 3670 Imperatore
517 3591 698 3671 acciperent.
751 3592 867 3650 lutcrea
927 3591 1034 3650 lumem
1046 3596 1206 3650 conservet
1223 3590 1349 3669 ejusque
1370 3587 1561 3651 fortissimam
1581 3590 1733 3654 ‹lcxteram

61 3681 174 3762 placuit
208 3682 410 3743 sanctionum
449 3680 578 3743 Domino
610 3683 723 3744 Nostro
753 3682 867 3761 Grcgo·
926 3682 1051 3743 coelesti
1077 3684 1187 3742 virtute
1213 3679 1381 3757 confirmet,
1411 3689 1445 3742 ut
1472 3686 1608 3747 inimicos
1635 3687 1733 3746 crucis

61 3778 107 3834 rio
127 3772 214 3835 Xlll.
236 3773 360 3832 Summo
380 3772 518 3835 Pontifici
546 3794 606 3836 uon
631 3775 727 3836 solum
748 3773 867 3835 Sereni·
926 3775 1037 3837 Christi
1057 3776 1210 3857 perpetius
1230 3775 1363 3834 uictoriis
1382 3784 1562 3854 prosternat.

61 3869 121 3929 tati·
136 3866 269 3927 Vestrae
288 3864 436 3937 scribere,
463 3864 520 3927 sed
538 3878 572 3929 ut
590 3867 733 3929 illurtrior
752 3868 867 3949 patemi
1002 3866 1073 3928 Dat.
1094 3864 1290 3930 Ratisbouae.

61 3962 174 4019 amorio
194 3978 266 4036 ergo
285 3960 381 4039 ipsam
401 3958 580 4037 sigullieotio
600 3968 723 4037 extaret,
744 3968 866 4021 certum·
1003 3961 1206 4021 serenissimo
1233 3978 1270 4020 ac
1296 3954 1512 4020 Poteutissiuo
1532 3960 1646 4040 lllaguo
1674 3963 1735 4027 llo·

62 4068 182 4130 quoquc
200 4049 348 4113 Nuncium
367 4055 498 4123 mittere,
518 4060 647 4134 atquae
668 4052 706 4115 ad
727 4052 784 4113 Dei
806 4052 867 4131 glo·
926 4057 1005 4115 mino
1026 4052 1156 4115 Domino
1175 4050 1284 4113 loanni
1294 4048 1422 4112 Basilidi
1443 4051 1533 4125 Crar,
1563 4064 1594 4115 ct
1622 4054 1736 4137 Magno

61 4144 137 4203 riam
172 4151 205 4203 et
238 4162 420 4205 communem
451 4144 642 4207 Christianae
670 4144 867 4226 Reipublicae
927 4148 1005 4208 lloci
1026 4145 1168 4218 Rosciae,
1190 4141 1415 4216 Volodimiriae,
1440 4143 1737 4222 Moscoviae,Noro·

61 4235 220 4297 utilitatem
242 4236 497 4299 conserentur
523 4238 635 4301 Vestra
661 4236 777 4317 age-rudo
798 4245 869 4299 suut
928 4237 1059 4319 gordiae,
1081 4246 1112 4299 et
1138 4238 1261 4299 aliarum
1282 4237 1471 4318 plurimorum
1491 4238 1658 4321 Regionum
1681 4254 1737 4307 etc.

62 4326 250 4389 commodius
269 4348 369 4391 coram
389 4331 525 4402 tractari,
552 4338 582 4391 et
601 4338 703 4411 optato
723 4330 781 4391 finc
801 4350 869 4390 cou-
1007 4331 1209 4393 Soreuissimo
1258 4350 1294 4391 ac
1344 4328 1560 4395 Potentissimo
1603 4334 1737 4417 Principi

62 4418 142 4481 cludi
170 4424 298 4503 poseiut.
332 4418 434 4483 'Venit
460 4424 550 4503 igitur
576 4444 593 4485 a
619 4424 789 4485 tiaructitatc
814 4442 870 4483 sua
929 4425 1042 4505 Magno
1062 4424 1192 4486 Domino
1214 4423 1303 4498 czar,
1333 4432 1363 4485 et
1383 4424 1496 4503 Magno
1523 4426 1601 4489 Duci
1627 4430 1736 4493 loauui

62 4512 103 4577 ad
139 4512 339 4578 Serenitatem
374 4512 517 4576 Vestram
548 4519 660 4577 ruinosus
691 4515 870 4600 Ruulolphus
929 4517 1056 4582 Basilidi
1080 4517 1191 4580 Terrae
1211 4516 1341 4580 Russiae
1360 4516 1537 4583 Moscoriac
1558 4530 1616 4582 otc.

549 4877 557 4884 .
625 4880 629 4885 .
720 4865 1048 4895 .-.-.-...-
1064 4876 1088 4885 ..
