3742 5626
810 658 968 744 XIX.

131 983 770 1107 aumonius
830 984 1650 1134 Possumus,

539 1297 654 1404 DE
715 1295 1237 1408 Mosoovln.

88 1668 418 1678 -.-----

361 1939 1036 2081 COMMENTARIUS
1095 1949 1426 2085 l'ltllltlS.

741 2188 1049 2233 *eae——

185 2366 270 2440 DE
296 2365 511 2445 REBUS
546 2368 1026 2471 Moscovlumw,
1065 2377 1147 2451 AD
1178 2376 1598 2457 nesteronem

641 2543 1145 2630 SPEchNa‘rnus.

59 2768 240 2891 Maon!
261 2845 367 2891 nucts
394 2832 565 2896 Moscouiae
584 2833 671 2909 ditio,
693 2859 758 2899 cum
776 2838 862 2919 longe
922 2830 1035 2909 scopis.
1062 2829 1161 2909 aliqua
1181 2831 1207 2890 is
1228 2828 1267 2891 ad
1287 2828 1487 2908 duodeuiginti
1508 2830 1597 2893 millia
1617 2832 1721 2893 talero·

60 2927 177 3005 lateque
198 2923 236 2985 ad
257 2929 488 3005 septentrionem
508 2936 597 3007 atque
617 2939 649 2989 at
661 2928 767 2993 Ortum
787 2934 862 2995 solis
922 2943 994 2993 r”¹¹¹2
1023 2926 1071 3002 qul
1104 2925 1223 2985 tirell?r
1241 2920 1381 2983 tredecim
1403 2944 1556 2983 ³¹¹¹f⁰⁰f¹¹¹¹¹
1575 2944 1721 2985 nummum

60 3026 170 3098 pateat,
181 3014 317 3077 undecim
328 3026 440 3079 tantum
456 3018 546 3081 lralret
556 3021 773 3105 Episcopatus:
793 3048 862 3107 qao·

61 3130 124 3170 rum
142 3110 320 3191 praecipuus
334 3119 382 3171 est
392 3110 545 3183 llloscvae,
564 3133 650 3192 quiem
660 3114 863 3199 Metropolim,

923 3014 1011 3075 millia
1033 3013 1153 3087 iaciunt,
1176 3037 1192 3074 c
1212 3012 1356 3075 reditibus
1376 3020 1483 3075 arrrruis
1503 3019 1656 3099 percipere
1681 3016 1723 3079 di·

922 3110 1006 3167 citur.
1032 3106 1081 3168 Ab
1095 3130 1131 3168 eo
1152 3117 1259 3177 tamen,
1278 3117 1312 3169 ut
1330 3116 1361 3169 ct
1380 3131 1397 3171 a
1418 3108 1539 3189 reliquis
1551 3106 1723 3192 Episcopis,

61 3206 110 3284 qui
130 3202 258 3264 caeteris
279 3200 415 3262 omnibus
435 3214 564 3283 praeest,
584 3204 780 3273 aelurinistrat.
804 3212 862 3273 Ro·

61 3297 189 3357 stovinm
209 3302 315 3361 autem,
327 3314 364 3353 ac
380 3292 522 3375 Magnam
539 3295 759 3379 Nouagardiam
772 3306 863 3384 (quae

63 3384 223 3467 Novgorod
245 3383 363 3459 dicitur)
385 3387 613 3471 Archiepiscopi
634 3391 865 3476 du031teliquas

63 3483 200 3541 ciuitates
215 3478 373 3548 Cortizam,
394 3478 567 3553 Resaniam,
589 3483 771 3559 Colnumam,
792 3489 864 3550 Sus·

64 3571 180 3645 daliau,
208 3570 374 3643 Cusanum,
400 3570 585 3651 Vologdam,
619 3574 755 3637 Tvcriam
780 3580 864 3640 Smo·

63 3664 215 3735 tenacium,
229 3664 371 3745 Episcopi
384 3659 599 3729 administrant.
613 3668 687 3728 Cum
699 3690 769 3729 vero
781 3692 799 3731 a
811 3670 866 3732 l'a·

63 3757 191 3819 triorche
212 3755 543 3835 Constantinopolitano
564 3756 737 3823 ltloscoviae
756 3761 866 3824 Metro·

64 3848 157 3932 polita
183 3847 251 3908 olim
273 3844 508 3921 confirmaretur,
536 3871 681 3931 nunqnam
707 3853 764 3914 lroc
784 3854 867 3915 l’rin·

923 3220 981 3259 aon
1002 3200 1060 3261 illis
1081 3198 1198 3281 quidem
1220 3200 1295 3260 adeo
1317 3200 1481 3280 opulentis,
1508 3198 1654 3263 interdum
1674 3206 1722 3264 tri·

923 3292 1034 3365 butum,
1054 3294 1119 3353 sice
1138 3291 1302 3353 sirlrsidium
1324 3298 1368 3367 (ut
1388 3298 1510 3369 uocant)
1529 3296 1619 3373 exigit
1640 3294 1722 3357 l‘ria-

923 3405 1010 3468 ceps:
1030 3390 1096 3447 eine
1112 3389 1198 3466 cajus
1213 3389 1300 3457 scitu,
1321 3408 1356 3447 uc
1370 3392 1516 3467 permissu
1546 3386 1627 3459 nihil,
1646 3386 1725 3470 quod

925 3482 1021 3559 magni
1044 3479 1171 3559 alicujus
1192 3482 1329 3540 momenti
1343 3482 1392 3550 sit,
1413 3476 1534 3540 iaciunt.
1558 3482 1725 3553 Actanrcu,

924 3572 994 3632 licet
1026 3593 1043 3631 a
1068 3570 1397 3652 Constantinopolitano
1423 3571 1595 3633 Patriarclra
1622 3573 1724 3635 contir-

925 3666 1014 3725 matio
1028 3662 1236 3743 Metropolitae
1257 3661 1335 3723 haud
1355 3670 1481 3744 petatur,
1501 3666 1528 3722 ei
1542 3660 1631 3725 audio
1644 3668 1725 3745 quin·

925 3764 1032 3835 gentos
1052 3774 1159 3815 mneos
1180 3774 1313 3815 rrrrmmos
1334 3757 1362 3813 iu
1389 3754 1607 3832 eleemosynam
1626 3758 1725 3835 singur-

926 3850 962 3909 lis
988 3849 1075 3909 annis
1102 3868 1120 3907 a
1143 3846 1282 3926 Principe
1312 3850 1467 3907 numerari.
1499 3846 1636 3907 Ceterum
1657 3848 1726 3931 upt-

65 3945 132 4025 cipe
155 3938 344 4001 conlirmatns
370 3948 418 4001 est
442 3940 584 4021 amplius,
616 3942 686 4006 licet
709 3946 810 4027 plnres
831 3968 867 4009 eo
925 3942 1010 4023 scopi
1031 3959 1134 4001 omines
1154 3960 1190 4000 ex
1201 3937 1370 4010 Moaaclris,
1390 3947 1527 4019 tanquam
1541 3938 1727 4018 perfectioris

66 4053 186 4093 munere
206 4034 268 4093 siut
287 4029 394 4105 lancti,
424 4052 460 4093 ac
487 4030 613 4117 denique
639 4036 685 4097 vel
711 4038 868 4111 interlecti,
925 4037 1005 4095 uitae
1025 4030 1203 4103 hominibus,
1221 4028 1391 4109 diliguntur.
1417 4028 1485 4100 Qua
1506 4051 1537 4091 re
1551 4052 1607 4091 uec
1621 4052 1728 4095 irrora·

67 4123 114 4184 cel
134 4120 173 4184 ad
196 4126 376 4185 monasteria
396 4123 536 4205 ablegati.
559 4127 608 4189 ab
629 4150 665 4191 ea
685 4130 868 4193 verocoulir·
927 4125 1053 4196 babent,
1078 4145 1134 4185 uec
1159 4143 1287 4204 utiquam
1317 4142 1423 4183 carries
1443 4118 1535 4184 edant
1553 4125 1653 4199 (sicut
1672 4148 1729 4189 nee

68 4217 196 4278 matione
216 4214 345 4297 peteuda
366 4224 515 4280 cessatum
536 4239 606 4281 esse
626 4230 759 4303 putatur,
788 4234 869 4305 post·
927 4223 992 4302 ipse
1012 4214 1223 4297 Metropolim)
1252 4236 1347 4297 neque
1367 4214 1493 4277 anrmlos
1513 4225 1619 4297 gerum
1637 4220 1668 4280 ln
1687 4218 1729 4283 di·

67 4328 155 4392 quam
176 4306 267 4369 Pater
287 4308 376 4389 hujus
396 4309 544 4394 Principis
569 4312 700 4374 Basilius
721 4316 869 4377 Graccum
929 4314 1015 4391 gitis3
1046 4318 1077 4371 et
1099 4312 1288 4373 sanctitatem
1316 4328 1441 4389 praese
1473 4306 1619 4385 terentes,
1650 4312 1730 4395 apud

68 4407 98 4463 in
117 4400 233 4461 vincula
253 4398 448 4463 Sacerdotem
467 4406 611 4485 conjecit,
642 4426 727 4487 quem
755 4429 773 4468 a
795 4406 870 4471 Coa·
929 4424 1033 4466 omues
1052 4406 1082 4465 in
1096 4405 1285 4465 reiteratione
1299 4400 1454 4463 habentur.
1478 4400 1730 4465 Dioecesessuas

68 4492 332 4575 stantinopolitaao
346 4491 518 4557 Patriarcha
535 4508 720 4561 evocaverat.
742 4498 871 4563 SedSa·
930 4498 975 4574 (in
996 4495 1103 4579 quibus
1123 4492 1394 4566 Arclrimaadritas,
1426 4504 1456 4555 et
1476 4492 1650 4574 lgumenos,
1675 4516 1731 4557 sea

69 4584 177 4649 cerdos
189 4605 254 4646 cum
268 4584 395 4647 Moscos
410 4608 467 4647 non
480 4585 604 4650 solnma
625 4590 752 4665 Latinis,
771 4614 871 4656 verum
931 4590 1124 4672 l‘raepositos
1144 4590 1173 4648 in
1192 4586 1386 4649 Moirastcriis
1411 4585 1575 4663 collocant)
1600 4606 1659 4647 noa
1685 4608 1732 4649 so·

70 4682 158 4741 etiam
179 4699 196 4739 a
219 4676 346 4740 Graecis
369 4683 397 4739 ia
418 4676 486 4739 fidei
501 4678 699 4759 dogmatibus,
719 4686 872 4749 acritiltus
931 4685 1002 4755 leat,
1022 4692 1055 4745 nt
1075 4678 1153 4764 apud
1166 4679 1339 4742 t'atlrolicos
1360 4676 1400 4749 m,
1413 4676 1505 4747 obire,
1526 4688 1577 4739 aut
1588 4683 1732 4743 invisere:

71 4769 246 4853 quibusdam
267 4768 414 4833 dissidere
434 4776 638 4855 comperisset,
659 4776 751 4839 libere
772 4776 802 4837 id
815 4776 872 4839 Ba·
931 4776 1060 4837 tortasse
1081 4771 1160 4855 quod
1179 4771 1313 4853 Principt
1334 4791 1371 4831 ea
1391 4788 1440 4830 res
1460 4768 1538 4830 l'oret
1553 4774 1732 4853 suspiciosa,

70 4862 138 4925 silio
159 4864 317 4947 objiciens,
337 4886 484 4946 nunquam
504 4865 558 4942 (ne
578 4870 686 4929 acriter
697 4864 815 4949 quidem
829 4888 873 4929 ur·
932 4867 1132 4930 Veruntamen
1152 4862 1328 4949 quibusdam
1341 4866 1370 4923 in
1386 4858 1485 4944 opidis
1498 4860 1593 4925 laicos
1608 4864 1734 4949 aliquos,

71 4965 160 5037 gente
180 4954 212 5019 id
231 4980 285 5039 per
313 4958 428 5021 litteras
457 4956 638 5040 Imperatore
658 4958 836 5039 Turraniis)
857 4982 874 5022 e
933 4963 1019 5043 qnasi
1029 4961 1157 5021 vicarios
1170 4958 1318 5029 loraaeos,
1337 4954 1464 5035 singulis
1484 4958 1570 5017 anuis
1589 4962 1734 5023 sumum

72 5046 225 5119 custodia,
252 5052 282 5110 in
308 5072 366 5131 qua
386 5049 463 5112 diem
486 5050 600 5113 obiisse
620 5050 725 5127 lertur,
756 5054 874 5117 liberari
933 5052 1040 5137 quibus
1065 5055 1156 5114 eitam
1188 5050 1335 5133 Popomm
1365 5048 1410 5123 (ni
1432 5044 1614 5111 Sacerdotes
1649 5048 1735 5127 aurit)

72 5144 177 5215 potuit
198 5140 294 5202 Porro
303 5140 495 5227 Metropolim
515 5140 653 5225 deligitur
667 5146 731 5224 jam
750 5145 788 5207 ab
808 5150 875 5230 ipso
934 5168 987 5208 seu
1008 5147 1131 5209 aliomm
1151 5140 1328 5206 observandi
1349 5160 1419 5201 cura
1445 5160 1511 5199 cum
1532 5138 1734 5214 demandetur,

70 5232 227 5313 Principe,
247 5246 477 5298 consecratore
498 5232 630 5298 duobus.
655 5238 787 5300 minoem
806 5238 864 5319 Epi
935 5244 965 5307 ii,
985 5242 1013 5300 si
1034 5242 1100 5318 quie
1121 5236 1272 5299 Sacerdos
1293 5237 1403 5297 crimen
1424 5236 1587 5305 committit,
1609 5238 1734 5315 pecunia

1323 5339 1373 5397 lt'
