3742 5626
757 218 928 284 monost
948 214 1211 280 cauntn'atts

233 642 827 725 fllil'EllllelfSSfMO
886 640 1083 719 sonis
1141 638 1422 716 moltero
1479 635 1732 713 DOMINO

478 902 676 952 {iuml-Plo
695 850 889 953 Ulixen!
908 903 1055 953 Mum
1073 900 1315 951 automata!
1335 899 1497 948 noanon

789 1223 1192 1269 ’‘w-—

155 1426 544 1544 Banaaannrssrss
569 1477 658 1542 nobis
687 1476 798 1542 mbae
824 1475 958 1559 superio
982 1480 986 1489 “
1014 1493 1052 1535 se
1076 1494 1259 1558 magnopere
1283 1484 1480 1551 excusarunt,
1506 1474 1586 1557 quod
1613 1495 1649 1536 ex
1666 1472 1820 1558 Principis

154 1571 240 1635 ntus
259 1569 366 1633 diebrm
385 1590 452 1632 urm
471 1570 619 1634 Oratores
635 1570 741 1654 liugai
762 1571 858 1637 Ducis
875 1566 959 1630 dios·
1015 1570 1201 1649 praescripto
1214 1567 1312 1630 nullas
1324 1572 1370 1629 eis
1385 1577 1504 1651 praeter
1515 1571 1685 1631 Caesareas
1705 1568 1820 1631 litteras

155 1668 318 1745 coritarum
337 1660 377 1727 ad
389 1662 622 1727 serenissimum
633 1664 845 1749 Imperatorem
865 1660 960 1724 nnn·
985 1676 989 1703 ¹
1014 1680 1035 1722 a
1062 1681 1180 1742 qnoque
1208 1665 1346 1744 accipere
1373 1662 1487 1724 liceret
1537 1660 1651 1722 Verum
1683 1682 1752 1724 eum
1781 1662 1819 1724 ol

156 1758 305 1821 milianum
331 1758 414 1819 missi
432 1756 632 1821 Ratisbnuam
650 1760 875 1841 pervenhseut,
899 1772 960 1836 quo
1014 1772 1082 1825 ea·
1111 1772 1234 1817 cauam
1263 1777 1281 1816 a
1309 1753 1420 1837 publici
1448 1754 1519 1817 boui
1548 1755 1731 1835 cogitatione
1760 1774 1818 1817 nos

155 1852 223 1914 loeo
242 1870 299 1913 uos
317 1870 436 1933 quque
454 1848 534 1933 apud
554 1849 680 1915 eandem
693 1849 874 1913 &amcam
893 1842 959 1910 ntn·
1014 1842 1255 1919 discederemus,
1287 1855 1377 1929 atque
1407 1850 1436 1909 in
1463 1872 1499 1911 ea
1527 1869 1599 1910 cura
1623 1867 1818 1925 nmmum,

152 1948 296 2027 jestatem
327 1952 359 2005 et
388 1942 573 2006 Consentmn
611 1943 730 2028 imperii
765 1942 960 2005 Sanctissimi
1014 1948 1047 2000 ut
1072 1940 1131 2001 alia
1155 1937 1275 2003 tandem
1299 1943 1349 2001 via
1368 1952 1490 2003 nostrae
1513 1942 1629 2002 litterae
1649 1944 1679 2002 iu
1699 1940 1808 2004 nosen

155 2038 277 2102 Domini
304 2040 399 2100 nostri
425 2036 547 2117 Georgii
579 2035 670 2114 xlll,
700 2046 733 2100 et
762 2035 961 2119 Apostolieae
1013 2035 1092 2094 siam
1132 2032 1341 2115 perferrentur.
1401 2035 1484 2097 Eece
1521 2036 1635 2096 interea
1674 2034 1764 2096 uobis
1800 2055 1818 2097 a

156 2129 249 2193 Sedis
270 2131 415 2210 Legatum
435 2131 551 2209 agimus
571 2132 668 2193 visun
699 2139 749 2193 eat
777 2126 880 2201 nobis,
910 2128 960 2209 qul
1015 2124 1214 2188 sanctissimo
1225 2126 1356 2188 Domino
1374 2126 1487 2190 Nostro
1505 2124 1670 2189 redduntur
1694 2127 1818 2199 litterae,

156 2244 211 2305 pro
230 2224 325 2285 nostrl
346 2220 435 2282 officii
454 2242 575 2285 munere
595 2244 711 2285 omnem
729 2219 769 2283 de
790 2222 961 2284 Christiana
987 2190 992 2251 ¹
1015 2218 1124 2302 quibus
1144 2217 1281 2295 mandat,
1306 2229 1340 2282 ut
1363 2223 1456 2282 virum
1481 2221 1609 2303 aliquem
1630 2218 1772 2283 idoneum
1790 2233 1817 2283 et

156 2315 323 2399 llepnltlica
351 2314 428 2375 berse
448 2314 579 2377 merendi
599 2319 849 2399 opportunitatem
869 2312 961 2374 liben-
1015 2322 1172 2397 spectatae
1200 2310 1270 2374 fidei
1299 2317 1329 2375 in
1359 2313 1547 2375 llloseoriam
1576 2317 1672 2396 primo
1702 2335 1818 2397 quoque

156 2418 202 2469 ter
222 2408 440 2491 amplectimur,
460 2405 599 2470 flratotis
608 2410 808 2489 potentissimi
828 2414 860 2469 et
877 2404 961 2467 ctri-
986 2354 993 2481 ⁴
1014 2414 1150 2488 tempore
1187 2408 1337 2467 ιιὶῐίιιιιιιι
1381 2410 1431 2488 qni
1468 2406 1567 2469 Breve
1609 2406 1817 2489 apostolieu-

156 2499 406 2580 stiauiPrincipis
426 2520 577 2581 perusium
592 2522 628 2563 es
641 2500 835 2563 familiaribus
849 2502 961 2561 nostris
986 2484 991 2517 ¹
1015 2498 1128 2579 lllagno
1157 2498 1208 2559 illo
1238 2498 1370 2582 Principi
1387 2498 1568 2561 sanctitatis
1597 2519 1673 2562 suae
1703 2505 1817 2563 nomiae

155 2594 288 2656 saltitare
313 2595 417 2674 eisque
445 2597 543 2655 omnia
569 2592 668 2656 officia
693 2603 797 2656 nostra
827 2602 961 2656 amantor
1015 2590 1116 2655 tradat
1140 2597 1171 2653 et
1194 2600 1294 2653 cetera
1319 2614 1396 2673 quiae
1422 2590 1461 2654 ad
1480 2590 1595 2669 fidelis,
1621 2601 1652 2655 et
1667 2591 1817 2674 diligentie

156 2685 289 2761 deferre3
314 2694 375 2749 tum
402 2689 491 2749 etiam
517 2682 556 2748 de
577 2686 691 2747 Summi
711 2686 867 2749 Pontificio
888 2708 960 2766 erga
1016 2684 1126 2747 tt'uncii
1161 2705 1268 2747 munaus
1302 2685 1506 2766 pertinebunt,
1546 2707 1584 2749 es
1615 2685 1815 2751 neumnen-

156 2778 271 2841 illorum
296 2776 467 2862 Principem
487 2778 639 2843 voluntate
668 2801 706 2843 ea
738 2783 962 2843 commemorari
987 2814 992 2843 ι
1016 2776 1141 2841 formula
1160 2798 1249 2860 ιῐιιιιιι
1269 2781 1495 2841 accuratissime
1513 2787 1657 2861 praestet

155 2868 358 2935 mandarimus
388 2894 465 2955 qnae
494 2881 661 2955 opportuna
689 2870 875 2937 videbantur.
913 2872 961 2936 llli
987 2878 991 2945 l
1093 2870 1242 2950 Quoniam
1266 2892 1338 2934 vero
1364 2870 1555 2934 sanctissimi
1573 2871 1696 2935 [lomim
1714 2872 1817 2937 Nostri

155 2985 240 3039 sero,
271 2973 300 3027 et
331 2967 444 3025 amoris
472 2968 567 3027 nostri
597 2964 844 3046 significationem
874 2976 960 3048 grato
986 2966 992 3055 ξ
1016 2964 1143 3028 consilia
1166 2968 1197 3025 in
1223 2964 1282 3027 lrac
1303 2964 1414 3026 Nnncii
1434 2963 1617 3046 profectione
1640 2986 1679 3027 eo
1696 2970 1815 3048 potissi·

156 3060 254 3121 antimo
282 3064 316 3118 nt
340 3077 395 3138 par
421 3067 502 3133 erat,
527 3067 723 3139 acceperunt,
748 3068 780 3121 et
804 3082 870 3124 eam
890 3081 961 3123 esse
1016 3078 1094 3119 mum
1120 3061 1299 3140 respicimrt,
1330 3066 1363 3119 nt
1393 3078 1452 3119 non
1483 3057 1579 3120 solum
1606 3056 1740 3136 ntngnns
1767 3059 1818 3122 illc

157 3148 306 3232 Principis
335 3152 383 3212 sni
412 3158 539 3213 mentem
569 3146 810 3215 demonstrarunt
839 3162 873 3215 nt
900 3175 960 3215 non
987 3158 991 3207 i
1016 3151 1162 3233 Princeps
1187 3172 1253 3213 eum
1273 3151 1453 3232 Apostolica
1472 3148 1554 3215 Sede
1569 3146 1714 3211 stemus
1732 3170 1810 3212 com·

156 3242 253 3305 solnm
273 3262 339 3303 curn
361 3240 562 3305 serenissimo
575 3241 718 3320 cnam,
737 3242 793 3306 sed
813 3246 961 3309 cnmaliis
986 3268 992 3307 ι
1016 3263 1132 3305 munem
1159 3242 1277 3307 hosoem
1303 3242 1432 3304 'furcam
1457 3243 1600 3306 amicitiae
1623 3240 1745 3305 bedese
1764 3263 1816 3305 co·

157 3339 246 3398 etiam
264 3334 416 3416 Regibus,
436 3344 468 3399 et
485 3334 677 3419 Principibus
689 3336 870 3403 Christianis
890 3342 960 3401 ami·
986 3314 991 3411 Ι
1015 3336 1151 3419 puletnr,
1178 3334 1236 3398 sed
1261 3334 1341 3417 qnod
1360 3337 1453 3398 multo
1478 3338 1598 3416 gravius
1615 3342 1648 3399 et
1662 3343 1817 3417 praealau

157 3432 257 3491 citiam
284 3437 315 3490 et
341 3424 448 3489 foedus
473 3431 547 3491 inire
574 3438 698 3512 cuperet
724 3452 816 3512 quare
842 3452 959 3515 pergra-
985 3414 991 3533 Ι
1015 3432 1076 3491 tius
1106 3438 1170 3505 est,
1204 3432 1295 3491 etiam
1332 3432 1359 3490 si
1390 3429 1453 3492 fieri
1485 3431 1585 3511 possit
1601 3427 1818 3492 Ecclesiastica

157 3533 218 3585 tum
248 3520 290 3582 illi
315 3518 379 3583 fore
408 3524 435 3583 si
467 3541 485 3583 a
512 3520 647 3585 Romano
674 3522 822 3587 Pontifiee
848 3524 960 3586 Nuncii
1016 3525 1130 3585 unita·e
1161 3522 1331 3601 colligetur,
1359 3531 1394 3584 nt
1423 3531 1523 3599 mata,
1551 3529 1667 3585 ettam
1690 3521 1819 3586 illustria

156 3619 352 3687 mitterentur,
373 3615 440 3695 ejus
460 3617 502 3676 rei
521 3613 696 3679 tractandae
716 3637 819 3680 cauam
859 3622 961 3701 Atque
1016 3614 1178 3677 Christiani
1198 3618 1335 3696 corporis
1353 3619 1451 3697 portio
1466 3619 1497 3677 in
1515 3634 1603 3679 uuam
1622 3613 1818 3679 membrorum

157 3709 232 3771 lnaec
251 3705 368 3791 quidem
390 3710 487 3769 omnia
508 3716 578 3769 nota
605 3707 659 3770 tibi
680 3718 751 3772 sunt
769 3715 818 3791 qui
840 3720 872 3773 et
893 3733 959 3774 cnm
1016 3709 1143 3769 omnium
1165 3711 1400 3771 communionem
1418 3712 1596 3790 conspirans
1614 3716 1701 3790 apte,
1722 3717 1755 3772 et
1772 3728 1818 3771 ve·

157 3802 291 3864 familiari
314 3808 418 3863 nostro
438 3801 468 3861 in
488 3799 539 3862 illo
561 3800 709 3883 colloquio
729 3803 905 3879 interfuisti,
929 3815 961 3869 et
1016 3804 1189 3863 nnstissime
1209 3799 1365 3874 cohereat3
1384 3821 1459 3863 sane
1473 3800 1512 3863 ad
1525 3822 1592 3864 caua
1610 3822 1673 3863 rem
1691 3800 1818 3866 efficien-

157 3915 242 3967 vero,
262 3892 351 3954 nobis
371 3895 412 3954 ita
431 3891 598 3955 uolentibus
617 3898 770 3977 particeps
789 3894 882 3959 fuisti.
1015 3891 1100 3969 dam,
1125 3914 1201 3974 quae
1226 3893 1315 3973 hujus
1335 3898 1446 3974 negotii
1471 3902 1532 3956 tam
1551 3914 1639 3975 qnam
1658 3894 1746 3958 basis
1765 3902 1818 3968 eat,

233 3985 308 4049 Cum
328 3987 418 4066 igitur
434 4008 511 4069 quae
530 3986 568 4050 ab
579 3986 760 4051 Oratoribus
772 3986 810 4051 de
830 3990 960 4053 ineundo
1015 4006 1085 4048 vero
1106 3984 1275 4065 Theologo,
1300 3996 1332 4049 et
1350 3990 1382 4048 in
1400 3984 1510 4049 divinis
1528 3987 1637 4050 litteris
1658 3991 1817 4051 exercitata

157 4075 277 4140 foedere
308 4075 389 4141 dicta
415 4088 500 4142 erant
530 4100 597 4142 cnm
623 4083 661 4141 iis
686 4102 764 4163 qnae
791 4082 960 4146 Caesareae
1015 4078 1102 4140 valde
1127 4098 1203 4161 opus
1227 4100 1298 4141 esse
1322 4078 1486 4142 videbamur.
1528 4080 1680 4159 Quocirca
1702 4102 1771 4144 eum
1787 4090 1817 4143 ta

156 4170 313 4251 Majestati
340 4181 370 4233 et
390 4173 480 4235 verbo
507 4182 538 4234 et
561 4175 674 4257 scripto
700 4174 872 4237 retulissent
891 4197 959 4238 con·
1016 4170 1190 4250 Theologus
1214 4173 1275 4247 sis,
1301 4180 1333 4234 et
1357 4175 1386 4233 in
1413 4193 1448 4234 ea
1475 4173 1617 4237 facultate
1642 4170 1815 4255 explicanda

157 4265 270 4323 senrtire
290 4261 473 4337 videremus,
501 4286 625 4348 cumque
650 4266 739 4329 nobis
765 4267 803 4330 de
824 4268 959 4330 Sanctis·
1017 4286 1046 4325 ιιι
1065 4285 1175 4343 ninsrgm
1196 4264 1360 4344 Gymnaaio
1387 4267 1506 4347 publico
1531 4288 1639 4347 magna
1659 4269 1753 4329 sicuti
1769 4286 1813 4329 ιι·

156 4358 223 4417 simi
245 4353 364 4416 Domini
385 4352 489 4418 Nostri
509 4360 652 4441 pastorali
672 4361 873 4424 sollicitudine
892 4383 960 4424 corr·
987 4338 991 4419 l
1016 4355 1143 4419 divinans
1162 4378 1228 4418 cum
1248 4355 1336 4419 lande
1356 4363 1495 4434 verseris,
1516 4381 1641 4441 cumque
1657 4380 1719 4423 noa
1738 4378 1814 4443 prat·

155 4456 260 4525 staret,
281 4450 367 4529 enjus
380 4448 534 4512 Sanctitas
550 4451 622 4513 nihil
642 4461 726 4535 optat
748 4455 961 4527 vehementius,
989 4496 992 4509 .
1015 4460 1096 4513 terea
1117 4448 1156 4512 dc
1174 4460 1225 4512 tua
1244 4453 1336 4524 varia,
1357 4459 1388 4513 et
1408 4452 1560 4535 multiplici
1581 4452 1736 4527 doctrina,
1754 4470 1816 4536 ptu-

158 4562 246 4624 quaru
267 4549 299 4602 nt
320 4539 479 4604 Christiani
497 4547 635 4626 corporis
661 4546 792 4609 mernbra
813 4550 841 4607 in
862 4569 964 4624 unam,
986 4528 991 4631 Ι
1015 4542 1116 4605 denntin
1136 4543 1296 4624 probitate,
1315 4553 1346 4605 et
1359 4545 1512 4608 multarum
1525 4567 1622 4608 rerum
1635 4548 1817 4629 experientia

158 4646 189 4696 et
208 4633 287 4709 fidei,
307 4644 338 4696 et
357 4637 517 4696 animorum
538 4641 765 4700 consensionem
780 4639 961 4715 coalescant,
986 4670 989 4699 t
1015 4639 1120 4718 partim
1151 4658 1168 4697 a
1199 4640 1270 4697 viris
1300 4637 1441 4717 gravibus
1469 4649 1499 4701 et
1522 4638 1580 4700 fide
1607 4637 1709 4718 dignis
1729 4638 1817 4700 multa

160 4728 345 4789 decrevimus
373 4728 420 4788 his
441 4731 535 4789 initiis
562 4733 717 4804 irm'mtere,
741 4739 830 4813 atque
851 4732 898 4794 his
918 4737 959 4795 ita
985 4744 989 4805 Ι
1014 4734 1234 4810 acceperimus,
1254 4733 1359 4811 partim
1380 4752 1436 4792 nos
1457 4736 1516 4814 ipsi
1536 4735 1565 4793 in
1585 4735 1712 4815 privatis
1731 4731 1817 4794 eollo

160 4824 330 4881 cnnstitutis
356 4821 473 4901 longius
498 4821 636 4901 progredi
662 4820 781 4904 qunando
803 4823 840 4885 ad
863 4829 959 4908 ipsum
985 4814 989 4833 '
1015 4824 1091 4903 quiin
1118 4827 1338 4904 perpererimns
1370 4832 1403 4884 ut
1428 4829 1532 4887 merito
1562 4823 1746 4908 sperandum
1770 4828 1817 4899 m'l,

162 4911 301 4989 Magnum
324 4912 538 4974 Masonitarum
570 4913 686 4977 [lucem
718 4919 893 4997 scripsimus
914 4919 958 4981 lit·
1014 4922 1045 4976 le
1065 4934 1119 4996 pro
1139 4923 1190 4976 lua
1211 4937 1282 4996 erga
1302 4918 1511 4997 Apostolicam
1531 4917 1634 4979 sedem
1655 4919 1818 4983 ntsernsn

162 5010 301 5081 terasqne
316 5004 816 5084 pcrenndemfamiliarcnrnostmm
826 5010 958 5074 Oratori·
1014 5010 1055 5069 tia
1077 5016 1107 5068 et
1126 5009 1278 5088 religionis
1297 5009 1362 5070 zelo
1383 5011 1493 5085 utilem,
1514 5022 1544 5072 et
1564 5010 1681 5073 fidelem
1696 5032 1817 5096 operam

162 5091 409 5156 bnsMoseovitis
423 5100 567 5171 misimus,
585 5109 722 5181 petentes
735 5111 767 5164 ut
784 5124 837 5165 eas
854 5124 957 5166 secum
984 5088 987 5127 ἰ
1013 5103 1042 5160 in
1064 5101 1120 5161 lite
1146 5110 1195 5162 tua
1221 5102 1371 5181 legatione
1395 5108 1603 5185 praestiturum
1629 5109 1818 5188 praesertim

206 5184 309 5247 lumem
323 5188 488 5267 etipsorum
501 5187 631 5272 Principi
645 5191 813 5257 redderent.
831 5194 954 5258 lllirero
982 5242 984 5247 .
1012 5214 1078 5254 erum
1095 5197 1158 5274 jam
1179 5194 1254 5257 alias
1278 5197 1358 5257 sicut
1384 5197 1581 5260 intelleximus
1606 5209 1635 5261 et
1660 5198 1818 5280 neposne
