3742 5626
106 180 164 243 ιω
645 164 883 231 bblelOLDl
903 162 1230 231 Hstnnnsrmn'rr

109 354 222 421 rentur,
252 334 391 397 omuibus
417 328 613 393 incommodis
638 330 708 391 belli
732 350 768 391 se
794 330 913 411 potissi·
942 330 946 349 '
973 330 1186 407 interveniens,
1208 336 1238 393 et
1258 332 1370 391 nostris
1389 330 1608 411 seloppetorrrm
1621 346 1713 389 usum
1726 332 1778 391 eri-

110 448 186 491 mum
206 424 380 506 apudque:
400 424 510 495 sedes,
529 423 699 501 expositos,
719 423 913 502 periculoque
971 430 1071 503 peret,
1101 430 1142 485 et.
1161 426 1221 487 iltis
1248 423 1457 506 opprimendae
1485 423 1619 485 dammae
1647 424 1781 503 qratiam

110 521 262 603 proximos
290 520 470 599 cogitarent:
498 536 535 579 ac
566 518 594 577 ai
623 522 712 596 capta
741 534 793 577 arx
817 520 912 586 esset,
971 514 1065 577 daret.
1110 518 1161 579 Ab
1189 518 1282 579 altera
1310 522 1395 599 parte
1424 516 1603 578 munitiones
1633 512 1780 589 bostium,

108 610 316 675 infundendae
341 612 409 693 ejus
431 628 525 686 onus,
551 615 623 689 quot
647 610 678 669 in
697 613 742 669 tot
760 606 911 669 bostiliura
970 629 1047 689 quas
1066 631 1118 691 per
1137 613 1251 695 majus,
1275 608 1357 691 quod
1375 609 1607 671 demonstratum
1627 616 1697 683 est,
1716 628 1781 687 prn-

108 705 323 789 praeoidiamm
348 704 513 774 vicinitate,
544 702 684 763 ailramm
708 722 727 763 a
752 699 912 763 Litbnania
969 704 1166 783 pugnaculum
1186 712 1318 783 egerant,
1337 704 1511 783 vineaeque,
1530 704 1607 764 iutra
1623 722 1705 782 quas
1724 708 1778 762 tor·

108 802 328 881 interjectamm
348 796 551 875 magnitudine
574 796 731 857 maximam
756 792 911 854 difficulta-
970 802 1068 858 menta
1088 798 1317 870 constituerant,
1343 816 1429 875 quarn
1456 796 1584 857 maxima
1609 801 1777 855 nostrorum

108 900 168 954 tera
186 888 351 951 babituram
372 890 591 969 intelligebant,
610 887 650 949 ad
669 908 705 949 se
724 887 908 969 potissimum
969 898 1178 951 tormentorum
1199 891 1227 948 r'i
1248 890 1287 950 de
1307 890 1383 951 vallo
1404 891 1628 967 proturbantur:
1648 906 1776 968 cumque

107 984 276 1047 redituram.
314 982 382 1045 Rex
408 984 466 1045 etsi
491 980 531 1043 ad
549 982 649 1043 carnin
665 982 766 1063 potius
785 978 910 1040 deseen-
968 982 1091 1063 impigre
1115 982 1272 1043 tormentis
1299 1002 1350 1043 res
1369 980 1640 1059 administraretur,
1673 982 1776 1043 uineae

108 1079 180 1139 dere
197 1082 319 1157 paratus
336 1081 415 1149 erat,
440 1094 529 1157 quem
548 1075 796 1157 oppugnationem
817 1072 910 1133 diruit·
968 1093 1073 1136 omues
1098 1074 1162 1135 tere
1186 1075 1225 1136 de
1245 1077 1322 1138 ralla
1341 1074 1478 1158 dejectae
1497 1074 1630 1151 luemnt,
1660 1074 1775 1137 bostee

107 1179 186 1233 tere:
213 1170 388 1249 urgentibus
414 1176 513 1231 tamen
538 1168 612 1241 illia,
641 1168 832 1229 anosciunr
859 1162 909 1245 qni
968 1188 1027 1249 que
1051 1188 1088 1229 se
1112 1188 1149 1229 ae
1179 1174 1323 1230 tormenta
1353 1168 1567 1229 subduxerunt.
1619 1168 1775 1248 Plerisque

106 1264 424 1327 admonitiunculam
445 1262 629 1337 versabatur,
656 1260 859 1338 assiduusque
879 1258 908 1317 in
937 1308 942 1361 Ι
968 1262 1133 1321 cuniculum
1166 1261 1235 1321 inde
1269 1262 1307 1323 ad
1339 1261 1589 1343 propugnaculum
1626 1262 1774 1341 agendum

107 1378 199 1440 opere
218 1366 298 1428 erut,
328 1366 361 1416 ut
380 1356 420 1417 dc
439 1362 518 1417 stutu
537 1354 784 1436 oppugnationis,
812 1370 909 1430 quem·
937 1364 941 1435 Ι
968 1357 1224 1421 existimantibus,
1248 1355 1410 1416 Zamoscio
1435 1376 1473 1415 ea
1498 1354 1537 1414 de
1561 1374 1661 1415 causa
1683 1358 1776 1417 minus

106 1448 265 1513 admodum
292 1451 472 1531 postulatum
498 1468 518 1510 a
542 1448 702 1509 hilduardo
730 1446 842 1519 luerat,
870 1463 908 1503 err
969 1447 998 1506 irl
1017 1448 1202 1526 probabatur,
1222 1448 1344 1528 quadiu
1359 1448 1559 1509 sololrumirlu
1579 1469 1618 1509 ac
1640 1452 1776 1530 palustri,

107 1564 145 1605 ee
173 1548 384 1621 cognosceret,
415 1542 550 1603 accersit.
606 1540 735 1603 Duobus
765 1536 911 1621 primariis
968 1540 1045 1601 intra
1066 1540 1171 1602 duraen
1198 1547 1288 1622 atque
1314 1541 1408 1603 lacera
1436 1541 1535 1603 medio
1560 1542 1612 1603 six
1639 1543 1774 1603 cunicula

106 1636 302 1699 senatoribus
314 1634 471 1697 Litlmunls
485 1634 638 1711 adlribitis,
657 1632 728 1715 quid
747 1652 767 1695 a
786 1629 910 1709 laegatis
968 1634 1063 1693 locum
1091 1633 1154 1694 tore
1167 1634 1339 1715 judicabat:
1368 1634 1447 1714 quod
1475 1654 1545 1695 uero
1570 1656 1774 1715 propugnacu-

104 1734 220 1811 petntur
237 1728 383 1791 ostendit:
412 1738 557 1809 quaerunt
577 1748 617 1789 ex
635 1748 673 1787 eo
692 1728 858 1788 Senatores
877 1724 909 1793 ii,
967 1728 1028 1787 lum
1048 1726 1078 1787 id
1098 1726 1222 1789 ulterius
1242 1726 1374 1789 nonnibit
1400 1748 1486 1807 quam
1513 1726 1654 1807 reliquae
1673 1734 1774 1797 turrea,

105 1822 177 1903 quid
206 1822 245 1881 de
274 1840 422 1883 successu
456 1822 687 1903 oppugnationis
719 1818 909 1901 pollicentur:
967 1821 1007 1879 ita
1028 1820 1192 1899 prominere
1210 1818 1473 1895 animaduerteret,
1492 1829 1525 1883 nt
1545 1819 1631 1882 nulla
1648 1822 1691 1883 ab
1711 1822 1773 1885 aliia

106 1917 164 1977 nial
184 1923 294 1977 cenam
313 1934 397 1995 spem
412 1914 574 1996 potiundae
586 1916 665 1977 areis
680 1913 792 1983 alterat,
812 1910 909 1971 satius
968 1914 1197 1995 propugnaculis
1216 1918 1361 1975 tormenta
1381 1916 1473 1973 rectis
1493 1914 1605 1975 ictibus
1627 1934 1686 1995 per
1704 1914 1772 1975 iron-

104 2028 177 2071 csse
206 2008 377 2089 petentibus
403 2010 466 2089 Jam
496 2006 575 2080 dari,
606 2006 686 2087 quod
711 2004 792 2066 baud
816 2002 909 2063 multo
968 2011 1025 2067 tem
1046 2006 1113 2089 ejus
1134 2005 1218 2085 dirigi
1239 2026 1349 2087 posse:
1376 2026 1540 2087 omnesque
1568 2008 1622 2087 qui
1644 2028 1666 2069 a
1686 2008 1772 2071 lateri·

105 2110 175 2183 pest
194 2100 417 2161 dillrcultatibrrs
436 2101 512 2181 ipsis
533 2100 712 2178 eugentibus
726 2096 907 2179 majorinum
968 2100 1025 2159 bus
1044 2101 1074 2159 in
1095 2118 1161 2159 eam
1181 2104 1294 2179 partem
1315 2099 1500 2170 acciderent,
1520 2102 1692 2163 transversi
1712 2102 1772 2163 terri

104 2196 263 2275 ignominia
292 2192 477 2255 tribuendum
510 2193 596 2253 seret.
644 2191 825 2274 Respondet
852 2189 906 2249 Ze·
967 2191 1143 2268 uiderentur,
1163 2192 1190 2251 si
1209 2190 1249 2252 nd
1270 2212 1338 2253 eunr
1358 2192 1454 2253 lucum
1475 2192 1566 2253 miles
1585 2195 1770 2263 succederet,

106 2289 254 2361 raoseirrn,
283 2287 364 2346 utin
385 2306 433 2355 re,
463 2284 708 2365 quemadmodum
729 2286 828 2345 omnin
846 2284 909 2343 sint
935 2297 940 2333 t
966 2284 1045 2366 quod
1075 2306 1095 2345 a
1124 2284 1278 2345 tormentis
1303 2285 1380 2345 laedi
1406 2306 1465 2346 non
1486 2298 1616 2365 pnaaet,
1650 2288 1700 2349 rel
1728 2308 1771 2368 prr

105 2380 193 2455 belli,
217 2382 329 2439 ineerta
355 2376 427 2437 nibil
447 2378 520 2438 certi
540 2380 710 2459 promittere
729 2378 841 2459 possit,
866 2377 907 2436 ita
965 2381 1061 2459 ipsum
1083 2380 1230 2459 cespitem
1250 2377 1340 2439 multo
1367 2378 1499 2439 faciliore
1516 2400 1556 2441 ac
1575 2380 1771 2443 commodiore

105 2476 183 2533 irene
202 2476 300 2533 tamen
325 2471 424 2550 potius
447 2490 514 2531 eum
535 2472 661 2531 consilio
681 2477 772 2550 atque
791 2469 908 2529 tortunrr
934 2474 939 2603 Ι
966 2472 1078 2531 ratione
1099 2472 1246 2549 ligonibus
1264 2470 1302 2533 ad
1324 2474 1425 2532 turrim
1438 2474 1513 2533 ciam
1526 2474 1666 2553 patelieri
1686 2494 1771 2553 pcare

105 2564 216 2643 Regis,
251 2570 311 2625 lum
341 2564 447 2623 uirtute
476 2562 599 2623 militurn
634 2562 739 2623 fretum
768 2580 907 2644 sperare:
964 2564 1024 2625 sibi
1050 2562 1143 2625 rideri
1169 2564 1355 2625 ostendebat.
1395 2567 1499 2645 ltaque
1524 2566 1642 2629 somam
1669 2587 1771 2629 versun

104 2676 251 2737 praesens
273 2676 343 2717 uero
356 2658 583 2737 oppugnationis
602 2662 721 2739 tempus
734 2658 822 2719 eximi
835 2656 907 2737 pati,
934 2608 938 2775 Ξ
966 2660 1217 2739 propugnaculum
1246 2658 1316 2717 duci
1341 2659 1444 2739 jubet:
1477 2677 1564 2737 quam
1592 2678 1656 2719 rem
1685 2660 1770 2721 Luca

103 2770 190 2829 quem
210 2750 299 2813 aliurn
319 2752 431 2811 exitum
451 2749 615 2811 habiturum
638 2770 724 2829 quara
746 2756 777 2809 ut
800 2748 827 2809 ai
848 2768 906 2829 qua
965 2750 1073 2811 Sirnee
1094 2772 1161 2811 crrnr
1182 2752 1286 2811 atratis
1310 2750 1485 2812 cohortibus
1494 2752 1611 2831 inpigro
1630 2765 1767 2835 curame,

103 2862 181 2905 :runc
207 2843 421 2921 expugnandae
446 2845 513 2927 ejus
538 2842 666 2903 facultas
691 2844 743 2914 sit,
770 2862 807 2903 ea
826 2848 905 2923 post·
964 2864 1030 2905 cunr
1049 2844 1173 2905 ulterius
1194 2843 1329 2925 progredi
1350 2845 1459 2919 veltet,
1478 2842 1568 2926 palia,
1584 2864 1667 2925 quoa
1684 2847 1770 2927 justo

102 2956 189 3017 quam
210 2937 280 2997 anni
294 2940 426 3015 tempore
447 2938 476 2995 in
493 2946 664 2997 autumnum
680 2936 743 3017 jum
764 2944 906 3013 vergente
964 2938 1062 3016 spatio
1086 2944 1156 2997 ante
1182 2934 1289 2998 uallum
1315 2938 1445 3016 iugentia
1471 2936 1685 3015 magnitudinis
1704 2958 1768 2999 curr-

102 3038 266 3089 consuetae
285 3030 456 3107 regionibus
474 3030 513 3087 lis
530 3034 740 3109 tempestates,
760 3026 906 3106 etlusiqrre
934 3070 938 3115 Ι
965 3030 1144 3090 lertlssimos
1169 3032 1199 3089 iu
1223 3036 1330 3091 terram
1351 3030 1469 3091 detrxos
1487 3028 1682 3111 objecerant,
1706 3050 1765 3111 pro

103 3122 214 3181 rmbres
238 3122 414 3201 ingruerint,
444 3121 525 3181 nulla
555 3140 680 3202 prorsus
706 3120 906 3199 relinquatur?
934 3134 937 3207 t
964 3123 1075 3185 bibitus
1098 3124 1162 3183 tuit.
1197 3122 1349 3184 Postridie
1369 3124 1466 3183 vineis
1485 3142 1524 3187 ac
1544 3125 1700 3185 tormentis
1717 3122 1765 3183 lre·

102 3214 169 3275 llex
199 3214 445 3295 quemadmodum
475 3220 545 3275 ante
580 3216 610 3273 in
638 3215 736 3275 auimo
766 3212 905 3283 babebat,
933 3232 937 3273 r
963 3218 1067 3287 stium,
1097 3216 1342 3295 quemadmodum
1371 3216 1480 3277 dictum
1515 3226 1585 3290 est,
1610 3220 1671 3301 jau
1698 3226 1766 3277 ante

102 3308 238 3367 inducias
264 3306 379 3365 dandas
407 3328 465 3367 uon
492 3306 663 3390 judicabat:
692 3312 724 3367 ut
750 3326 836 3367 suurn
863 3306 905 3364 in·
933 3290 937 3363 l
964 3311 1140 3379 summotis,
1172 3310 1303 3370 nonrmlli
1323 3330 1361 3371 ex
1382 3310 1492 3370 nostris
1514 3314 1596 3371 inter
1618 3330 1655 3371 se
1673 3309 1769 3371 eebor·

103 3402 185 3459 tcrim
217 3399 365 3477 negotium
392 3410 517 3479 utraque
546 3406 643 3481 parte,
680 3420 717 3459 ea
748 3417 807 3477 qua
835 3404 905 3459 ante
963 3402 1017 3463 tati
1037 3401 1117 3461 nullo
1136 3404 1262 3482 imperio
1283 3402 1320 3463 ad
1341 3404 1599 3482 propugnaculum
1620 3426 1768 3469 excumm-

102 3494 215 3555 ratione
234 3490 473 3563 administrante,
502 3496 616 3555 litteras
635 3492 742 3571 laegati
762 3490 801 3551 ad
822 3490 903 3551 Prin·
962 3500 1021 3567 tes,
1042 3496 1134 3555 scalis
1153 3495 1293 3571 admotis,
1312 3496 1418 3557 rallurn
1433 3496 1588 3559 scandere
1603 3504 1768 3582 coeperunt.

105 3588 198 3667 cipem
217 3604 302 3645 suum
325 3582 438 3661 darent,
458 3588 604 3665 permisit:
630 3586 667 3647 iis
688 3604 762 3646 suas
780 3584 903 3656 addidit,
963 3588 1020 3649 llia
1047 3610 1066 3650 a
1090 3588 1209 3651 Mennis
1235 3592 1338 3667 partiar
1363 3610 1382 3649 a
1408 3588 1504 3650 t'route
1529 3588 1683 3674 dejectis,
1712 3610 1767 3675 pm

100 3676 347 3757 quenadmodum
372 3680 496 3760 petitum
520 3700 538 3739 a
559 3679 684 3759 Legatis
704 3678 816 3753 tuerat,
841 3678 903 3758 qui·
962 3682 1014 3741 tim
1034 3702 1087 3761 per
1106 3700 1240 3743 arcraam
1260 3688 1384 3761 portam,
1404 3702 1483 3764 qnae
1501 3682 1542 3745 ad
1565 3684 1719 3751 Locum!
1736 3684 1767 3747 ab

99 3774 157 3833 bna
184 3772 261 3831 diem
287 3776 395 3831 certam
422 3773 497 3833 intra
525 3792 611 3854 quarn
640 3772 832 3845 rescriberet,
862 3771 904 3831 illi
962 3775 1075 3835 oriente
1094 3774 1275 3855 pertinebat,
1304 3778 1528 3858 erumpentibus
1550 3780 1767 3842 circumuentis.

99 3866 307 3943 praetiniebut:
343 3864 431 3925 simul
460 3864 621 3945 llnngnros
656 3866 763 3927 rollum
793 3865 903 3936 subire,
962 3866 1080 3947 quidam
1102 3888 1141 3929 ex
1166 3868 1204 3927 iis
1225 3870 1402 3945 merissime
1422 3870 1570 3933 vulnerati
1598 3874 1700 3935 relicti
1716 3872 1766 3933 tae

100 3960 197 4037 abque
217 3960 275 4018 ima
295 3964 379 4039 parto
399 3960 475 4040 ejus,
496 3958 802 4039 cuniculumrrperire‚
822 3957 903 4019 buic·
962 3966 1037 4024 runt.
1076 3961 1271 4037 Zameseiua,
1300 3964 1350 4041 qui
1375 3962 1435 4025 alia
1458 3970 1520 4026 tan
1542 3964 1587 4027 ad
1606 3974 1710 4029 castm
1726 3984 1764 4025 cn

99 4072 158 4129 que
187 4052 335 4130 puluerem
368 4052 518 4133 subjicere
543 4054 640 4135 jubet.
680 4056 784 4131 ltaque
813 4058 903 4132 ponte
930 4042 934 4145 l
962 4054 1060 4129 rabat,
1086 4074 1154 4115 curn
1174 4054 1213 4115 de
1232 4056 1392 4136 irruptione
1412 4076 1450 4117 ea
1469 4062 1650 4123 nnsberurn
1670 4078 1761 4139 eng*

100 4146 139 4203 :rlr
158 4164 195 4203 ce
215 4144 291 4211 loco,
312 4166 372 4223 quo
391 4146 545 4223 augustior
562 4144 648 4205 lacus
668 4152 740 4216 erat,
761 4146 903 4206 subitario
931 4162 935 4225 t
962 4148 1073 4209 visset:
1105 4148 1203 4209 subito
1232 4148 1272 4208 ad
1301 4168 1356 4211 eas
1381 4150 1566 4212 munitiones
1593 4172 1635 4215 se
1662 4152 1759 4217 raab:

100 4244 191 4314 opere
211 4242 319 4305 strato,
346 4237 517 4316 reliquoque
541 4258 710 4319 operemur
730 4248 818 4299 noeto
838 4260 902 4321 per·
931 4290 934 4321 ,
962 4242 1212 4322 conspicatusque
1236 4242 1423 4318 vulneratos,
1449 4262 1527 4323 quoa
1548 4242 1704 4324 diximus,
1723 4266 1758 4307 ar

100 4328 195 4391 tecto.
226 4328 323 4408 pubis
350 4332 407 4391 aab
435 4332 642 4410 crepusculum
668 4333 837 4413 subjectus,
866 4352 903 4392 ac
962 4336 1022 4394 reis
1043 4334 1155 4412 aliquot
1174 4336 1300 4395 nummis
1320 4334 1515 4419 depromptis,
1545 4358 1634 4417 quos
1655 4348 1688 4403 ut
1709 4340 1758 4401 tim

100 4444 117 4483 a
142 4420 264 4481 meridie
290 4422 404 4483 demum
431 4424 590 4499 lucenses,
620 4427 736 4502 turrim,
766 4446 844 4504 quae
863 4428 902 4487 ab
930 4438 933 4469 ἑ
962 4448 1028 4487 num
1040 4428 1157 4489 animos
1175 4426 1213 4487 ad
1226 4429 1429 4490 maturandum
1448 4428 1575 4511 tmpigrc
1590 4448 1757 4517 epnspmt

101 4536 137 4573 ea
163 4520 248 4596 parte
278 4522 356 4587 erat,
386 4517 540 4597 corripuit:
566 4520 743 4599 cespiteque
772 4518 901 4600 disjecto
930 4570 933 4575 .
961 4521 1030 4581 miis
1056 4521 1205 4590 invitaret,
1232 4520 1270 4581 ad
1294 4526 1441 4585 tormenta
1467 4542 1593 4605 semper
1621 4526 1757 4609 expuat!

99 4610 240 4689 parietem
284 4608 495 4691 propugnaculi
532 4610 669 4686 nurlavit3
711 4632 799 4691 quem
836 4632 900 4671 curn
929 4594 933 4639 ¹
961 4612 1105 4681 babebat,
1136 4619 1247 4673 certam
1278 4616 1435 4695 pecuniam
1463 4616 1491 4675 sl
1519 4620 1573 4697 qui
1603 4622 1758 4685 valam

100 4704 233 4781 lluugari
260 4722 328 4763 mox
354 4700 573 4773 incendissent,
603 4704 700 4767 blesei
724 4704 902 4783 incendium,
960 4704 1149 4775 retulissent,
1173 4710 1364 4788 pronunciat:
1390 4710 1498 4789 quibus
1517 4710 1652 4787 relatis,
1670 4721 1705 4775 rrt
1719 4708 1758 4775 ld

101 4794 179 4870 quod
205 4798 357 4857 mariarum
384 4802 515 4855 exortum
542 4804 621 4867 erut,
645 4800 830 4877 restinguere
855 4820 902 4859 co·
960 4800 1044 4859 initio
1063 4818 1240 4860 successura
1267 4804 1352 4884 ejus,
1382 4801 1460 4882 quod
1482 4804 1590 4865 aninre
1613 4824 1758 4892 proper*

101 4892 253 4947 narentur:
283 4910 339 4949 nec
369 4890 461 4949 nostrl
491 4908 510 4949 a
541 4892 692 4953 coutinuis
722 4894 751 4953 in
776 4892 901 4955 blesens
960 4898 1015 4967 rat,
1035 4893 1256 4971 periclitaretur,
1276 4897 1376 4974 ligone
1395 4896 1445 4955 uni
1465 4894 1553 4967 data,
1572 4904 1760 4981 praemi*

102 4996 138 5035 ca
168 4981 247 5037 amni
278 4986 487 5041 tormentorum
522 5002 632 5063 genere
657 4986 903 5065 jaculationibus,
960 4988 1128 5069 proposito,
1149 4986 1219 5067 qaid
1241 4988 1303 5048 lieri
1323 4988 1408 5059 velit,
1427 4988 1577 5051 ostendit:
1609 4992 1759 5059 inter'n'

100 5088 157 5129 uec
188 5066 229 5128 illi
257 5090 277 5131 a
306 5080 411 5134 conatu
438 5076 641 5154 restinguendi
669 5078 763 5157 ignis,
796 5100 903 5161 nrague
960 5083 1050 5159 primo
1069 5082 1288 5155 successisset,
1318 5084 1368 5162 qui
1389 5102 1454 5144 eum
1480 5096 1759 5169 sequerentur,pt

96 5182 160 5223 curu
183 5162 445 5241 irruamruodosuo,
463 5168 721 5245 priuseessnrunt,
741 5192 829 5249 quarn
842 5196 902 5234 nox
963 5180 1041 5234 ratos
1063 5196 1142 5233 esse.
1163 5193 1199 5235 ae
1218 5174 1255 5235 nd
1279 5174 1389 5236 tussam
1402 5176 1570 5239 inferiorern
1588 5200 1756 5261 procurrer-
