3742 5626
759 144 1028 203 corroborauit.
1694 146 1731 203 oo

74 308 197 387 perante
217 300 401 363 Sebacbmet
424 320 477 360 rex
496 297 695 361 Sorothensis
719 300 749 358 in
774 304 876 380 partes
934 298 1105 359 bloseoriae
1124 298 1270 382 Princeps
1289 299 1461 380 adaequas
1480 302 1563 379 pacis
1588 303 1728 363 conditio·

74 396 253 458 Litlruaniac
266 396 356 465 venit,
366 394 480 454 scilieet
489 402 523 453 ut
532 394 615 452 initio
626 412 693 452 cum
704 392 875 456 Alexandro
934 413 989 453 nes
1010 392 1108 452 induci
1133 414 1192 452 neo
1211 399 1337 471 posset,
1363 415 1416 454 rex
1441 394 1584 454 Polouiae
1605 398 1729 457 Praeco-

75 512 145 571 rcge
171 490 304 561 foedere,
332 487 497 569 conjunctis
530 487 642 546 viribus
668 483 874 568 blabmetgirej
934 506 1055 563 pensem
1075 504 1174 563 regem
1193 487 1319 567 pecunia
1330 487 1481 557 conduxit,
1501 497 1535 548 ut
1544 488 1728 551 blascoriam

74 605 174 662 regem
195 584 339 644 Tauricae
359 583 513 663 ejicerent.
551 579 585 640 ln
605 600 693 659 quam
720 600 778 639 rem
800 585 875 639 utcr-
934 597 999 638 cum
1020 579 1149 638 exercitu
1167 580 1204 639 ab
1225 602 1283 641 una
1303 587 1386 661 parte
1408 581 1577 653 adoriretur,
1603 602 1639 643 se
1658 603 1728 662 quo

74 699 133 757 que
153 677 271 756 quidem
296 676 433 755 princeps
461 675 625 735 consensit.
675 672 748 733 Cum
776 678 875 733 autom
930 692 989 752 que
1021 692 1057 731 ex
1078 671 1171 732 altera
1198 672 1369 753 0poezlram
1397 695 1502 735 versus
1528 677 1671 756 impetum
1699 678 1728 736 io

74 769 217 831 Litbuani
236 772 325 852 juxta
358 788 458 828 eorum
489 765 734 828 consuetudieem
759 765 874 841 longius

76 884 162 943 quam
181 872 300 944 parcat,
321 862 429 923 bellum
449 860 607 930 differrent,
628 858 874 921 uxorSavollren·

75 959 121 1017 sis
140 959 229 1037 regis,
248 959 374 1039 ejusque
385 976 473 1036 quem
484 955 512 1014 in
524 955 637 1035 campis
649 951 779 1014 babebat
789 972 874 1013 excr-

76 1052 163 1121 eitus,
189 1070 303 1121 morae,
328 1056 388 1110 tum
414 1049 504 1108 etiam
530 1046 647 1126 frigoris
676 1048 874 1129 impatientes,

74 1165 174 1205 comam
200 1163 300 1223 regern
327 1143 357 1202 in
383 1140 501 1222 oppidis
533 1140 711 1219 quibusdam
737 1142 875 1217 agentem

73 1238 244 1309 sollicitant,
269 1236 401 1295 obmisso
428 1233 569 1294 Polouiae
593 1252 673 1309 rege,
697 1237 730 1291 ut
754 1232 784 1290 in
804 1236 875 1290 tem·

10 1312 16 1330 ⁸
74 1350 146 1411 pore
166 1332 257 1391 rebus
278 1331 344 1389 suis
362 1326 524 1408 provideat.
557 1323 646 1396 Quod
667 1344 732 1384 cum
752 1324 795 1384 illi
814 1343 875 1404 per·

74 1423 203 1483 suadere
224 1442 281 1482 non
302 1426 434 1500 possent,
454 1439 527 1479 uxor
547 1418 649 1478 relicto
668 1419 783 1489 marito,
810 1437 875 1476 cum

75 1526 160 1596 parte
182 1517 330 1577 exercitus
354 1514 392 1574 ad
411 1512 617 1593 blabnretgirej
637 1511 875 1592 Praecopcnsem

76 1628 177 1686 regem
187 1609 301 1668 defrcitr
315 1609 400 1689 cujus
410 1606 549 1686 impulsu,
560 1603 781 1685 Praecopcusis
792 1622 874 1663 exer·

76 1703 164 1761 citum
184 1701 224 1761 ad
242 1698 439 1782 profligandas
459 1698 589 1777 reliquas
609 1696 806 1759 Savelbensis
827 1714 873 1754 ce·

74 1796 141 1875 pias
166 1796 263 1857 mittit.
284 1795 392 1873 quibus
414 1791 585 1872 dissipatis,
617 1790 800 1851 Sebaebmet
820 1788 873 1849 Sa·

73 1886 227 1947 rellrcosis
253 1908 304 1947 rex
330 1886 530 1946 infelicitatem
562 1906 648 1945 suam
675 1883 797 1952 ridens,
827 1902 873 1941 se-

74 1981 222 2058 xingentis
248 1980 311 2039 lere
337 1979 486 2059 equitibus
509 1982 680 2049 comitatus,
705 1976 814 2036 Albam
834 1974 873 2035 ad

74 2073 206 2153 prram
225 2074 345 2134 fluvium
364 2074 462 2144 sitam,
481 2093 536 2152 spe
555 2073 656 2133 auxilii
675 2069 803 2132 aTurca
824 2069 874 2128 im·

72 2167 206 2247 plorandi
227 2166 367 2246 confugit.
408 2168 440 2226 ln
461 2186 498 2226 ca
518 2166 636 2225 civitate
656 2184 721 2223 curn
742 2172 874 2223 structas

73 2260 141 2330 sibi,
153 2268 185 2319 ut
196 2266 357 2338 caperetur,
369 2259 495 2320 insidias
506 2258 712 2328 intellexisset,
730 2274 874 2317 converso

74 2354 194 2424 itincre,
214 2354 264 2414 aix
275 2355 368 2414 media
380 2359 461 2433 parte
473 2354 602 2431 equitum
613 2356 782 2430 assumpta,
804 2349 873 2409 llio·

74 2448 151 2505 riam
177 2450 324 2526 pernenit;
352 2448 398 2506 ubi
422 2470 440 2507 a
461 2445 617 2507 Litbuanis
645 2448 872 2513 circumventus,

76 2535 255 2620 captusque,
280 2560 344 2601 eum
371 2543 450 2619 regis
476 2542 618 2601 Peloniae
637 2541 728 2620 jussu
756 2536 872 2596 Vilnam

75 2632 277 2705 deduceretur,
297 2634 413 2694 obviam
433 2636 491 2695 sibi
512 2656 564 2694 rex
582 2651 763 2714 progressus
782 2630 862 2689 hono

73 2728 154 2786 ritiee
173 2734 354 2808 susceptum,
374 2728 411 2788 ad
432 2726 610 2787 Polonerum
629 2731 805 2786 conventum
824 2744 871 2783 se·

75 2839 142 2879 cum
163 2819 263 2879 duxit:
285 2841 343 2897 quo
364 2821 480 2899 quidem
492 2824 636 2879 conventu
649 2820 759 2879 bellum
770 2817 871 2877 adver·

75 2932 131 2972 sus
150 2912 341 2993 bleugligerej
367 2914 542 2975 decernitur.
588 2912 651 2973 Sed
676 2932 742 2972 cum
766 2910 871 2971 l'oloni

75 3006 105 3065 in
137 3006 273 3082 cogendo
305 3008 453 3067 excercitu
482 3012 598 3084 tempus
624 3005 756 3085 lougius,
786 3024 871 3083 quam

73 3119 128 3179 par
147 3108 219 3170 erat,
240 3099 437 3170 extraherent,
457 3099 602 3160 Tartarus
619 3098 812 3161 vehementer
831 3095 872 3155 of·

73 3192 190 3263 seusus,
212 3193 309 3253 denuo
329 3192 368 3252 de
388 3193 457 3273 fuga
477 3195 606 3271 cogitare
626 3194 738 3272 coepit:
764 3193 793 3251 in
813 3210 873 3269 qua

73 3285 288 3366 deprehensus,
306 3286 345 3346 ad
362 3286 452 3348 Trolri
469 3292 605 3357 castrum,
619 3292 744 3365 quatuor
754 3306 772 3343 a
785 3283 872 3345 Vilna

74 3379 233 3440 miliaribus
266 3386 411 3441 retractus
442 3387 506 3455 est3
541 3401 629 3461 quem
655 3398 711 3459 ego
736 3379 777 3439 ibi
802 3376 872 3447 vidi,

74 3494 190 3552 unaque
210 3494 274 3535 curn
295 3496 331 3535 co
352 3496 481 3556 pransus
500 3494 577 3535 sum.
596 3474 695 3553 Atque
707 3470 871 3532 bieSavol·

73 3565 210 3627 bensium
228 3589 327 3648 regnam
351 3570 466 3650 imperii
486 3568 553 3628 linis
574 3566 646 3627 fuit:
672 3586 736 3625 cum
763 3565 871 3644 quibus

73 3665 104 3719 et
122 3661 290 3723 Astracban
311 3682 407 3739 reges,
428 3663 478 3741 qui
496 3680 614 3741 quoque
634 3680 670 3719 ex
693 3658 807 3719 eisdem
826 3678 870 3717 re

72 3753 160 3830 gibus
173 3755 312 3833 originem
325 3760 487 3826 traxerunt,
506 3775 566 3814 una
576 3754 740 3835 perierunt3
760 3753 869 3833 quibus

71 3846 114 3907 ita
132 3850 286 3928 oppressis
307 3853 337 3908 et
356 3851 501 3920 extinctis,
527 3867 629 3927 regum
649 3846 796 3907 Tauricae
820 3866 869 3925 pe

71 3942 166 3999 tentia
185 3943 327 4023 majorem
346 3943 374 4001 in
394 3942 509 4002 modum
523 3941 657 4003 adaucta.
675 3940 781 4001 ricinis
798 3958 868 4017 gen·

72 4032 154 4091 tibus
170 4034 271 4093 terreri
292 4040 362 4106 crat,
388 4036 463 4097 adeo
488 4041 521 4096 ut
547 4045 578 4095 et
602 4052 699 4112 regem
726 4030 869 4093 l’oloniae

73 4123 113 4185 ad
127 4136 235 4186 eertum
257 4127 432 4209 stipendium
452 4128 640 4211 pendendum
662 4135 812 4206 cogerent,
831 4146 868 4186 ea

71 4218 252 4291 conditione,
272 4226 304 4280 ut
324 4242 423 4283 eorum
443 4244 533 4305 opera
554 4223 658 4302 quavis
676 4224 799 4299 urgente
819 4238 867 4279 ne·

71 4315 219 4373 cessitate
237 4318 342 4377 utatur.
362 4314 442 4387 Quin
466 4328 496 4377 et
517 4315 689 4377 Mosconiae
711 4313 868 4393 Princeps,

74 4409 175 4466 missis
195 4408 323 4471 subinde
340 4410 513 4473 muneribus
536 4410 616 4470 illurn
641 4410 698 4470 sibi
718 4408 868 4468 devincire

69 4502 200 4575 solelrat3
221 4500 300 4583 quod
321 4502 389 4563 ideo
409 4504 450 4573 tit,
474 4503 542 4583 qula
567 4524 632 4564 eum
657 4503 767 4563 mutuis
792 4501 869 4563 assi·

931 763 1030 824 blosei
1061 764 1202 825 ditionem
1232 766 1389 841 facturum3
1415 788 1474 847 qua
1497 778 1562 828 arte
1587 768 1729 830 Pelusiae

931 878 984 919 rex
1010 856 1146 919 bloscum
1174 858 1213 918 ad
1236 859 1407 921 tolerabiles
1431 862 1517 943 pacis
1544 863 1729 923 conditiones

932 953 997 1028 cogi
1024 972 1119 1032 posse
1144 952 1296 1033 sperabat.
1342 952 1431 1024 Quod
1451 954 1576 1015 blesens
1602 956 1730 1017 animad-

931 1050 1059 1117 vertens,
1079 1046 1180 1106 missis
1200 1045 1377 1108 Oratoribus
1396 1069 1482 1109 suurn
1500 1049 1630 1109 vicissim
1650 1049 1730 1131 apud

933 1138 1087 1199 Tartarum
1107 1140 1167 1218 egit
1188 1142 1346 1217 negotium,
1367 1146 1400 1201 ot
1418 1140 1535 1203 scilieet
1558 1144 1589 1203 in
1608 1142 1729 1204 Litbua·

934 1233 1019 1302 niam,
1039 1252 1124 1311 quam
1144 1240 1206 1291 tum
1233 1235 1311 1294 omni
1336 1243 1418 1294 metu
1444 1255 1566 1297 vacuam
1591 1256 1628 1295 ae
1648 1255 1729 1314 prae·

933 1324 1010 1385 sidio
1030 1324 1200 1385 destitutam
1220 1347 1291 1388 esse
1311 1328 1438 1399 dicebat,
1463 1329 1543 1391 vires
1567 1348 1641 1391 suas
1661 1348 1728 1389 eoe-

934 1426 1080 1485 verteret.¹
1111 1418 1207 1500 Cujus
1225 1422 1379 1483 consilium
1400 1421 1555 1493 Tartarus,
1584 1424 1632 1483 sui
1652 1443 1728 1483 conr-

933 1511 1012 1571 medi
1032 1512 1176 1573 duntaxat
1194 1514 1307 1573 ratione
1327 1514 1436 1584 babita,
1454 1524 1580 1577 secutus
1598 1520 1656 1579 est.
1674 1516 1729 1576 At·

933 1624 991 1684 que
1010 1606 1038 1666 is
1057 1603 1204 1688 ejusmodi
1223 1604 1391 1689 Principum
1416 1608 1655 1670 dissensionibus
1678 1630 1729 1689 po

931 1699 1039 1758 tentior
1059 1700 1167 1770 faetus,
1187 1718 1255 1760 cam
1274 1700 1386 1780 imperii
1402 1699 1529 1779 augendi
1547 1701 1670 1762 libidine
1688 1707 1729 1762 te-

932 1800 1060 1863 neretur,
1081 1812 1177 1872 neque
1189 1794 1345 1871 quiescere
1357 1800 1470 1874 posset,
1490 1793 1528 1855 ad
1539 1797 1651 1878 majera
1669 1797 1729 1855 ani·

931 1906 1007 1945 mum
1028 1886 1184 1967 applicuit:
1204 1885 1375 1965 blamojque
1393 1886 1577 1949 Nalraicensi
1598 1890 1728 1970 principe

932 1980 989 2039 sibi
1019 1979 1173 2061 adjuncto,
1207 1978 1361 2040 Tauricam
1392 2000 1470 2041 anno
1499 1981 1618 2042 Domini
1644 1984 1728 2053 lost,

932 2092 1036 2133 mense
1055 2073 1206 2142 Januarie,
1227 2092 1289 2131 cum
1311 2076 1446 2134 exercitu
1459 2094 1610 2154 egressus,
1629 2096 1728 2154 regem

930 2165 1099 2226 Astraclran
1120 2166 1241 2227 adortus
1265 2174 1328 2239 est3
1353 2169 1439 2249 cujus
1464 2170 1581 2237 orbern,
1606 2189 1672 2229 cum
1692 2191 1728 2230 ea

932 2259 1041 2330 relicta,
1061 2272 1140 2320 metu
1160 2260 1349 2340 profugisset,
1368 2260 1495 2333 obsedit,
1514 2270 1545 2323 et
1563 2265 1728 2342 occupavit,

931 2353 1095 2432 mansitque
1115 2355 1208 2413 vietor
1226 2356 1255 2413 in
1276 2355 1394 2415 civitate
1414 2356 1471 2415 sub
1491 2355 1589 2417 tectis.
1610 2358 1726 2417 leterim

930 2446 1007 2523 Agis
1032 2446 1265 2508 Nabaicensium
1290 2468 1407 2528 quoque
1431 2450 1584 2529 princeps,
1609 2449 1726 2510 fratrem

929 2560 1014 2598 suurn
1034 2539 1142 2622 lllamaj
1162 2543 1302 2619 increpat,
1328 2540 1408 2620 quod
1427 2548 1486 2601 tam
1511 2550 1658 2619 petentem
1685 2543 1726 2602 ri·

930 2632 1024 2691 einum
1046 2635 1110 2693 suis
1121 2636 1216 2714 copiis
1225 2635 1351 2716 juraret.
1373 2634 1532 2695 Praeterea
1542 2655 1607 2694 eum
1618 2641 1726 2704 monet,

929 2733 962 2784 ut
987 2725 1192 2810 blabmctgirej
1223 2730 1302 2805 regis
1328 2729 1357 2786 in
1383 2727 1450 2789 dies
1472 2738 1656 2788 crescentem
1678 2748 1728 2805 pe*

929 2820 1051 2879 tentiam
1071 2826 1238 2900 suspectam
1257 2820 1394 2885 baberet:
1415 2841 1506 2900 posse
1527 2823 1614 2892 enim,
1634 2822 1726 2881 utin·

931 2912 1057 2973 sanabili
1076 2914 1125 2974 ille
1144 2917 1242 2974 animo
1262 2920 1354 2986 essct,
1376 2915 1447 2987 fieri,
1466 2921 1498 2977 ut
1522 2915 1675 2975 conversis
1695 2915 1724 2973 in

930 3026 966 3066 se
985 3006 1162 3089 fratremque
1175 3009 1273 3078 armis,
1292 3015 1447 3089 utrumque
1461 3029 1551 3087 regne
1571 3007 1726 3085 depulsum

930 3105 983 3161 out
1003 3101 1158 3171 interimat,
1183 3103 1282 3161 autin
1303 3105 1472 3163 servitutem
1492 3103 1628 3162 deducat.
1652 3100 1726 3171 (lui-

929 3194 987 3253 bus
997 3194 1095 3254 verbis
1104 3193 1213 3277 blamaj
1224 3201 1383 3275 permotus,
1404 3197 1484 3256 fratri
1497 3196 1625 3268 nunciat,
1645 3216 1727 3255 euur·

930 3306 988 3365 que
1007 3285 1147 3359 bortatur,
1167 3295 1304 3369 utquam
1323 3288 1436 3367 magnis
1456 3300 1562 3371 posset
1572 3291 1667 3370 copiis
1687 3288 1726 3349 ad

929 3399 966 3439 sc
990 3392 1174 3461 properaret,
1202 3404 1293 3461 posse
1313 3385 1389 3444 eninr
1409 3402 1497 3453 nuno,
1517 3404 1581 3443 curn
1594 3382 1726 3443 blabmet

928 3474 1001 3554 girej
1029 3494 1135 3553 magno
1163 3496 1259 3536 rerum
1289 3498 1434 3538 successu
1465 3480 1563 3537 elatus
1589 3477 1725 3536 securius

929 3574 1045 3641 ageret,
1082 3572 1224 3647 utrosque
1254 3590 1291 3631 eo
1316 3580 1398 3632 metu
1423 3570 1521 3631 levari
1566 3570 1642 3645 Agis
1669 3568 1723 3629 fra·

928 3661 981 3720 tris
1002 3661 1119 3721 monitis
1139 3682 1264 3742 parcns,
1294 3664 1332 3724 ad
1363 3665 1574 3744 praescriptum
1608 3668 1724 3738 tempus

927 3772 964 3813 se
986 3772 1050 3813 cum
1072 3757 1215 3827 exercitu,
1235 3757 1373 3837 quemad
1399 3753 1604 3816 defendendas
1625 3755 1654 3812 in
1681 3760 1725 3813 tot

927 3846 1014 3907 bellis
1044 3850 1126 3926 regni
1147 3850 1193 3909 sui
1214 3850 1289 3909 fines
1304 3852 1367 3929 jam
1387 3849 1467 3927 prius
1492 3851 1630 3925 coegerat
1655 3845 1726 3907 alfu-

926 3945 1022 4001 turum
1050 3942 1169 4000 omnino
1199 3942 1340 4022 premisit.
1399 3939 1467 4011 Qua
1503 3960 1535 4000 re
1567 3940 1725 4013 intellecta,

926 4031 1036 4115 Mamaj
1057 4034 1194 4093 continuo
1213 4053 1311 4112 regern
1327 4032 1530 4117 blabmetgirej
1550 4043 1664 4108 monet,
1687 4056 1727 4094 ne

926 4126 1049 4184 militem
1068 4125 1168 4187 soluta
1187 4126 1342 4207 disciplina
1362 4130 1418 4190 sub
1438 4130 1526 4190 tectis
1542 4129 1644 4202 aleret,
1664 4150 1726 4189 cor·

925 4224 1146 4299 rumperetque:
1167 4221 1223 4281 sed
1241 4222 1313 4282 urbe
1326 4223 1435 4295 relicta,
1454 4224 1483 4283 in
1494 4223 1726 4305 eampispotius,

926 4317 958 4372 ut
977 4332 1043 4372 mos
1061 4317 1117 4383 est,
1137 4311 1268 4393 degeret.
1290 4314 1385 4399 Cujus
1398 4318 1520 4379 consilio
1530 4318 1726 4396 acquiescens
1798 4388 1803 4406 .

925 4426 989 4477 rex,
1008 4405 1126 4467 militem
1145 4409 1175 4469 in
1195 4420 1293 4472 castra
1313 4412 1422 4483 educit,
1442 4410 1724 4487 advolatAgiseum

926 4502 1067 4571 exercitu,
1086 4522 1180 4584 seque
1200 4504 1282 4566 fratri
1301 4506 1413 4587 jungit:
1440 4514 1530 4582 atque
1549 4501 1580 4562 bi
1606 4498 1726 4559 nonita

70 4592 129 4653 due
149 4595 236 4655 bellis
254 4596 448 4677 implicentur,
466 4604 590 4677 uterque
605 4594 791 4657 Tartarorurn
810 4614 869 4677 ope
926 4594 1015 4656 molto
1035 4602 1104 4675 post
1116 4594 1321 4682 Mabmetgirej
1341 4618 1439 4677 regem
1459 4594 1530 4656 nilril
1551 4592 1725 4655 talotimcn·

70 4688 220 4767 annisque
240 4689 365 4751 alterum
389 4708 426 4751 se
451 4692 551 4771 sperat
575 4690 741 4770 opprimere
765 4708 867 4767 mose.
926 4694 996 4760 tem,
1015 4710 1081 4750 cun
1100 4688 1207 4753 liatbir
1225 4690 1330 4753 Saltan
1350 4692 1418 4761 tilio,
1431 4686 1663 4765 vigintiquinque
1673 4704 1724 4744 an·

70 4780 169 4863 (Jujus
193 4781 243 4843 ille
269 4782 351 4845 baud
374 4786 513 4863 moerus,
538 4784 673 4863 acceptis
697 4780 870 4843 mooembus
927 4802 984 4845 noa
1004 4792 1083 4855 nato,
1102 4782 1305 4865 prandentem,
1330 4784 1409 4843 faeta
1430 4780 1590 4859 derepente
1615 4779 1726 4861 inpetu

70 4882 225 4955 utrumque
249 4898 326 4938 vana
351 4898 406 4959 spe
429 4875 575 4948 laetabat3
602 4873 633 4933 id
657 4872 736 4955 quod
759 4872 808 4933 rel
833 4890 871 4935 eo
927 4877 1113 4947 obtmnmot,
1132 4876 1260 4959 ejusque
1277 4878 1417 4956 najaram
1439 4872 1588 4935 exercituo
1614 4882 1725 4953 partem

71 4974 212 5050 ternpore,
233 4970 304 5031 dum
324 4990 380 5050 ego
392 4970 536 5035 Cameris
547 4966 741 5031 ldaximlllaal
754 4966 871 5029 aoniae
927 4964 1061 5039 mor.
1078 4972 1111 5031 et
1127 4968 1260 5049 reliquo·
1278 4968 1308 5027 ln
1328 4966 1427 5047 fugam
1442 4970 1573 5030 oemunt:
1592 4986 1630 5028 ae
1649 4970 1727 5028 ultra

69 5062 150 5143 apud
168 5062 343 5124 bloscoviae
368 5066 531 5149 Prinorpen
556 5060 596 5125 de
614 5078 689 5143 μω
713 5078 783 5123 om
800 5070 872 5141 roge
927 5056 1238 5147 mm
1255 5060 1552 5143 uqxeimquentes
1588 5060 1724 5129 caedunt,

70 5156 217 5220 l'oloniae
235 5154 366 5219 iocunda
374 5160 539 5231 aream,
555 5154 699 5241 appanlt·
716 5152 872 5219 llum
927 5148 1258 5237 when}
1279 5152 1443 5259 ἅμ,
1466 5172 1555 5239 qun
1579 5158 1610 5219 in
1631 5154 1725 5217 coer·
1766 5238 1771 5247 Ι

1159 5316 1174 5357 b
