3742 5626
96 196 155 259 m
721 196 852 262 PAULl
872 197 1139 263 conuenienti

102 361 289 441 putissimum
311 360 398 434 'sitn‚
431 362 524 436 lama,
558 358 680 422 ditionis
707 360 904 443 amplitudine
929 378 933 447 Ι
960 371 1044 437 rent
1064 362 1180 424 ciuilius
1205 382 1276 424 vero
1296 382 1367 424 sese
1387 359 1569 425 dedentibus
1589 365 1692 423 omnia
1713 362 1762 425 sal

97 452 236 517 Mic
261 458 337 538 (qua
361 456 508 516 nescitus
532 454 598 514 aiae
619 450 902 517 numinensium
960 475 999 517 ua
1018 466 1050 516 et
1070 456 1148 517 laeta
1159 456 1376 538 pollicerentur.
1417 455 1538 517 Eratis
1555 459 1623 536 ipsu
1650 459 1770 534 tyranni

101 542 278 609 ἆοίήιοιῑο
297 547 336 608 ali
362 567 399 610 ae
417 549 560 609 sustiueri
580 548 903 631 possent)opportuni-
961 551 1205 610 nominesumma
1225 550 1404 610 existimatio
1424 569 1491 610 eum
1512 547 1641 610 bellicae
1661 544 1772 619 laudis,

102 647 164 701 tute
190 637 319 721 deniqne
339 636 378 700 ad
397 642 485 718 sigua
504 659 560 700 sua
579 643 709 722 penitius
728 641 759 700 in
778 640 900 703 Lithue·
961 648 1024 701 turn
1053 639 1240 703 crudelitatis
1272 640 1550 722 atquelsasritine,
1585 638 1772 723 aderantque

104 735 182 795 udam
209 729 379 807 inducenda,
405 740 565 813 ceteraque
590 730 736 815 deinceps
761 753 797 795 es
816 732 904 795 Polo
961 734 1003 793 illi
1024 739 1130 815 copiae
1149 753 1271 795 numero
1293 739 1325 795 et
1342 737 1449 797 uirtute
1470 735 1596 797 manime
1611 732 1770 797 furandae·

101 828 148 887 cia
174 824 292 887 lucilius
316 826 539 907 promptiusque
559 821 793 887 administranda
812 822 905 886 addu·
962 824 1027 887 dae.
1050 828 1153 907 ltaque
1165 846 1233 888 mox
1244 824 1409 888 incredibili
1422 846 1523 887 rerum
1538 829 1770 890 commutatione

101 926 178 979 etus.
224 920 328 999 ltaque
353 919 383 977 in
409 936 500 978 uuam
522 916 694 999 proies-endi
719 921 833 1000 imperii
852 938 904 1000 pa·
962 918 1769 1001 subsecuta,lactumestutl’olocisosiumorma,quae

101 1006 272 1093 mudeeque
296 1014 440 1073 uictoriae
466 1030 567 1072 ernam
585 1003 726 1088 intentus,
747 1030 904 1094 supremas
963 1012 1282 1092 mesimerepentinun
1291 1012 1555 1093 vehementemque
1566 1012 1767 1094 impetantu-

100 1122 174 1187 spes
200 1106 231 1165 in
256 1100 411 1166 imudilsus
436 1112 468 1165 et
491 1102 571 1165 dolis
595 1103 736 1181 collocat,
756 1112 788 1166 et
806 1104 845 1165 ad
866 1104 904 1166 S.
963 1103 1098 1179 inerant,
1120 1109 1149 1165 iu
1168 1101 1572 1168 medioeonatudelicereut.
1602 1106 1769 1169 comui·

102 1199 270 1279 Augustum
295 1196 527 1258 humanissimas
551 1196 681 1272 litteras,
707 1196 816 1279 quibus
835 1201 905 1260 auri·
962 1196 1151 1259 nullaadlrue
1172 1217 1294 1259 suumn
1311 1197 1419 1259 auxilia
1441 1201 1643 1280 accepissent,
1660 1208 1771 1261 metue

101 1293 200 1353 titiam
222 1299 254 1352 et
272 1287 379 1353 locdns
397 1292 457 1371 ipsi
468 1289 620 1364 offerebat,
640 1291 729 1352 scribi
740 1290 837 1372 jubet
860 1286 905 1352 Se
962 1297 1130 1370 reutqueue
1137 1287 1209 1371 quid
1217 1289 1350 1351 intestini
1362 1290 1504 1353 mmuitus
1516 1295 1650 1367 oriretm,
1657 1298 1692 1353 ct
1704 1290 1772 1352 laos

102 1386 236 1445 nimirum
257 1402 373 1445 omnem
392 1383 599 1447 contumeliare
619 1392 650 1446 et
669 1382 803 1447 dedecus
822 1381 904 1467 quod
946 1383 1003 1461 'tis
1020 1384 1107 1442 etiam
1121 1381 1283 1444 miserabili
1295 1385 1412 1443 mdoue
1424 1382 1483 1445 suu
1500 1383 1611 1448 tubane
1632 1380 1773 1445 aedificia

100 1497 120 1538 a
140 1475 236 1556 Regis
255 1475 416 1559 praelectis
431 1479 496 1559 jam
514 1477 626 1539 multos
639 1479 906 1559 annesseeeperit,
960 1472 1251 1557 incenderet,parum
1264 1474 1391 1537 honesto
1404 1474 1724 1540 eonsiliudsditiouem
1734 1475 1772 1539 la·

102 1572 248 1630 mmmuni
280 1568 459 1631 concordiae
494 1568 727 1633 condendarum
739 1616 749 1647 ,
783 1568 905 1652 quaudo
962 1566 1772 1649 cereststuerunt.iiosciseuimpropriuamurosucoe

102 1680 162 1724 non
181 1662 278 1743 Regis
297 1663 395 1745 culpo,
414 1661 472 1725 scd
492 1664 616 1725 militnm
636 1672 668 1725 et
686 1664 904 1745 praefectorum
961 1660 1111 1737 dentibus,
1119 1658 1439 1738 omuechrcudilrelli
1446 1663 1590 1725 rarione·
1598 1664 1772 1727 musnet

100 1759 268 1819 contumaci
293 1756 434 1838 superbis
460 1757 564 1818 laesns
588 1755 747 1819 uideretur.
787 1756 906 1838 Cuperc
963 1752 1115 1815 Basilides
1128 1756 1214 1832 igitur
1233 1762 1344 1834 puncto
1363 1753 1642 1833 temporisPoiocia
1660 1757 1772 1835 politus

101 1849 191 1929 igitur
218 1866 253 1910 sc
286 1856 321 1910 ul
350 1847 564 1929 sigismundus
593 1850 709 1929 legatos
746 1848 904 1911 confestim
963 1845 1585 1928 cst,militemquoPolouumconuussurita
1598 1856 1686 1911 ostra
1697 1848 1772 1909 lines

102 1945 215 2015 minat,
235 1946 285 2024 qui
304 1960 360 2004 sna
385 1944 562 2004 auctoritate
586 1939 771 2004 dissidentes
790 1941 902 2004 Prinee
962 1940 1084 2020 pepulit,
1103 1938 1273 2000 lithuanos
1290 1948 1392 2001 autom
1411 1944 1442 2001 ct
1461 1940 1583 2004 Ruusuos
1602 1942 1635 2002 in
1653 1941 1771 2005 Mosco·

102 2054 159 2118 pes
182 2032 303 2099 tandem
329 2036 505 2111 concilient,
525 2043 556 2099 et
575 2034 700 2097 formam
719 2035 904 2117 percndsndi
962 2033 1039 2093 uiua
1058 2034 1194 2113 cepticos
1214 2033 1308 2103 misit,
1328 2030 1478 2104 Judaeus,
1505 2035 1557 2114 qui
1582 2034 1772 2116 baptis-eus

102 2128 233 2191 iuadoeis
253 2128 392 2201 admon
415 2146 475 2190 non
496 2126 633 2190 dubitare
658 2148 694 2190 se
717 2128 834 2191 fortuna
855 2149 905 2190 au·
963 2124 1045 2187 iontc
1064 2126 1169 2203 intingi
1188 2124 1308 2201 nullent,
1329 2125 1487 2187 mutuatim
1505 2128 1538 2205 iu
1556 2127 1667 2189 Bonae
1686 2130 1770 2210 aqda

102 2224 188 2302 spice
220 2218 406 2304 praeclarum
440 2219 608 2302 laetumque
643 2221 713 2284 huie
748 2224 904 2304 proposito
963 2218 1138 2290 submersis,
1158 2224 1238 2280 etex
1248 2217 1358 2299 praeda
1371 2216 1473 2300 oppidi
1484 2220 1575 2281 auito
1585 2220 1771 2301 opulentiore

102 2313 210 2375 mium
228 2312 315 2376 Deus
334 2312 474 2390 danatus,
496 2323 526 2375 st
543 2317 624 2377 votis
641 2317 720 2390 istis,
739 2315 784 2376 nti
801 2318 832 2376 in
854 2335 905 2397 up·
963 2332 1050 2391 quam
1085 2312 1226 2392 opinione
1259 2310 1459 2392 auiditathue
1491 2332 1551 2376 sua
1580 2322 1772 2393 conceperat,

101 2408 173 2467 dms
198 2408 285 2487 pacis
310 2426 402 2467 eausa
427 2415 511 2467 recte
536 2409 645 2489 pieque
678 2409 830 2489 susceptis
857 2427 905 2469 ae·
963 2405 1084 2483 egregio
1112 2403 1224 2466 ditatus
1253 2413 1311 2467 est.
1360 2402 1449 2477 Quae
1478 2425 1528 2466 res
1556 2425 1617 2467 aua
1642 2406 1772 2471 obscm

101 2496 286 2559 euadissisn
306 2497 540 2580 subscnpturos.
579 2498 646 2562 Nec
665 2519 764 2575 mora,
784 2500 820 2562 S.
842 2502 904 2564 Au·
963 2497 1046 2557 initio
1078 2498 1206 2559 maxima
1242 2496 1417 2561 detrimenta
1445 2497 1609 2561 Lithuanis
1638 2502 1772 2582 peperit;

102 2599 210 2671 smnus
232 2610 407 2673 qnasuqusau
428 2587 519 2653 dubia
537 2610 603 2674 spe,
623 2592 715 2657 alacri
735 2603 835 2657 tanen
854 2614 905 2655 ro·
964 2595 995 2651 et
1019 2589 1232 2668 sigismundus
1255 2590 1374 2672 quiden
1400 2590 1568 2653 incredibili
1592 2591 1699 2655 dolore
1725 2603 1770 2656 est

101 2684 218 2747 lentate
234 2678 381 2749 Basilidis
405 2684 567 2769 postulatis
591 2685 770 2749 mustacem
793 2685 905 2760 studet,
963 2682 1107 2756 alimus,
1130 2683 1210 2764 quod
1235 2684 1336 2746 finium
1368 2704 1489 2747 suumn
1518 2683 1771 2767 propugnatu-

102 2778 322 2861 exploratisque
352 2786 383 2841 et
411 2776 524 2841 surdus
554 2777 715 2841 Procerum
746 2782 907 2843 sententiis
964 2776 1155 2838 sorduimu-
1186 2776 1378 2857 perdidisset,
1407 2777 1452 2839 ita
1473 2785 1507 2839 ut
1533 2779 1616 2840 amai
1644 2779 1771 2860 pristina

102 2874 132 2934 in
152 2870 280 2935 consilio
300 2864 443 2941 decerunt,
462 2890 568 2953 pacem
588 2892 654 2935 cum
668 2873 788 2937 Moeris
808 2875 906 2936 colen
964 2871 1182 2932 existimatione
1208 2868 1356 2950 spoliatus
1384 2871 1589 2934 remelini-o
1621 2870 1705 2933 hosti
1731 2872 1770 2935 ι’·

101 2965 169 3030 dan
188 2986 269 3029 esse.
963 2965 1054 3025 minua
1084 2960 1258 3032 credidisse,
1288 2968 1319 3023 et
1346 2963 1413 3024 suis
1445 2983 1632 3044 nequaquan
1658 2971 1770 3027 naurrc

177 3060 251 3122 lirat
271 3056 447 3119 inBasilide
467 3076 534 3118 cum
555 3056 696 3119 malarum
707 3061 823 3135 artium,
843 3069 906 3121 tum
962 3058 1070 3118 anxilio
1096 3056 1219 3118 senine
1237 3054 1392 3117 diceretur.
1438 3054 1505 3118 Sed
1527 3054 1684 3119 Basilides
1712 3080 1769 3119 nus

100 3150 272 3213 bellicarum
292 3152 382 3211 etiem
401 3170 496 3213 rerum
508 3154 614 3233 peritia
626 3152 796 3231 singularis,
815 3150 904 3232 longo
963 3155 1075 3211 tantuna
1106 3154 1195 3227 capta
1219 3147 1341 3209 Pulociu
1370 3166 1493 3226 regnora
1513 3169 1601 3211 suoru
1626 3158 1658 3211 ct
1685 3153 1768 3213 circs

101 3262 173 3317 usn,
199 3251 230 3306 et
249 3245 342 3305 variis
362 3246 520 3325 sinusque
539 3243 675 3305 fortunae
695 3247 905 3325 experimentis
962 3245 1061 3314 auxit,
1086 3242 1278 3303 verumetiam
1301 3241 1339 3304 ed
1366 3240 1485 3304 Gothum
1507 3243 1631 3305 inuictos
1660 3256 1767 3312 amca,

102 3345 288 3418 eomparatur
319 3336 420 3416 Super
444 3336 521 3398 lrncc
540 3335 663 3413 uigebat
680 3338 710 3399 in
730 3356 768 3398 eo
787 3356 903 3400 summa
962 3337 1013 3417 qui
1032 3335 1158 3397 Roman
1179 3344 1270 3413 rapat
1289 3333 1388 3395 nundi
1409 3354 1478 3397 eunt
1486 3334 1652 3414 inentibus
1664 3338 1768 3416 copiis

101 3427 181 3511 apud
206 3446 279 3489 suos
305 3428 482 3498 auctoritas,
503 3435 534 3487 et
552 3430 600 3488 vis
620 3430 734 3510 inperii
753 3427 794 3490 ad
813 3429 903 3512 expli·
961 3434 1135 3491 amaturum
1164 3426 1347 3499 dclerersnt,
1375 3429 1427 3508 qui
1456 3447 1570 3490 omnem
1599 3426 1716 3489 totta·
1736 3430 1769 3489 in

101 3518 198 3585 canda
218 3516 407 3601 finiendaque
427 3519 569 3594 masilia,
593 3540 792 3604 magnumque
811 3524 902 3585 etiarn
961 3527 1138 3603 potestatem
1164 3520 1355 3600 redegerant,
1373 3522 1424 3601 qui
1453 3522 1543 3601 ionga
1575 3520 1769 3585 sacculorum

100 3617 261 3676 excretum
291 3632 411 3695 semper
438 3622 573 3695 paratum
604 3613 752 3686 habebat,
779 3618 904 3699 jamque
961 3616 1043 3677 surio
1068 3616 1214 3698 suijuris
1237 3613 1367 3686 iucmnt,
1392 3635 1538 3677 araurem
1562 3634 1685 3677 snorum
1711 3618 1768 3679 uin

101 3706 226 3771 Peiunis
247 3704 287 3768 ad
306 3709 392 3789 pacis
410 3704 549 3767 fiduciam
570 3704 719 3782 adductis,
738 3708 828 3792 plarm
852 3730 903 3771 nu·
939 3698 993 3770 'ot
1020 3710 1163 3789 inpetunt
1192 3707 1357 3779 transtulit,
1386 3728 1503 3788 oosquo
1531 3707 1653 3769 numo
1684 3708 1768 3771 bello

100 3802 207 3863 misem
238 3820 309 3863 esse
340 3798 480 3883 putabat,
510 3820 613 3881 aquo
638 3801 669 3865 iu
694 3811 840 3884 mscepto
864 3800 904 3865 ad
961 3822 1014 3883 per
1044 3803 1203 3880 intergens
1241 3802 1391 3862 biennium
1416 3800 1576 3862 direxerit
1632 3798 1768 3880 Uterque

100 3895 253 3958 uictoriam
279 3912 369 3956 cumn
393 3890 593 3975 impediretur.
639 3891 734 3973 igitur
750 3894 791 3957 ad
810 3914 904 3977 oppu-
962 3894 1130 3976 Principum
1150 3895 1180 3954 in
1200 3892 1230 3953 id
1250 3893 1320 3954 belli
1340 3892 1501 3955 discriaou
1520 3892 1688 3974 penaten
1698 3914 1766 3975 pru·

99 3984 247 4067 mandam
266 3986 419 4049 Poiuciam
438 3988 540 4047 statim
559 3984 712 4067 perelectus
731 3996 789 4064 est,
808 3997 841 4051 et
852 3988 903 4051 do-
960 3987 1102 4050 sccterun
1123 3987 1562 4069 cuuteutionepertractuacst.
1592 3984 1769 4066 Numquae

99 4085 288 4143 mntissimss
315 4082 435 4161 copias,
462 4086 493 4140 et
517 4086 653 4142 trecente
671 4079 735 4143 lere
754 4080 902 4149 homiuum
959 4082 991 4143 ia
1019 4082 1130 4145 iniisse
1159 4078 1324 4141 Gothorum
1355 4078 1586 4159 dioscorumque
1616 4078 1769 4161 presidia

99 4174 189 4234 miliia
214 4176 244 4234 in
275 4171 493 4255 expeditionem
519 4169 611 4234 duxit
664 4172 816 4256 Oppidum
837 4185 902 4237 erat
960 4180 1058 4245 erant,
1087 4192 1192 4234 omnes
1220 4175 1329 4253 pariter
1358 4172 1387 4231 in
1417 4192 1486 4235 uam
1510 4173 1636 4235 masiae
1667 4192 1766 4235 curam

98 4269 253 4327 tormentis
279 4274 310 4326 et
332 4263 560 4341 munitionibus,
587 4276 618 4328 et
642 4286 750 4347 nragm
776 4268 901 4331 telorum
959 4268 1164 4342 excubabunt,
1189 4275 1223 4326 ut
1248 4285 1323 4326 snos
1346 4264 1458 4326 limites
1482 4265 1584 4346 eliqua
1607 4268 1679 4327 noui
1697 4265 1765 4327 ueto

98 4378 236 4431 numeru,
262 4366 295 4420 et
318 4357 443 4418 militum
469 4360 558 4419 stiam
583 4358 769 4422 multitudiue
792 4364 900 4425 instru-
957 4367 1058 4424 caude
1078 4361 1242 4422 occasione
1260 4379 1348 4439 quaro
1367 4358 1539 4436 longissime
1562 4357 1767 4431 utendcrsat,

98 4452 273 4514 ctissimum.
314 4447 405 4529 Quod
424 4470 490 4511 cum
509 4454 664 4512 tormentis
684 4452 724 4515 ab
744 4453 833 4516 ltoste
851 4476 901 4516 re·
957 4455 1086 4534 ideoque
1106 4453 1217 4515 mutuis
1234 4451 1361 4514 inuicem
1381 4451 1525 4513 caedibus
1541 4451 1768 4529 woman.

98 4547 322 4609 luementissirne
355 4550 624 4624 conquassaretur,
654 4546 901 4611 corrcurrentiltus
958 4550 988 4608 in
1019 4547 1129 4627 quibus
1157 4564 1251 4626 saepe
1276 4547 1370 4606 uictor
1389 4545 1509 4606 Gothus
1527 4543 1599 4618 luit,
1615 4546 1766 4607 temerita-

99 4637 138 4701 ad
158 4658 240 4702 arma
259 4637 378 4700 leminis
399 4640 487 4698 etiam
508 4645 539 4697 et
558 4636 694 4712 senibus,
713 4639 899 4719 permultos
957 4646 1076 4718 temque
1103 4638 1197 4697 uirtus
1221 4639 1376 4718 uquasit:
1401 4658 1495 4720 suopu
1514 4639 1603 4699 etia·
1621 4637 1766 4701 inclinata

97 4732 164 4797 dies
189 4735 332 4795 acerrime
358 4738 406 4792 est
431 4727 615 4791 diniieatuui.
659 4729 725 4792 Sed
744 4731 900 4795 Basilides
959 4730 1060 4811 proelii
1095 4729 1210 4791 sonunt
1243 4730 1361 4793 llloscis
1389 4733 1514 4793 uictoria
1542 4731 1649 4791 cessit.
1695 4729 1765 4793 Nec

98 4830 226 4907 quietem
252 4846 361 4909 capere
385 4844 446 4885 nun
465 4830 591 4904 poterat,
611 4825 669 4885 oisi
688 4825 828 4903 uicisset3
847 4828 901 4907 igi·
958 4824 1047 4887 multo
1072 4829 1142 4905 post
1166 4843 1233 4884 eum
1259 4825 1317 4905 ipsi
1342 4824 1499 4906 Principes
1526 4825 1634 4885 cirin
1660 4844 1768 4897 cam

97 4928 143 4979 tor
161 4922 314 5002 imparatis
336 4914 436 4980 adlurrc
454 4912 593 4978 hostibus
616 4936 688 4979 sese
707 4916 901 4983 confirmandi
959 4919 1001 4980 uti
1020 4916 1223 4999 predicabant,
1242 4920 1544 4999 armssuarpsisseut,
1557 4924 1684 4999 reponte
1702 4919 1765 4981 bel·

97 5010 304 5091 puniendique
326 5014 458 5093 spatium
485 5008 597 5069 nullum
624 5008 722 5084 dedit,
754 5010 899 5077 caducea-
957 5014 1018 5073 lum
1048 5010 1161 5072 exeruit
1191 5009 1279 5071 ualde
1309 5018 1393 5072 atrox
1419 5018 1450 5072 et
1469 5016 1630 5082 cruentum,
1651 5012 1683 5072 in
1704 5034 1767 5094 qno

96 5116 237 5183 roresque
261 5101 300 5163 ad
326 5111 429 5181 portas
454 5104 551 5179 nisit,
577 5107 627 5186 qui
654 5108 751 5167 onnia
776 5104 897 5169 bosdlia
956 5103 1076 5167 nultum
1097 5102 1215 5166 bonni
1234 5105 1390 5182 unguinis
1415 5103 1515 5166 lusum
1536 5110 1593 5166 cst.
1631 5102 1767 5167 Muscas

96 5196 218 5263 Pulucis
238 5191 463 5271 denunciarent,
481 5198 513 5266 ni
534 5216 662 5280 propere
685 5218 755 5263 arce
773 5197 896 5261 excede
956 5216 1023 5261 curn
1048 5196 1194 5260 ducentos
1211 5197 1344 5277 equiturn
1380 5197 1509 5261 aidibus
1540 5200 1570 5260 in
1596 5197 1765 5262 Gothoru-
