3742 5626
516 218 647 283 Vtrae:
668 216 849 283 ioannis
868 216 1096 297 Bastarnis,
1116 218 1242 283 blBlill
1264 218 1287 283 l.
1685 224 1740 283 lna

60 382 190 445 membra
209 382 292 461 ligat,
312 402 391 443 nnnc
412 382 517 444 cadem
537 403 642 445 rursus
654 382 783 443 dimittit.
805 382 867 443 Cur
893 384 898 463 Ι
924 380 1072 441 suadebat
1092 379 1205 443 Basilio
1231 402 1270 443 no
1289 390 1452 445 exterorum
1476 384 1641 465 principum
1667 386 1729 449 alti·

60 478 147 555 igitur
169 484 202 535 et
223 496 281 535 nos
303 496 361 537 non
385 476 537 539 discamus
557 497 630 538 caso
650 472 868 539 nolentum?
925 474 1036 535 nilatcs
1062 494 1243 557 magnopere
1266 484 1408 555 expetere
1434 476 1537 549 vellet,
1567 498 1623 539 cos
1653 480 1730 541 cuim

58 568 125 629 Sed
140 568 272 631 Basilius
285 570 382 651 Ajacc
402 571 488 651 pejor
506 576 538 629 ct
556 568 721 631 fastuosior
740 570 783 628 rir
802 578 866 628 erat
925 566 984 627 tide
1004 566 1136 628 instabili
1161 575 1192 629 et
1217 570 1328 647 ingenti
1349 568 1463 649 Spiritu
1488 570 1531 631 ita
1558 570 1731 653 plenamque

58 682 150 742 supra
170 661 318 722 bominum
340 660 426 721 iidem
445 662 533 723 malis
552 662 667 723 artibus
687 664 866 733 instructus;
892 658 897 749 l
925 659 1023 721 clatos
1044 680 1130 733 esse,
1156 666 1189 725 ut
1214 680 1400 743 sequaquam
1425 682 1501 723 suas
1518 662 1597 725 lilias
1616 666 1646 725 in
1667 666 1729 727 bar·

59 774 181 835 semper
200 755 277 815 enim
290 776 387 834 rapax,
406 776 525 835 semper
544 756 679 816 immanis
701 760 731 817 et
744 774 865 829 sacrus,
893 756 897 793 ¹
924 752 1024 813 baram
1057 756 1224 833 regionem,
1259 755 1376 835 qualem
1405 752 1594 817 blesensium
1631 759 1730 821 existi·

59 854 92 911 ut
110 846 283 925 dignitatem
302 856 434 927 angeret,
455 848 671 930 imperiumque
690 848 781 909 armis
802 866 867 927 pro·
924 852 1020 923 ment,
1045 848 1166 909 missuri
1192 847 1363 909 rideantur·
1391 867 1494 907 noram
1520 848 1679 927 quinetiam
1698 861 1729 911 et

60 940 165 1016 lcrrct,
186 940 274 1001 morlo
293 940 392 1017 bunc,
415 940 501 1001 modo
520 942 610 1005 aliurn
631 942 795 1021 principatu
815 960 867 1022 po
893 941 1111 1037 peregrinam
1139 942 1280 1020 uirginem
1306 960 1402 1001 noros
1427 960 1529 999 secum
1555 946 1586 1001 et
1605 944 1729 1021 peregri·

58 1032 190 1115 palorum
216 1044 247 1095 ct
271 1034 465 1115 amplissimis
491 1033 620 1097 lortunis
644 1054 772 1097 exserere
798 1054 865 1095 con·
925 1054 981 1093 nos
1017 1034 1207 1097 adaco-turam
1245 1055 1357 1106 mores,
1402 1053 1528 1113 eamque
1567 1034 1730 1096 incredibili

60 1132 213 1198 aumffcrat
238 1124 319 1189 baud
343 1127 468 1189 dubic'
458 1148 488 1189 ιιι
509 1126 653 1189 'l'artaros
678 1129 750 1189 airis
775 1133 897 1213 atquo
893 1014 897 1189 l
924 1132 1022 1186 sumtu
1049 1132 1079 1187 et
1104 1126 1210 1188 ellnsis
1234 1133 1347 1189 tantun
1374 1126 1578 1205 largitionibus
1602 1128 1728 1189 obtineri

60 1220 202 1301 opibus'
193 1222 331 1299 insignes
355 1220 531 1283 hereditatis
557 1242 614 1299 spe
640 1220 775 1281 similiter
800 1240 865 1281 sao·
924 1240 1029 1300 posse.
1057 1220 1126 1281 Jarn
1147 1221 1175 1281 si
1195 1218 1342 1283 rlirersam
1362 1242 1380 1281 a
1400 1219 1604 1281 Bntbcnorum
1624 1220 1728 1282 ritibus

60 1314 189 1385 vitaras,
210 1314 268 1374 nisi
291 1312 456 1375 admirabili
476 1312 534 1374 Bci
556 1313 739 1393 prouidentia
757 1314 866 1373 caerci·
924 1320 1037 1371 sectam
1064 1322 1096 1373 et
1116 1312 1285 1391 religionen
1306 1334 1410 1375 secum
1430 1334 1468 1374 ea
1485 1312 1616 1391 adierat,
1635 1315 1728 1375 incrc·

59 1406 101 1466 tui
127 1426 185 1467 srro
211 1406 376 1477 interitum,
401 1426 568 1485 supremam
589 1426 658 1467 vero
680 1406 795 1467 civibus
823 1406 866 1465 in·
924 1404 1044 1467 dibilen
1070 1427 1167 1467 rerum
1198 1409 1326 1469 omnium
1351 1408 1608 1471 commutationem
1628 1408 1729 1469 statim

58 1496 140 1559 t'cliei
160 1498 240 1559 bello
262 1498 457 1561 calamilatcm
479 1498 663 1559 attraxisset.
924 1498 1163 1559 subsecuturam.
1201 1498 1278 1561 Nou
1304 1500 1381 1561 inter
1400 1500 1586 1561 dissidentes
1605 1500 1644 1561 de
1664 1500 1729 1563 reli·

137 1590 204 1652 'l'ali
230 1597 315 1673 pratrc
335 1590 487 1653 Basilides
508 1600 612 1663 natus,
637 1612 695 1652 non
715 1589 864 1651 bonestio·
923 1592 1013 1671 gione
1026 1593 1173 1653 sinceram
1185 1614 1286 1673 pacem
1299 1593 1606 1673 rrequaquamserrari
1620 1614 1730 1675 possea

60 1704 119 1744 rem
141 1684 312 1766 pueritiam,
336 1704 426 1767 quam
446 1684 588 1765 principia
606 1684 731 1763 originis
750 1682 863 1745 namur.
923 1694 1030 1765 atque,
1067 1706 1105 1747 es
1134 1684 1188 1746 tali
1220 1686 1369 1767 Principio
1398 1684 1537 1765 Regnum
1565 1686 1730 1747 lloscicun

58 1778 215 1856 Siquidem
235 1778 275 1837 ab
295 1778 417 1837 ineuuto
436 1777 535 1839 statim
553 1782 663 1855 aetate,
683 1777 814 1838 moribus
833 1788 864 1837 et
924 1778 1062 1839 continuo
1083 1780 1113 1839 iu
1132 1782 1221 1861 pejus
1232 1786 1262 1839 et
1273 1780 1419 1839 interitum
1430 1779 1580 1839 ruiturum.
1603 1778 1730 1838 Proinde

58 1872 157 1931 ιιιιὶιιιο
182 1868 327 1945 crudelis,
354 1867 500 1951 quomodo
526 1870 670 1950 reliquum
689 1870 766 1931 vitae
791 1878 864 1931 tem·
923 1872 950 1932 si
972 1872 1062 1933 rebus
1088 1870 1202 1951 lmpcrii
1227 1872 1274 1931 sui
1295 1871 1475 1952 populisque
1493 1870 1641 1952 subjectis
1660 1890 1728 1933 con·

58 1984 118 2045 pus
137 1972 300 2024 exacturus
319 1968 413 2035 essct,
433 1962 521 2025 lacilo
540 1962 761 2023 demonstrarit.
802 1964 864 2027 rln·
923 1964 1035 2025 sultum
1058 1966 1160 2035 vellet,
1185 1966 1212 2023 si
1239 1964 1412 2043 dignitatern
1438 1970 1469 2025 et
1487 1964 1642 2045 pecuniam
1663 1966 1728 2025 roti-

59 2076 117 2119 nos
143 2055 254 2117 deinde
280 2056 444 2136 pubertatis
469 2076 628 2135 egressus,
660 2054 804 2115 caedibus
835 2061 865 2115 ct
924 2078 1009 2129 nere,
1035 2064 1066 2119 ct
1090 2056 1170 2137 qnod
1195 2056 1290 2139 pluris
1313 2058 1445 2130 intersit,
1471 2059 1498 2119 si
1523 2056 1601 2117 domi
1627 2078 1729 2137 pacem

58 2148 181 2209 libidine
211 2150 332 2228 patriam
362 2149 501 2231 replerit,
533 2158 563 2209 et
594 2148 731 2209 omnibus
755 2149 865 2227 pariter
923 2150 1034 2211 babere
1054 2158 1186 2229 cuperet,
1205 2170 1242 2211 en
1255 2172 1374 2211 surorum
1396 2152 1501 2211 ciuium
1522 2152 1620 2229 potins
1640 2170 1729 2229 quarn

58 2244 231 2323 injuriosus,
250 2244 339 2303 silam
359 2242 522 2303 latrociniis
544 2240 696 2319 transegit.
718 2240 864 2301 Bicmnus
922 2244 1113 2325 peregrinum
1134 2243 1302 2323 Principum
1329 2242 1448 2305 familiis
1466 2264 1590 2305 uxorem
1612 2244 1727 2325 accipe-

59 2354 138 2395 rmuc
159 2355 247 2395 orum
266 2354 323 2393 ovo
342 2334 440 2395 simile
460 2354 518 2393 nrm
539 2354 626 2405 esse,
648 2342 863 2415 parenturnqnc
924 2344 979 2401 ret.
1018 2336 1100 2397 Esse
1121 2358 1179 2397 non
1201 2337 1230 2395 in
1252 2336 1408 2397 ll'loscovia
1432 2335 1563 2413 virgines
1583 2356 1648 2397 curn
1669 2334 1727 2397 En-

58 2428 177 2489 scelera
206 2429 236 2487 in
271 2426 348 2487 lilios
380 2428 537 2509 propagari
570 2444 722 2505 negemus.
773 2426 864 2487 Certe
922 2430 1041 2510 rapacis
1066 2430 1177 2491 formae
1203 2427 1344 2489 lclicitate
1370 2438 1401 2487 et
1426 2430 1515 2489 animi
1541 2430 1641 2507 rigore
1666 2448 1727 2489 ccr-

60 2540 166 2599 nempe
174 2521 203 2579 si
215 2519 308 2581 sortes
321 2530 458 2579 creantur
468 2517 595 2579 luctibus
607 2525 636 2579 cl
652 2520 749 2591 bonis,
768 2520 795 2579 si
816 2524 864 2579 cst
922 2526 1030 2583 tontes.
1050 2522 1136 2583 llaec
1158 2522 1317 2583 clleminati
1338 2526 1369 2581 et
1388 2522 1507 2582 errerris
1524 2523 1615 2583 animi
1634 2522 1727 2583 rirnm

58 2616 88 2673 in
102 2614 259 2695 juvencis,
287 2614 315 2673 si
335 2618 384 2673 est
408 2613 437 2671 in
458 2612 546 2693 equis
566 2618 678 2691 patrum
700 2612 810 2682 r'irtus,
836 2612 863 2673 si
921 2636 1112 2695 amorumque
1140 2614 1252 2677 delitiis
1277 2614 1407 2675 deditum
1428 2614 1620 2675 vehementer
1638 2634 1727 2693 ange·

59 2726 116 2766 ncc
140 2706 286 2767 imbellem
313 2706 431 2767 seroces
455 2711 653 2787 progenerant
677 2704 795 2783 aquilae
815 2724 863 2765 co·
921 2709 1008 2781 baut,
1035 2706 1114 2787 quod
1139 2714 1191 2769 snt
1215 2706 1392 2769 remittenda
1415 2706 1491 2767 soret
1515 2706 1729 2787 splendidioris

58 2798 203 2859 lunrbarnz
232 2798 384 2859 deformes
409 2806 528 2857 econtra
548 2806 580 2856 et
599 2817 724 2857 errerr'es
747 2798 862 2857 animas
921 2800 1075 2861 allluilalis
1095 2799 1221 2880 cupido,
1245 2799 1325 2859 unde
1346 2798 1591 2859 rrnrainislnnram
1611 2798 1733 2879 abunde

58 2910 95 2951 ex
116 2893 176 2951 imo
199 2894 314 2971 gurgite
341 2889 531 2969 turpitudinis
556 2890 623 2947 oriri
650 2908 778 2949 necesse
804 2898 862 2961 cst,
920 2898 1067 2963 tueretur,
1092 2898 1144 2953 aut
1162 2892 1358 2951 monitoribus
1377 2900 1437 2951 tam
1457 2889 1609 2973 praeclare
1630 2888 1668 2949 dn
1692 2912 1729 2951 sc

59 2989 89 3043 et
124 2982 278 3045 Basilides
307 2982 426 3063 quidem
462 2981 610 3043 Paternao
640 2982 803 3061 impictatis
832 2988 864 3041 ct
921 2986 1035 3047 meritis
1056 2983 1325 3065 obtempemmlnm.
1358 2985 1462 3063 ltaqno
1482 2984 1573 3043 rebus
1590 2984 1728 3045 omnibns

58 3076 222 3159 injustitiae
246 3076 355 3137 lracrcs
383 3081 507 3155 utroque
532 3092 609 3133 scau
635 3072 769 3133 famosus
796 3072 861 3135 luil.
921 3078 961 3139 ad
982 3078 1102 3157 nuptias
1120 3078 1284 3148 instructis,
1305 3096 1343 3137 ne
1363 3076 1452 3137 nnius
1470 3076 1579 3137 Gracci
1598 3075 1728 3137 bominis

57 3168 226 3231 lllatcruum
250 3170 330 3231 enirn
356 3188 452 3247 genus
478 3164 554 3227 arlco
579 3164 782 3247 pudibundum
812 3164 862 3227 ba·
922 3172 1093 3251 eloquentia
1112 3190 1130 3229 ιι
1152 3170 1307 3251 proposito
1322 3168 1529 3251 depelleretur,
1549 3190 1608 3229 rron
1621 3170 1727 3231 inanes

59 3262 137 3337 buit,
166 3266 199 3321 ut
217 3262 301 3323 multi
320 3282 387 3322 curn
407 3260 498 3321 dubia
516 3262 548 3317 ct
567 3258 678 3321 incerta
699 3264 793 3319 rsatre
814 3280 863 3321 na·
922 3284 1042 3343 qnoque
1063 3262 1248 3345 popularium
1268 3268 1299 3323 ct
1318 3260 1476 3323 Procerum
1496 3284 1615 3323 suorum
1635 3282 1728 3323 voces

58 3360 118 3415 tum
138 3356 304 3435 opinentur.
338 3352 459 3435 Quippe
478 3350 612 3413 Basilius
632 3356 717 3434 paler
735 3350 784 3427 (ut
802 3372 863 3413 rear
922 3356 1025 3419 audire
1045 3356 1213 3425 constituit,
1242 3364 1396 3417 sumturus
1421 3358 1578 3417 mannlirnu
1603 3376 1640 3417 ea
1659 3376 1727 3417 sca·

56 3447 148 3509 altius
167 3448 352 3525 repetamus)
377 3466 444 3509 curn
465 3453 555 3507 autea
574 3446 652 3525 turpi
672 3446 732 3507 rita
753 3446 782 3505 in
802 3454 864 3507 stu·
923 3450 1016 3511 tentia
1036 3450 1249 3511 uniuersorum.

57 3560 143 3623 pnrm
162 3548 193 3601 ct
211 3540 352 3601 libidines
371 3538 511 3619 proclivis
528 3538 683 3619 jnrculam
702 3538 864 3616 exegisset,
998 3540 1073 3603 Erat
1092 3544 1171 3603 enirn
1190 3540 1322 3601 Basilius
1348 3542 1436 3601 sicuti
1457 3546 1578 3603 naturae
1598 3540 1729 3603 crudelis

58 3632 255 3697 alliuitatibus
298 3632 456 3713 imperium
490 3630 671 3705 firmaturus,
703 3628 863 3707 legitimam
923 3644 954 3695 et
973 3636 1098 3695 manime
1124 3633 1231 3705 fallax,
1259 3636 1300 3695 ita
1325 3634 1354 3693 in
1380 3634 1516 3693 consiliis
1539 3634 1678 3695 diversus
1697 3642 1729 3695 ct

58 3728 214 3808 conjugem
236 3729 269 3787 in
303 3722 514 3785 malrlmonlunr
541 3724 674 3801 recipcre
699 3722 863 3785 constituit.
924 3748 1026 3809 pamm
1046 3732 1205 3796 cerastarum
1232 3724 1309 3787 adca
1335 3730 1368 3783 nl
1392 3726 1422 3783 in
1448 3730 1510 3785 tola
1534 3726 1726 3803 gerendarum

57 3816 133 3879 Erat
157 3826 228 3881 tuac
252 3818 331 3897 apud
357 3822 514 3897 tyrannum
540 3814 689 3893 Georgius
707 3812 825 3875 lllicrus
846 3836 864 3877 c
924 3840 1021 3881 rernm
1040 3820 1173 3889 ratione,
1198 3820 1227 3879 si
1248 3820 1359 3897 perinane
1379 3836 1454 3895 spru
1474 3836 1541 3877 enm
1559 3818 1729 3885 delicerent,

58 3910 187 3975 Graecia
204 3910 363 3985 oriundus,
388 3908 433 3969 rir
451 3908 569 3985 iugenio
589 3905 718 3977 liberali,
737 3906 864 3969 erudito·
924 3913 954 3971 in
985 3910 1131 3971 secundis
1160 3912 1280 3971 minime
1310 3908 1505 3977 consisteret,
1537 3916 1568 3969 et
1599 3910 1729 3991 reliquas

57 4024 119 4083 que
137 4004 307 4084 praeditus,
334 4008 365 4063 ct
389 4022 448 4083 quo
474 4002 639 4063 mortalium
667 4000 755 4061 animi
775 4000 864 4062 lacilc
924 4004 1042 4065 omnino
1089 4024 1283 4085 praepropero
1330 4000 1486 4081 elapsurus
1529 4002 1728 4065 arbitraretur.

58 4096 232 4175 capiuntur,
265 4098 372 4157 alicnis
403 4094 533 4155 moribus
562 4094 865 4171 (obsequentissimus,
927 4096 1100 4161 Grrurocata
1126 4102 1271 4157 concinno
1291 4106 1321 4155 et
1342 4112 1375 4153 rc
1394 4092 1444 4153 diu
1462 4100 1603 4171 tractata,
1628 4096 1730 4157 dacer·

56 4191 102 4249 ita
127 4194 159 4247 ut
184 4190 337 4251 lectissimi
362 4190 456 4249 totius
481 4186 569 4248 aulae
595 4206 733 4267 proceres
759 4192 789 4245 el
816 4208 864 4247 no·
926 4192 1003 4251 nitur
1033 4190 1063 4249 iu
1093 4188 1218 4249 cronnilio
1248 4185 1415 4249 ducendam
1445 4208 1517 4247 csse
1545 4210 1582 4249 ex
1614 4190 1731 4253 ciuibus

58 4280 138 4343 biles
157 4302 224 4341 cunr
250 4282 360 4343 obnixe
385 4281 526 4341 eolcrcnt.
563 4278 638 4339 Illam
664 4284 784 4361 propter
804 4282 864 4341 cai·
925 4302 1057 4346 uxorem.
1078 4282 1346 4361 abstinendumque
1364 4302 1383 4343 a
1403 4284 1579 4361 peregrinis:
1603 4282 1650 4343 Be
1669 4282 1732 4345 illis

58 4374 147 4435 mium
166 4376 255 4436 animi
277 4374 521 4444 moderationem,
548 4392 705 4450 rerumque
730 4374 865 4453 peritiam
926 4376 1004 4435 enim
1035 4374 1154 4435 dubium
1185 4374 1284 4437 adbuc
1314 4381 1345 4435 et
1372 4376 1545 4457 perplexum
1582 4378 1731 4457 negotium

56 4474 119 4530 lam
137 4488 228 4529 caras
253 4468 392 4529 omnibus
411 4472 489 4543 crat,
515 4476 549 4525 ut
575 4474 689 4547 pronam
715 4466 867 4527 existima·
926 4488 998 4529 esse
1018 4465 1173 4543 dicebant,
1200 4468 1436 4549 serebanturque
1464 4490 1501 4529 ue
1523 4468 1639 4529 fortuna
1658 4490 1733 4549 spes

60 4563 171 4621 tionem
189 4562 295 4643 (cnjus
314 4580 385 4621 cara
404 4562 433 4619 in
453 4558 558 4621 casulo
575 4558 666 4619 dclret
684 4580 758 4619 esse
776 4562 868 4641 potis-
926 4566 1088 4643 conceptos
1107 4560 1257 4634 eludente,
1277 4564 1344 4644 ipsc
1363 4561 1479 4621 demum
1494 4562 1637 4641 Princeps
1657 4562 1733 4623 inter

62 4655 156 4731 sima)
181 4674 240 4717 uon
266 4660 379 4717 nonu
403 4652 513 4715 mirlicc
532 4658 731 4726 sustentaret,
761 4652 817 4714 scd
837 4660 868 4715 ot
927 4656 1053 4715 miseras
1086 4658 1296 4734 promissorum
1330 4652 1548 4716 luditicationes
1577 4654 1653 4715 lurtc
1682 4652 1732 4715 dc·

60 4746 158 4809 indies
183 4770 250 4809 cam
275 4746 395 4811 abunde
419 4754 552 4825 augeret.
592 4747 622 4804 ls
650 4752 771 4827 propter
789 4768 867 4808 sunr-
929 4756 1037 4829 ceptus
1065 4748 1212 4827 repulsam
1240 4748 1316 4807 lerrc
1336 4756 1501 4823 eugeretnr.
1539 4745 1569 4809 la
1591 4754 1654 4807 crat
1673 4746 1733 4812 dis·

62 4860 138 4907 uam
157 4852 188 4903 et
213 4844 404 4903 inveteratam
424 4836 505 4921 apud
526 4834 694 4917 Principem
713 4842 867 4899 auctorita·
928 4838 1075 4901 suadendi
1106 4838 1188 4899 illius
1216 4840 1392 4901 matrimonii
1417 4846 1599 4919 praetextus.
1646 4840 1735 4903 llaac

61 4940 122 4995 tcm
141 4932 229 4997 liliam
250 4936 290 4997 illi
310 4954 397 4995 suam
417 4932 521 5013 nuptui
544 4929 616 4990 dare
630 4930 771 5011 perr·,olet
790 4952 901 5026 qnae
928 4939 1026 4993 autem
1047 4932 1170 4993 aliorum
1190 4932 1298 4993 animis
1317 4932 1487 5009 opinionem
1508 4934 1674 5015 irrjcccrat'
1665 4956 1734 5017 rpsc

60 5024 226 5088 admirabili
262 5038 422 5089 rennstate
454 5030 485 5086 ct
521 5024 583 5083 oris
617 5020 719 5085 lrnbilu
751 5030 901 5085 ceteras
897 5007 1044 5087 allicrns
1063 5024 1177 5086 aerario
1203 5026 1344 5107 pincipis
1359 5024 1547 5105 praelectus,
1576 5026 1617 5087 ad
1647 5050 1734 5139 quam

59 5120 194 5183 anteibat
212 5120 390 5201 longissime
421 5138 517 5199 eoque
537 5116 664 5177 corrnbio
684 5116 722 5177 ob
741 5116 869 5195 sirrgula·
929 5136 1045 5178 summa
1064 5116 1252 5179 consiliorum
1280 5118 1410 5179 omnium
1429 5138 1450 5181 ι
1466 5124 1575 5184 scnalrr
1595 5124 1734 5205 respicic-

60 5234 122 5275 ronr
149 5214 323 5293 probitatem
350 5235 410 5275 ann
437 5210 557 5290 indigua
578 5210 740 5273 rirlcbatnr.
780 5210 870 5289 igitur
899 5282 902 5297 Ι
931 5212 1012 5285 bant,
1032 5210 1111 5289 qnod
1131 5230 1241 5291 cupere
1260 5210 1366 5278 aneso
1379 5208 1475 5288 filit!
1488 5232 1596 5311 mn„
1608 5236 1735 5297 caque
