3742 5626
118 186 173 247 108
648 178 885 243 assultuum
912 178 1239 245 nulbssnsubutll

113 369 169 411 suo
189 347 327 408 instructi
348 352 440 406 erarrt.
473 342 506 404 ln
528 343 583 402 bac
603 344 732 402 orrrnium
751 362 848 403 rerum
864 340 918 402 dil·
978 362 1051 405 suos
1073 356 1298 409 concurrerent:
1339 368 1374 408 ac
1396 367 1431 408 ex
1456 366 1526 407 aree
1550 342 1638 405 simul
1664 345 1782 424 eruptio

112 441 245 503 ficultate
264 458 379 499 sumum
399 442 497 496 tamen
519 442 582 496 erat
602 436 770 496 constantia
784 433 918 512 ilungarl
977 443 1150 516 irritaretur,
1170 443 1328 501 exercitum
1350 441 1520 499 uuiversum
1540 440 1649 498 castris
1671 431 1780 518 produ·

114 536 289 617 praesertim
310 530 425 591 militist
439 536 507 588 arrte
528 525 833 609 aliosllelresius,qui
846 527 917 587 alio·
978 536 1067 604 ctum,
1082 533 1166 611 justa
1186 530 1318 613 peditum
1339 551 1426 593 urarm
1447 528 1597 612 praesidio
1614 528 1724 590 castris
1736 548 1780 588 re·

113 631 183 709 quin
200 623 341 705 gravibus
360 620 548 683 articulorum
575 618 728 681 doloribus
754 642 791 683 ac
811 621 918 681 ventri·
976 621 1056 698 licta,
1076 623 1134 684 sub
1155 626 1252 703 siguis
1272 629 1301 685 in
1323 644 1427 706 campo
1440 624 1605 684 corratituit.
1646 620 1719 703 lpse
1729 640 1779 681 au-

114 721 172 783 euli
192 716 393 780 imbecillitate
413 713 602 774 vehementer
612 713 846 788 conflictabatur,
865 715 916 773 mi·
976 713 1034 774 lico
1056 719 1189 796 equitatu
1209 716 1360 797 praesidio
1381 723 1551 796 assumpto,
1582 734 1642 797 quo
1672 712 1778 775 melius

116 818 194 876 nime
215 809 253 871 ob
274 810 349 869 baec
369 807 467 867 arrinro
487 804 608 882 tractus,
636 827 784 888 nurrquam
809 806 916 867 melius
974 808 1004 866 iu
1030 827 1134 869 omues
1160 818 1263 891 partes
1294 813 1391 871 animo
1421 816 1598 885 occurreret,
1629 806 1778 868 Polottam

112 928 148 969 se
172 905 304 967 valuisse
329 898 482 981 jactabat:
511 919 630 981 semper
661 898 740 981 apud
769 905 915 961 tormenta
974 899 1204 980 transgreditur:
1225 899 1305 983 quod
1326 910 1356 963 et
1377 900 1554 962 Socolensis
1570 903 1619 961 via
1636 900 1707 961 illae
1727 896 1777 960 du·

113 1018 203 1063 esser
223 998 263 1059 ibi
284 996 383 1056 eibum
402 1014 535 1055 sumere:
562 992 603 1053 ibi
624 995 794 1073 quiesceret
815 995 915 1071 itaque
974 1001 1064 1065 eeret,
1085 1001 1116 1054 et
1135 996 1250 1076 eruptio
1270 996 1297 1055 si
1318 1014 1376 1076 qua
1386 1002 1560 1070 tentaretur,
1580 992 1619 1057 ab
1631 992 1684 1055 illa
1694 1000 1777 1075 parte

111 1098 189 1154 inter
208 1087 339 1172 pericula
359 1108 395 1149 se
415 1086 567 1162 versabat,
587 1086 680 1166 utqui
690 1088 822 1165 proxime
834 1087 914 1144 circa
973 1087 1098 1145 maxime
1117 1083 1248 1148 timenda
1268 1095 1360 1149 esset.
1382 1085 1490 1149 'l'erriti
1509 1086 1557 1148 bis
1577 1086 1669 1147 rebus
1678 1083 1776 1146 Mosei

110 1186 191 1247 illum
212 1180 455 1252 obversabantur,
477 1200 513 1241 ac
533 1180 562 1239 iu
582 1177 630 1237 bis
649 1176 783 1241 domums
805 1176 913 1237 Curos·
973 1174 1011 1237 de
1030 1175 1182 1241 deditione
1202 1184 1316 1260 agitare
1337 1188 1513 1259 coeperunt:
1547 1175 1713 1261 decemque
1738 1176 1777 1238 de

109 1282 185 1353 sius,
204 1284 265 1337 tam
286 1277 451 1355 propinquo
472 1292 489 1333 o
508 1271 586 1345 loeo,
605 1279 638 1331 ut
662 1274 806 1350 sarrguine
831 1269 913 1331 illum
973 1274 1063 1332 muris
1082 1291 1118 1333 se
1138 1270 1316 1359 dejicientes
1343 1270 1383 1334 ad
1414 1280 1535 1335 nostros
1565 1270 1774 1351 uarrslngiunt

110 1375 315 1453 aspergerent,
336 1386 394 1426 nou
416 1368 503 1442 pauci
532 1366 777 1425 interimerentur.
825 1362 911 1423 l'olo·
971 1364 1034 1425 llos
1056 1363 1125 1424 dum
1136 1364 1284 1429 Belresius
1303 1364 1342 1430 ad
1354 1366 1470 1445 Regem
1490 1367 1591 1436 mittit,
1611 1364 1776 1444 ilungaros

109 1468 195 1526 nicus
215 1464 304 1523 etiam
315 1455 476 1539 peditatus,
498 1461 555 1519 etsi
566 1478 661 1539 nuper
672 1453 829 1520 admodum
840 1459 912 1516 seri·
970 1456 1066 1531 miles,
1086 1466 1120 1519 ut
1139 1467 1258 1521 ceteros
1279 1481 1297 1522 a
1318 1457 1469 1520 deditione
1479 1456 1653 1534 deterreret,
1673 1476 1776 1537 ueper

109 1566 180 1641 ptus
201 1561 274 1624 erat,
295 1551 385 1612 nihilo
407 1553 508 1611 secius
532 1558 631 1611 tamen
651 1553 749 1610 auimo
770 1571 826 1612 nec
846 1554 912 1632 ipse
971 1570 1036 1611 euru
1055 1560 1242 1632 expugnatae
1263 1554 1342 1614 areis
1362 1550 1457 1631 gloria
1488 1552 1690 1632 victoriaeque
1716 1548 1774 1609 iru-

108 1671 145 1712 ιιι
165 1643 349 1709 demittebat
389 1646 462 1703 uum
483 1650 597 1703 tantum
616 1639 912 1724 undiquediiliculta·
971 1650 1021 1703 ctu
1041 1664 1078 1703 ac
1098 1646 1177 1705 omui
1198 1642 1332 1704 laborum
1352 1664 1472 1704 suorum
1492 1646 1624 1725 praemio
1643 1643 1773 1725 privare

107 1754 169 1807 tum
188 1744 406 1808 circumstaret,
432 1756 556 1817 eamque
582 1735 620 1797 ob
641 1756 763 1799 causam
783 1736 822 1799 ad
843 1758 911 1799 con·
969 1743 1027 1805 tur,
1046 1734 1185 1798 trucidat.
1226 1735 1350 1798 Praeter
1369 1744 1469 1799 cetera
1489 1738 1582 1807 enim,
1608 1756 1677 1797 eum
1696 1736 1778 1795 arcis

109 1837 217 1907 silium,
242 1827 315 1912 qnid
342 1826 487 1910 deinceps
513 1828 593 1889 lacto
619 1848 695 1910 opus
722 1838 820 1906 esset,
845 1830 912 1895 Rex
968 1836 1029 1889 tam
1050 1827 1194 1906 famosae,
1213 1838 1274 1891 tum
1296 1832 1456 1910 praecipue
1475 1826 1560 1890 aedis
1579 1829 1617 1890 ll.
1630 1826 1774 1913 Sopbiae,

110 1929 278 1999 retulisset,
298 1918 469 2003 hujusmodi
489 1921 650 2003 pleraeque
674 1926 841 1986 sententiae
868 1922 911 1984 di·
970 1942 1046 2002 quae
1066 1925 1096 1984 in
1115 1922 1168 1984 illa
1184 1929 1242 1993 cst,
1261 1925 1528 1983 vetustissimanrm
1548 1942 1648 2003 opum,
1670 1942 1773 2001 argen-

107 2020 261 2094 cebautur,
281 2023 315 2076 ut
334 2013 414 2095 quod
431 2017 494 2095 jam
515 2022 585 2076 aute
603 2016 791 2077 sermonibus
812 2039 831 2079 a
849 2017 909 2098 ple·
968 2024 1082 2075 tearum
1092 2022 1274 2087 statuarum,
1287 2015 1593 2095 amplissimorumque
1606 2017 1772 2095 priscorum

106 2120 208 2197 risque
228 2112 370 2191 agitatum
396 2107 507 2179 luerat,
534 2128 643 2169 corona
667 2106 749 2170 lacta
773 2110 910 2170 omnibus
969 2108 1101 2169 llussiae
1122 2107 1292 2189 Principum
1318 2104 1521 2177 donariorum,
1551 2126 1629 2188 quae
1660 2108 1692 2165 in
1724 2106 1772 2165 illa

107 2204 299 2288 expertibus
319 2203 450 2263 universi
471 2204 618 2261 exercitus
639 2201 776 2262 onmibus
796 2202 909 2264 uiribus
969 2200 1063 2261 luisse
1083 2198 1274 2277 dicebantur,
1295 2200 1371 2263 lama
1404 2202 1534 2278 ingentis
1556 2196 1691 2281 praedae
1717 2218 1772 2280 spe

106 2300 289 2381 oppugnatio
313 2301 487 2356 tentaretur.
527 2292 564 2354 ld
587 2314 624 2353 ca
653 2291 692 2353 de
721 2312 813 2355 causa
845 2294 911 2357 Rex
968 2295 1093 2355 militum
1112 2298 1228 2357 animos
1249 2294 1463 2376 compleverat:
1501 2312 1560 2374 apra
1584 2290 1627 2351 illi
1655 2293 1771 2352 lercensi

107 2412 166 2452 non
186 2387 348 2471 probabat,
382 2383 462 2466 quod
488 2389 515 2447 si
542 2383 573 2446 id
600 2384 710 2448 frustra
735 2396 910 2469 susceptum
969 2408 1073 2449 omnes
1094 2386 1285 2463 acerbitates,
1305 2406 1364 2467 quo
1389 2408 1426 2449 ea
1444 2386 1625 2468 potirentur,
1657 2386 1773 2465 aequis·

105 2491 199 2554 esset,
220 2486 251 2543 in
270 2499 330 2561 quo
349 2497 492 2539 summam
512 2496 597 2558 spem
625 2498 730 2539 omues
755 2488 910 2560 ponerent,
968 2483 1045 2542 simo
1071 2482 1168 2541 arrimo
1192 2478 1392 2562 perferebant.
1438 2478 1513 2541 Cmn
1536 2479 1602 2559 jam
1628 2475 1773 2561 advespe-

104 2586 138 2638 ιιι
156 2572 267 2639 danda
285 2580 426 2652 toriquam
446 2574 524 2631 omni
538 2591 574 2631 ea
587 2580 772 2653 cousumpta,
791 2584 911 2655 praeter
968 2581 1110 2646 rasceret,
1130 2574 1228 2652 magni
1255 2580 1286 2633 et
1305 2571 1416 2634 laboris
1442 2578 1473 2633 et
1501 2568 1626 2655 periculi
1652 2569 1771 2632 videbe·

104 2668 274 2731 diseessum
293 2662 366 2725 nibil
387 2663 531 2745 reliquum
555 2662 713 2737 baberent,
741 2668 908 2729 verebatur.
968 2676 1025 2741 tur,
1053 2668 1084 2726 in
1103 2674 1164 2728 tam
1196 2672 1385 2747 praeruptum
1420 2664 1525 2725 collem
1555 2681 1611 2743 per
1639 2660 1773 2726 laumas

103 2762 207 2846 ltaque
226 2760 285 2824 alia
310 2760 394 2839 prius
421 2758 519 2818 omnia
543 2754 685 2820 tentanda
710 2761 908 2822 existimabat.
968 2757 1113 2823 evadere:
1133 2755 1261 2820 durabat
1280 2760 1358 2820 enim
1378 2754 1476 2819 adbuc
1494 2752 1688 2832 incendium,
1715 2776 1771 2816 nec

104 2857 276 2936 lluugarum
288 2850 409 2913 militem
421 2851 557 2910 maximis
576 2854 716 2931 praemiis
734 2856 908 2935 propositis,
966 2857 1025 2916 nisi
1051 2872 1106 2936 per
1130 2849 1161 2913 id
1186 2850 1248 2913 ulla
1273 2851 1331 2913 alia
1350 2852 1398 2911 via
1417 2850 1501 2912 militi
1521 2852 1552 2909 in
1571 2868 1672 2911 arcem
1690 2856 1773 2931 pate·

104 2958 137 3010 ut
161 2966 261 3009 muros
288 2941 386 3004 denuo
411 2941 535 3012 subeat,
562 2945 687 3004 excitata
727 2966 783 3027 equ
796 2955 855 3007 tem
876 2954 909 3008 ut
968 2945 1028 3020 bat,
1050 2946 1127 3008 banc
1148 2944 1187 3007 ob
1205 2963 1326 3006 causam
1353 2944 1382 3005 in
1408 2950 1583 3024 sequentem
1609 2939 1690 3003 diem
1718 2939 1772 3002 dii·

104 3042 230 3121 quisque
249 3039 375 3097 maxime
396 3054 485 3095 manu
504 3040 645 3096 strenuus
671 3046 751 3113 crat,
784 3050 818 3101 ut
849 3060 908 3100 uua
966 3039 1035 3102 ferri
1055 3039 1204 3122 placebat.
1244 3037 1363 3100 luterim
1383 3033 1453 3095 drrm
1479 3036 1510 3096 in
1529 3042 1627 3098 castra
1647 3034 1715 3095 Rex
1735 3056 1773 3095 se

105 3126 307 3211 compedite,
329 3130 423 3188 misso
445 3146 538 3209 equo,
569 3148 670 3191 muros
701 3129 909 3203 succenderet,
967 3133 1123 3214 reciperet,
1143 3130 1368 3209 exllungaricis
1389 3129 1568 3190 stationibus
1577 3126 1708 3188 amanili
1725 3130 1769 3186 iu·

104 3224 254 3285 bortatur:
280 3240 346 3282 eum
367 3221 469 3301 prirnis
490 3222 557 3301 ejus
576 3224 721 3283 rationem
741 3222 908 3286 habendam
967 3234 1013 3287 ter
1031 3244 1067 3285 se
1086 3225 1144 3305 ipsi
1164 3224 1308 3285 cobortati
1326 3220 1416 3302 globo
1441 3220 1535 3293 iacto,
1559 3236 1612 3301 per
1628 3226 1767 3299 pontem,

103 3316 201 3386 docet,
221 3334 259 3375 ne
279 3310 526 3394 quemadmodum
545 3322 633 3375 antea
653 3312 795 3385 fecerant,
815 3320 909 3399 prius·
967 3316 1005 3378 de
1025 3336 1083 3397 quo
1103 3314 1213 3377 dietum
1241 3323 1304 3386 est,
1329 3317 1359 3375 in
1386 3312 1540 3375 adversum
1563 3309 1669 3372 collem
1695 3330 1771 3371 eon·

103 3429 191 3491 quarn
209 3410 291 3466 vires
310 3406 399 3486 plane
419 3402 555 3466 incendia
583 3416 750 3483 sumerent,
775 3428 811 3469 se
835 3413 909 3471 reei-
965 3408 1101 3484 tendunt,
1122 3428 1233 3491 perque
1253 3406 1386 3469 llammas
1406 3405 1535 3467 nondum
1544 3406 1705 3466 restinctas
1722 3422 1771 3464 se·

103 3508 223 3585 precenta
261 3498 320 3558 sub
346 3498 437 3557 ιιιιιιίιι
463 3493 591 3579 denique
620 3498 748 3579 telisque
778 3501 907 3564 bostium
966 3500 1134 3564 miambusti
1155 3504 1186 3562 iu
1205 3520 1304 3563 arcem
1325 3499 1461 3562 evadunt.
1485 3496 1542 3561 llis
1558 3494 1668 3559 Poloni
1687 3494 1772 3580 pedi·

104 3602 227 3657 mortem
248 3610 303 3671 pro
323 3590 418 3669 gloria
444 3591 543 3667 geritis
571 3593 768 3674 opinioneque
792 3594 906 3658 fortitu·
966 3604 1013 3658 tes
1041 3614 1100 3657 non
1125 3596 1213 3677 pauci
1240 3593 1375 3675 exemplo
1396 3594 1510 3653 invitati
1530 3610 1568 3652 se
1586 3586 1772 3671 adjungunt3

102 3687 182 3749 diuis
204 3682 341 3745 militaris
362 3690 506 3763 oppetere
525 3692 695 3763 praestare,
721 3708 809 3767 quarn
835 3688 907 3750 inle-
965 3690 1068 3751 contra
1088 3708 1154 3750 eam
1180 3694 1310 3768 partem,
1339 3688 1368 3748 iu
1395 3706 1453 3766 qua
1471 3680 1642 3745 incendium
1663 3684 1772 3745 excita·

102 3792 151 3843 eta
169 3800 202 3841 re
215 3777 254 3839 ab
271 3777 495 3858 oppugnatione
506 3773 673 3853 discedere,
686 3781 905 3843 coutumeliam·
965 3790 1026 3843 tum
1049 3790 1122 3851 erat,
1142 3779 1286 3840 subitario
1314 3800 1402 3860 opere
1428 3778 1541 3840 lessam
1560 3775 1663 3837 lllosci
1684 3773 1771 3837 drrxe

101 3896 158 3957 quo
185 3873 261 3934 banc
293 3872 441 3948 accipere.
480 3866 527 3929 lta
555 3871 640 3931 miles
666 3892 773 3951 magno
799 3872 907 3936 ardore
965 3882 1042 3945 rant,
1061 3894 1115 3955 per
1135 3893 1260 3954 eantque
1280 3870 1441 3932 minoribus
1461 3872 1620 3932 temnentis
1641 3866 1771 3951 disposi-

100 3968 158 4029 sub
178 3966 294 4028 runconia
315 3965 397 4021 areis
417 3958 533 4035 taedas,
555 3984 690 4044 quaeque
711 3968 740 4025 in
761 3987 815 4027 eos
831 3987 905 4029 usus
963 3969 1003 4027 tis
1024 3969 1053 4027 in
1073 3986 1177 4026 omues
1197 3986 1288 4028 casus
1307 3986 1342 4026 se
1355 3966 1604 4035 communierant3
1623 3982 1642 4023 a
1662 3961 1772 4045 quibus

96 4064 160 4139 jam
180 4067 250 4121 anto
269 4061 447 4136 praeparata
466 4062 560 4130 erant,
580 4056 639 4116 alia
658 4077 730 4137 prae
750 4078 785 4119 se
806 4058 904 4120 serens
965 4062 1077 4121 nostris
1097 4060 1230 4139 rejectis,
1250 4078 1362 4141 perque
1383 4056 1515 4119 llammas
1541 4052 1628 4131 inde,
1648 4062 1770 4137 quote·

99 4150 248 4213 succedit.
289 4148 329 4209 ut
348 4166 415 4206 cum
435 4154 575 4226 tauquam
600 4150 761 4212 inclinante
786 4150 904 4214 lortrura
964 4172 1044 4213 merc
1063 4155 1219 4234 progressi
1240 4158 1334 4227 erant,
1360 4146 1501 4211 recedere
1519 4152 1649 4221 coactis,
1672 4146 1770 4210 Mosei

100 4246 219 4326 pluviae
232 4238 291 4300 sub
305 4238 335 4298 id
346 4248 464 4320 tempus
479 4240 598 4319 paulum
613 4244 806 4321 quievissent,
826 4248 904 4324 ignis
963 4246 1021 4305 hoc
1042 4264 1188 4305 successu
1208 4245 1289 4315 elati,
1309 4245 1425 4321 lougius
1442 4261 1496 4302 eos
1522 4242 1654 4300 insecuti
1681 4244 1769 4321 sagit·

99 4334 301 4400 luridamentis
321 4330 429 4405 illatus,
452 4351 598 4393 nmrorum
619 4336 698 4397 latus
719 4335 750 4396 id
764 4358 830 4399 mox
841 4359 904 4399 eor·
964 4342 1004 4401 tis
1027 4360 1045 4400 a
1071 4346 1158 4417 tergo
1179 4336 1336 4399 feriebant.
1375 4337 1493 4395 lnterim
1521 4330 1646 4394 ducenti
1666 4332 1769 4395 Zamu-

97 4432 203 4513 ripuit:
224 4423 361 4504 idemque
381 4423 470 4502 longe
490 4424 608 4507 lateque
626 4429 788 4510 ampiexus,
810 4439 903 4492 totum
962 4436 1018 4493 acii
1038 4430 1167 4513 pedites,
1186 4432 1235 4511 qui
1255 4426 1413 4512 praesidio,
1433 4435 1466 4487 ιιι
1482 4424 1668 4503 dictumest,
1688 4428 1769 4509 ponti

99 4544 166 4586 enm
189 4516 267 4579 diem
288 4535 355 4576 cum
376 4518 506 4596 extingui
527 4540 586 4578 ιιιιιι
606 4530 722 4601 posset,
742 4522 903 4604 populaba·
962 4532 1057 4595 erant,
1077 4545 1131 4605 per
1151 4542 1238 4604 quem
1258 4524 1288 4583 in
1299 4542 1396 4583 arcem
1406 4520 1515 4595 ibatur,
1535 4517 1683 4600 repulsos
1703 4540 1769 4579 cou-

99 4628 158 4681 tur.
196 4614 271 4676 Erat
289 4609 337 4669 bic
347 4611 478 4689 Augusti
498 4614 658 4673 vicesimus
679 4635 786 4675 rronus.
827 4616 904 4679 lnte·
961 4618 1087 4700 spicati,
1107 4616 1214 4677 auxilio
1241 4618 1351 4676 nostris
1380 4622 1551 4683 accurrunt,
1582 4611 1771 4693 bloscusque

98 4714 238 4771 umerum
259 4701 429 4764 incendium
455 4708 614 4766 excitatum
640 4707 785 4768 latissime
813 4710 903 4770 collu·
960 4732 996 4773 se
1015 4713 1148 4791 recipcre
1166 4716 1286 4787 cogruxt.
1327 4708 1392 4770 Rex
1417 4726 1484 4767 cum
1510 4702 1630 4786 paulrrm
1661 4724 1772 4767 versus

99 4810 198 4873 ceret,
215 4805 425 4876 verereturque
446 4796 527 4871 Rex,
558 4820 595 4859 ne
621 4821 657 4861 cx
676 4802 781 4861 ricinis
816 4802 903 4879 locis,
961 4812 1062 4866 castra
1082 4820 1260 4883 progressus
1281 4800 1403 4873 luisset,
1424 4818 1460 4858 ac
1486 4799 1603 4858 interim
1631 4798 1772 4881 irruptio

98 4893 223 4952 maxime
243 4898 342 4950 autem
362 4888 483 4961 Soeola,
502 4889 554 4952 ubi
575 4892 767 4954 lectissimam
790 4904 903 4976 partem
961 4918 1027 4959 nem
1055 4896 1132 4955 hauc
1157 4894 1258 4955 militis
1287 4895 1506 4975 conspexisset,
1540 4888 1580 4951 ad
1613 4888 1773 4955 terendam

98 4986 247 5046 exercitus
274 4980 464 5042 Plescoviam
495 5003 514 5043 a
539 4982 649 5044 lllosco
675 4989 771 5046 coacti
798 5008 903 5052 conse·
962 4986 1172 5049 munitionibus
1193 5007 1289 5067 open,
1309 4988 1338 5046 iu
1361 4984 1555 5046 Socrrlensem
1576 4986 1775 5064 potissimum

98 5074 184 5137 disse
203 5092 295 5151 supra
315 5071 517 5144 ostendimus,
550 5075 655 5138 hostes
683 5081 758 5160 ipsis
784 5083 903 5159 ignibus
961 5085 1037 5142 viam
1058 5084 1200 5154 intentus,
1222 5100 1297 5160 quae
1316 5080 1383 5139 usui
1404 5078 1476 5153 sint,
1497 5076 1645 5159 disponit.
1689 5076 1774 5143 idem

98 5168 198 5243 exciti,
218 5161 257 5227 ad
278 5163 462 5229 liberandam
481 5167 520 5229 ab
540 5168 678 5231 incendio
696 5193 793 5260 arcqm
816 5182 903 5255 atque
961 5174 1110 5236 Illielctius
1131 5173 1218 5236 iacit:
1250 5192 1384 5253 equoque
1405 5168 1612 5244 descendens,
1641 5194 1682 5250 qe
1703 5172 1775 5235 mul·
