3742 5626
752 139 1020 201 connum
1672 144 1708 205 ll

57 312 142 363 arnt:
157 303 203 360 sin
215 302 340 379 mugitu,
359 290 493 371 utsolet,
513 299 629 377 signu!
642 296 765 370 dederit,
785 316 853 358 mox
909 316 989 371 rere,
1017 318 1073 359 eeu
1091 305 1200 362 terrere
1219 301 1262 363 ita
1275 300 1395 384 jubeat,
1419 318 1478 380 quo
1496 296 1606 362 Orator
1623 320 1707 382 prae·

57 394 188 473 reliquus
212 414 286 472 grex
307 394 466 465 excitabis,
493 392 707 474 posterioribus
728 391 853 471 podibus
910 392 996 451 terite
1015 397 1119 471 queat:
1138 394 1205 475 ipsc
1223 394 1337 454 iuterim
1358 396 1408 455 via
1422 395 1502 465 trita,
1522 413 1578 455 seu
1588 395 1706 475 publiea

57 487 196 547 dentibus
217 487 356 559 admotis,
390 504 505 546 summa
524 484 690 556 celeritate,
714 492 854 563 tanquam
909 504 969 543 nou
989 484 1076 548 cedit.
1119 483 1278 547 Praeterea
1297 488 1327 545 in
1348 506 1510 566 congressu
1529 491 1560 548 et
1578 486 1637 549 boc
1654 487 1706 549 ab·

57 580 194 640 vehiculo
213 600 266 661 per
285 585 412 640 montem
431 578 561 659 delapsi,
593 580 622 638 ln
642 576 798 639 Oceanum
818 594 853 635 se
909 596 1028 637 serrare
1050 578 1162 652 solent3
1189 581 1307 641 mittunt
1326 582 1463 641 nuncium
1482 580 1522 642 ad
1540 577 1706 651 Oratorem,

57 677 264 754 perancipitant:
296 674 345 732 ubi
368 674 398 733 in
417 672 678 753 supernatantibus
696 670 854 749 glacierum
910 670 1045 748 quicum
1064 670 1236 745 admoueat,
1253 678 1287 733 ut
1305 693 1342 733 ex
1361 693 1437 753 equo
1448 680 1499 735 aut
1509 672 1643 734 vehiculo
1655 673 1705 734 de·

59 765 162 824 trustis
182 788 233 847 prro
253 774 384 847 ternpore
403 766 490 825 ctiam
504 766 660 845 quiescere
670 764 780 825 solent.
807 760 855 822 Ea
909 761 1048 823 scandat:
1069 765 1094 823 si
1115 771 1211 826 autem
1231 766 1337 846 aliquis
1356 772 1407 827 aut
1420 766 1637 836 lassitudinem,
1655 772 1708 827 aut

57 860 194 920 animalia
215 866 383 931 venatores,
409 859 493 919 solos
511 866 631 940 propter
650 856 756 918 dentes
777 857 855 915 inse·
909 856 1120 933 aegritudinem
1139 864 1280 919 causatus
1299 859 1400 931 luerit,
1428 866 1491 920 tum
1511 858 1707 940 respondente

57 958 189 1014 ctantur:
208 973 245 1011 ex
263 949 493 1031 quibusbiosci,
514 951 643 1023 Tartari,
663 958 694 1011 et
711 949 855 1031 inprimis
910 949 990 1028 quod
1015 967 1072 1009 nec
1094 949 1240 1030 prolerre,
1272 972 1330 1012 nec
1349 953 1451 1014 audire
1469 953 1561 1014 verba
1578 950 1706 1024 Domini,

59 1044 161 1115 Tucci,
182 1045 342 1123 gladiorum
361 1050 393 1105 et
410 1045 569 1127 pugionum
580 1044 732 1106 manubria
745 1042 856 1104 affabre
911 1043 968 1102 nisi
994 1041 1101 1103 stando
1126 1043 1224 1104 liceat.
1274 1045 1335 1105 lmo
1353 1047 1466 1107 missus
1486 1045 1641 1124 diligenter
1660 1065 1706 1106 ca·

58 1138 182 1198 iaciunt:
201 1138 309 1219 bisque
328 1159 381 1220 pro
399 1144 570 1199 ornamento
589 1141 703 1217 magis,
721 1157 807 1217 qnam
825 1140 857 1195 ut
911 1140 975 1206 vet,
1001 1155 1038 1195 nc
1056 1136 1133 1216 prior
1152 1157 1192 1198 ex
1210 1154 1287 1216 equo
1308 1142 1360 1197 aut
1380 1137 1515 1199 vehiculo
1535 1137 1708 1210 descendat,

56 1233 208 1309 graviores
238 1234 316 1290 ictus
344 1232 397 1305 (ut
422 1231 541 1311 quidam
561 1231 710 1292 fabulatus
731 1230 796 1303 cst)
816 1229 857 1287 ln·
911 1248 950 1287 ne
968 1228 1102 1288 rideatur
1120 1228 1177 1290 hec
1197 1250 1229 1289 re
1249 1228 1392 1308 derogare
1410 1230 1528 1292 domino
1546 1250 1618 1304 suo;
1637 1233 1707 1312 quin

56 1325 185 1393 cutiam,
206 1332 334 1383 utuntur.
373 1324 464 1384 Porro
484 1323 563 1405 apud
582 1323 712 1395 Turcos,
731 1321 857 1383 Moseos
912 1322 961 1380 ubi
974 1320 1128 1382 Oratorem
1148 1342 1184 1382 ex
1204 1340 1281 1401 equo
1301 1322 1485 1385 descendere
1495 1324 1708 1396 animadvertit,

58 1424 88 1473 et
103 1416 244 1476 Tartarus
259 1417 288 1476 hi
301 1417 408 1477 dentes
420 1418 549 1497 pondere
560 1423 702 1488 rcncuut,
721 1416 857 1496 piscium·
912 1419 975 1475 turn
995 1416 1118 1494 prinmm
1135 1419 1166 1474 et
1184 1416 1250 1495 ipse
1269 1414 1433 1475 descendit.

58 1530 119 1587 qne
141 1509 247 1568 (lentes
266 1518 416 1572 vocantur.
988 1508 1022 1567 ln
1048 1513 1145 1589 priore
1168 1526 1236 1568 mea
1253 1506 1398 1586 legatione
1416 1509 1590 1570 nunciabam
1609 1528 1708 1571 oecur-

135 1602 219 1663 illare
239 1602 372 1663 Glaeialc
395 1603 471 1663 ultra
491 1602 633 1674 Drinam,
653 1602 691 1663 ad
715 1601 857 1671 Pccrora,
912 1601 986 1659 renti
1007 1607 1088 1661 extra
1099 1599 1298 1671 Muscarium,
1317 1622 1363 1661 me
1383 1601 1497 1662 lassum
1517 1602 1709 1665 assederis

57 1701 87 1751 ei
109 1692 169 1754 Obi
190 1696 266 1754 ostia
285 1716 396 1775 usque,
413 1697 503 1774 longe
522 1696 640 1776 lateque
659 1695 856 1777 protenditur3
911 1698 943 1753 et
971 1700 1003 1753 ut
1028 1696 1057 1754 in
1083 1695 1170 1773 equis
1195 1691 1402 1772 expediremus
1422 1694 1620 1776 expedienda,
1666 1697 1709 1757 At

58 1786 134 1846 nitra
159 1807 236 1866 qnae
255 1786 476 1865 Engronelandt
500 1791 649 1869 regionem
674 1810 745 1849 esse
765 1790 857 1871 ajunt.
911 1787 968 1846 sibi
1000 1787 1031 1847 id
1057 1786 1226 1847 faciundum
1245 1786 1391 1865 (repetita
1410 1788 1505 1866 priore
1526 1789 1640 1866 eausa)
1657 1808 1698 1849 ne

59 1878 131 1939 Eam
153 1900 220 1939 cum
239 1881 277 1939 ob
298 1880 375 1941 altos
395 1890 525 1955 montes,
545 1884 595 1963 qui
616 1884 769 1965 perpetuis
785 1883 857 1942 nivi·
912 1898 1059 1959 quaquam
1078 1878 1241 1940 ridebatur.
1271 1877 1451 1959 Interprctes
1472 1886 1503 1940 et
1521 1881 1570 1941 alii
1584 1881 1708 1965 jamde-

60 1974 117 2033 bus
136 1972 224 2032 obsiti
244 1975 352 2051 rigent,
374 1981 433 2034 turn
454 1981 621 2057 perpetuam
642 1976 763 2055 glaciem
784 1976 856 2036 mari
912 1971 1105 2042 scenderant,
1125 1979 1278 2033 monentes
1297 1992 1358 2043 me,
1378 1978 1411 2033 ut
1429 1977 1461 2033 et
1477 1991 1534 2051 ego
1546 1973 1708 2038 descende·

59 2068 238 2127 innatantem
259 2068 357 2146 (quae
375 2071 587 2145 navigationem
607 2068 763 2150 impediat,
784 2069 858 2148 peri-
911 2084 985 2124 rem.
1024 2063 1142 2137 Quibus
1161 2064 1393 2147 respondebam,
1417 2067 1627 2147 quamprimum
1644 2067 1708 2130 Mo·

57 2159 250 2239 cnlosamqnc
282 2160 390 2239 saciat)
415 2182 433 2222 a
459 2164 682 2222 conversatione
707 2182 762 2221 scu
781 2180 857 2221 eom·
913 2176 985 2219 scus
994 2157 1165 2231 descendet,
1180 2179 1227 2219 me
1238 2177 1356 2239 quoque
1367 2158 1589 2220 descensurum.
1618 2158 1708 2241 Equi·

58 2254 167 2312 mercia
198 2260 363 2312 nostromm
390 2252 540 2314 bominum
559 2258 739 2338 sejunctam,
768 2260 857 2335 atque
913 2250 979 2311 den
999 2272 1065 2312 enm
1085 2252 1215 2313 viderem
1235 2253 1317 2332 ipsos
1337 2272 1402 2313 eam
1421 2272 1484 2313 rem
1508 2255 1580 2315 tanti
1599 2252 1709 2326 been,

57 2344 126 2407 ideo
147 2347 323 2422 incognitam
344 2364 415 2406 esse
434 2346 532 2409 audio.
913 2344 1023 2406 deesse
1043 2348 1109 2425 ipse
1128 2364 1247 2425 quoque
1265 2343 1394 2407 Domino
1414 2366 1494 2416 meo,
1514 2347 1639 2430 ejusque
1658 2348 1709 2411 xri·

912 2458 1003 2499 nuere
1028 2440 1244 2509 auctoritatem,
1275 2441 1385 2519 pariter
1410 2439 1501 2501 nolui.
1548 2439 1612 2501 Sed
1630 2443 1707 2503 eui·

910 2532 991 2612 prior
1009 2531 1193 2592 descendere
1213 2551 1278 2591 cum
1298 2538 1449 2603 renueret,
1477 2532 1586 2612 illaque
1607 2554 1708 2616 super-

152 2601 220 2700 {lff
254 2598 384 2699 Mffllo
413 2598 671 2701 Exffllfflffill
701 2602 765 2703 ET
911 2625 961 2685 bia
981 2623 1429 2706 aliquantisperprotraheretur,
1450 2623 1536 2683 bncrn
1549 2624 1708 2688 iacerero·

69 2716 71 2721 ’
910 2716 993 2789 leus,
1013 2720 1090 2778 movi
1109 2717 1218 2800 pedem
1238 2738 1277 2778 ex
1295 2718 1410 2798 subjice
1429 2714 1627 2797 ephippiario,
1646 2723 1708 2778 tau·

175 2753 435 2856 TRACTAM„
468 2756 728 2856 olissillim·
911 2831 998 2891 qnam
1019 2811 1236 2872 descensurus:
1268 2830 1326 2891 qua
1345 2830 1378 2871 re
1397 2809 1615 2881 animadversa,
1640 2812 1708 2872 mis·

911 2926 966 2965 sus
985 2907 1121 2965 continuo
1142 2924 1181 2964 cx
1199 2924 1275 2984 equo
1288 2903 1460 2965 deseenditt
1479 2922 1615 2982 egovero
1628 2903 1707 2965 lente

137 2983 247 3045 Orator
265 2989 294 3047 in
305 2987 488 3051 meseonem
508 2988 709 3070 proficiscens,
729 2991 854 3071 ejfflque
910 3016 959 3058 me
984 3017 1023 3059 ex
1042 3018 1119 3078 equo
1139 2997 1244 3069 detuli,
1274 2999 1315 3058 ita
1333 3002 1366 3058 ut
1385 2997 1466 3058 illum
1484 3019 1504 3059 a
1523 3018 1569 3060 me
1589 2998 1707 3059 illusum

59 3078 199 3137 iimitibue
218 3083 466 3162 appropinquans,
487 3083 624 3143 nuncium
644 3082 856 3164 adproximare
910 3110 981 3152 esse
1002 3092 1185 3169 poenituerit.

57 3173 204 3232 civitatem
226 3177 325 3247 mittit,
343 3178 393 3257 qui
414 3179 480 3257 ejus
499 3178 626 3237 civitatis
638 3176 794 3238 Praefecto
814 3176 855 3235 iu·
986 3183 1051 3243 Sub
1072 3183 1149 3245 baec
1169 3181 1333 3255 accedens,
1362 3189 1465 3267 aperto
1484 3185 1581 3266 capite
1599 3184 1709 3265 inquit3

58 3264 153 3334 dicct,
172 3286 209 3325 sc
227 3268 384 3329 Oratorem
402 3270 473 3329 talis
492 3268 625 3339 Domini,
645 3271 753 3329 limites
772 3268 854 3329 Prin·
910 3276 1010 3355 Magni
1035 3277 1144 3337 domini
1163 3274 1284 3348 Basilii,
1315 3276 1373 3337 Dei
1398 3278 1491 3356 gratie
1509 3280 1589 3357 regis
1608 3285 1639 3339 et
1657 3278 1708 3340 do·

59 3358 134 3437 cipis
157 3360 368 3437 ingressurum.
420 3362 493 3423 Mox
514 3362 703 3434 Praefectus,
732 3384 789 3422 non
807 3383 854 3423 eo·
910 3373 980 3430 ¹¹¹ini
1000 3372 1090 3431 totius
1108 3370 1255 3441 lineolam
1276 3376 1307 3430 et
1325 3373 1423 3449 magni
1444 3371 1547 3443 ducis,
1566 3378 1623 3442 ete,
1643 3373 1708 3448 (re

60 3450 120 3510 lum
144 3472 163 3511 a
180 3474 237 3533 quo
258 3453 395 3535 Principe
414 3457 558 3527 mittatur,
587 3456 643 3516 sed
662 3460 748 3539 cujus
767 3458 853 3516 etiam
912 3463 1027 3526 citando
1052 3466 1184 3546 potiores
1209 3462 1413 3545 principatus)
1432 3462 1655 3526 Locumtenens
1673 3470 1705 3525 et

59 3544 250 3617 conditionis,
282 3547 469 3625 dignitatisve
488 3552 528 3608 sit
548 3552 612 3629 ipse
632 3550 755 3621 Orator,
786 3551 854 3609 item
911 3556 1092 3638 capitaneus
1109 3556 1148 3617 N.
1168 3558 1351 3639 provinciae,
1370 3563 1428 3617 etc.
1444 3559 1537 3638 jussit
1555 3559 1707 3637 tibisigni.

60 3644 168 3716 quotus
187 3643 299 3712 reniet,
320 3642 614 3721 diligentcrinquiritr
635 3645 741 3722 quibus
758 3642 854 3719 cogni·
911 3650 1009 3714 fleam,
1060 3651 1223 3733 Postquam
1243 3650 1389 3710 intellexit
1408 3656 1439 3710 te
1459 3648 1615 3710 Oratorem
1634 3652 1706 3709 tanti

56 3731 113 3801 tis,
132 3734 260 3813 aliquem
283 3753 349 3793 curn
370 3737 520 3807 comitatu,
544 3734 645 3797 lrabita
664 3742 723 3797 tarn
743 3734 855 3796 Princi·
910 3745 1034 3817 domini,
1066 3745 1105 3806 ad
1124 3764 1260 3823 magnum
1280 3743 1427 3803 dominum
1447 3747 1577 3802 nostrum
1597 3744 1706 3812 venire,

58 3825 152 3904 pisa
177 3848 236 3907 quo
256 3830 396 3895 mittatur,
426 3829 581 3908 dignitate,
614 3848 699 3908 quam
718 3830 854 3890 Oratori⁸
908 3840 988 3899 misit
1018 3860 1073 3899 nos
1097 3840 1149 3898 tibi
1175 3837 1305 3905 obviam,
1334 3842 1369 3895 ut
1385 3840 1417 3896 te
1435 3834 1473 3893 ad
1493 3853 1528 3893 se
1548 3832 1707 3895 deducere·

57 3920 186 3991 ratione,
219 3920 257 3981 ad
284 3922 485 4002 excipiendum
505 3929 535 3982 ct
554 3922 759 3983 deducendum
779 3923 853 3984 Ora·
909 3953 989 4005 mus3
1018 3930 1195 4012 (repetendo
1213 3930 1329 3989 titulum
1350 3926 1503 4005 principis,
1532 3933 1564 3987 ct
1582 3926 1706 3991 laecum·

57 4016 150 4071 torem
169 4015 262 4073 mittit.
302 4017 418 4075 laterim
437 4018 522 4077 ctiam
543 4036 645 4093 magno
662 4014 755 4087 Duei,
774 4016 853 4076 undo
908 4025 1064 4098 tenentis).
1092 4023 1253 4083 Praeterea
1271 4021 1357 4081 nobis
1375 4018 1583 4083 demandatum
1596 4030 1654 4095 cst,
1674 4031 1708 4084 ut

59 4107 92 4161 et
111 4123 129 4163 a
149 4125 207 4183 quo
225 4109 336 4179 veniat,
369 4110 505 4169 continuo
527 4110 681 4188 significat.
728 4110 853 4182 lllissus,
908 4117 1134 4194 inquireremus,
1153 4134 1239 4195 qnam
1259 4134 1333 4175 sano
1353 4116 1545 4194 equitaveris3
1564 4117 1611 4191 (ls
1630 4119 1706 4178 enim

56 4216 96 4256 cx
128 4197 232 4260 itincre
260 4204 369 4284 pariter
396 4206 520 4283 aliquem
545 4224 582 4263 cx
606 4205 670 4263 suis
688 4206 855 4284 praemittit,
910 4209 1014 4269 modus
1033 4210 1121 4269 estin
1135 4207 1317 4289 excipiendo,
1338 4206 1436 4280 Quam
1446 4210 1708 4291 saueoqm'tsstil)

56 4290 108 4369 qui
125 4289 243 4353 Oratori
262 4298 424 4375 significet,
444 4298 583 4376 Magnum
603 4295 748 4357 bominem
768 4298 853 4359 adue
909 4302 988 4363 Dein
1009 4300 1125 4362 Oratori
1154 4301 1285 4364 dextram
1309 4303 1424 4365 missus
1448 4304 1582 4385 porrigite
1611 4322 1707 4385 neqrm

57 4384 136 4455 nire,
156 4388 205 4465 qui
227 4408 294 4451 cum
314 4397 393 4450 certo
413 4392 478 4451 loco
495 4393 603 4467 (locum
616 4392 794 4470 designans)
807 4412 854 4452 cx·
909 4415 1013 4458 mrsus
1033 4395 1172 4457 bonorem
1192 4398 1271 4479 prior
1291 4396 1426 4468 exbibet,
1446 4396 1504 4457 uisi
1520 4394 1707 4457 videatOra·

56 4486 200 4557 capturus
219 4484 268 4544 sit
310 4486 401 4545 Porro
422 4483 522 4562 lllagni
540 4486 669 4546 bominis
687 4486 773 4546 titulo
791 4506 858 4567 pro·
910 4498 1005 4551 terem
1024 4496 1112 4572 caput
1130 4511 1215 4551 sunm
1233 4492 1358 4572 aperire.
1388 4490 1453 4553 Snb
1471 4487 1557 4561 lraec,
1576 4489 1707 4549 humani·

56 4576 159 4651 pterea
178 4580 311 4650 utuntur,
332 4576 412 4657 quod
430 4576 499 4637 illud
510 4580 855 4659 praedicatnmltlagnus,
911 4586 982 4646 tatis
1001 4584 1077 4645 lorte
1086 4583 1183 4644 ollicio
1193 4582 1349 4653 adductus,
1369 4582 1445 4642 ultro
1457 4579 1614 4641 Oratorem
1629 4597 1707 4637 conr·

56 4665 191 4726 tribuitur
209 4672 345 4731 omnibus
365 4669 622 4731 excellentioribus
632 4675 785 4754 personis;
806 4696 855 4735 ue·
911 4679 1011 4759 pellat,
1023 4698 1180 4759 quaerens,
1192 4696 1277 4756 quam
1287 4676 1540 4756 sanaequitasset,
1552 4671 1707 4731 l'nstrcnrn

56 4776 116 4835 que
136 4762 214 4822 enim
226 4782 392 4845 quenquam
403 4768 567 4833 strenuum,
587 4770 638 4824 aut
650 4766 786 4838 nobilem,
805 4778 856 4829 ant
911 4771 963 4832 dat
981 4774 1096 4849 signum
1120 4790 1208 4831 manu
1233 4770 1375 4838 innuens,
1399 4763 1542 4826 Ascende
1567 4770 1598 4822 ol
1621 4764 1707 4826 vualo.

55 4848 221 4925 Baroncm,
241 4857 383 4916 illustrem
403 4862 452 4917 aut
471 4856 653 4935 magnificum
670 4866 786 4929 uncant,
804 4866 857 4921 aut
912 4862 1097 4924 conscensis
1115 4864 1232 4924 tandem
1252 4864 1349 4939 equis,
1368 4862 1418 4916 eut
1437 4855 1592 4923 vebiculis.
1611 4860 1708 4919 subsi-

55 4944 115 5004 alio
136 4946 263 5029 ‹lerrique
284 4950 313 5009 irl
334 4972 429 5029 genus
449 4951 532 5012 titulo
551 4956 664 5011 ornant.
698 4951 854 5015 Caetera!
911 4956 965 5017 stit
983 4954 1051 5013 loco
1071 4977 1130 5015 nna
1149 4974 1217 5013 cum
1237 4955 1318 5012 suis:
1340 4970 1435 5032 neque
1459 4951 1508 5011 ria
1532 4952 1612 5014 cedit
1632 4952 1706 5015 Ora·

55 5040 86 5097 in
106 5058 288 5119 congressu,
308 5045 419 5105 missus
437 5045 487 5106 illo
506 5045 582 5108 adeo
603 5064 661 5104 non
682 5044 761 5105 cedit
780 5047 855 5121 locu,
909 5048 977 5115 teri,
995 5047 1051 5109 sed
1071 5058 1238 5127 postremus
1264 5044 1390 5123 alonge
1409 5046 1541 5128 sequitu,
1567 5054 1707 5129 curatque

55 5136 89 5189 ut
108 5133 203 5193 nivem
224 5132 358 5213 byberno
375 5144 521 5217 ternpore,
549 5138 600 5200 nbi
620 5138 773 5208 subsistit,
792 5158 855 5201 ver·
911 5138 1066 5219 diligenter
1086 5160 1124 5200 ne
1144 5139 1271 5219 quisque
1290 5138 1464 5207 retrocedm,
1484 5150 1536 5203 rut
1543 5143 1707 5220 subsequ-
