3742 5626
756 138 1024 201 commutauit.
1197 184 1204 209 ,
1681 150 1715 207 ut

54 301 131 383 cipis
150 299 403 362 deRutbcuorum
423 297 492 375 fuga
510 294 691 367 edoceam,
712 297 858 379 quisejus
882 291 887 355 l
913 293 993 373 apud
1022 315 1076 355 eos
1107 298 1280 357 auctoritato
1308 317 1344 356 ac
1375 298 1564 359 veneratione
1590 308 1652 374 est,
1683 310 1716 365 ut

54 400 156 456 auctor
175 395 338 462 extitisset,
358 392 504 452 contentio
525 390 634 453 fuisset
651 395 731 450 orta.
752 389 858 448 Senio·
914 389 1003 447 ctimn
1035 408 1122 466 reges
1150 389 1318 450 advenienti
1338 398 1506 463 occurrant,
1537 399 1715 475 stantesque

55 509 104 549 res
129 489 157 548 in
178 487 265 547 Knes
285 485 465 546 Demetrium
485 483 601 545 Bielslri
627 485 778 543 exercitus
806 480 856 540 du·
914 481 982 540 buic
1002 502 1078 560 equo
1098 483 1234 543 insidenti
1251 504 1365 543 manum
1375 486 1539 565 porrigant
1555 489 1715 590 capiteque

55 602 132 652 cem,
163 580 348 639 hominem
334 599 491 660 Juvenum,
522 597 624 657 aquo
651 577 776 637 consilia
800 594 857 635 sua
913 574 1067 647 inclinato,
1088 575 1437 654 qnodsolisconcessum
1456 584 1504 639 cst
1523 566 1715 658 regiblrstan·

54 681 158 756 spreta
183 674 325 743 fuissent,
354 692 472 732 omnem
492 671 609 751 culpam
629 669 857 737 transferebant,
912 673 996 745 gant:
1017 668 1197 728 namllnces
1218 671 1360 750 nunejus
1381 673 1715 752 manum,sedgcnua

55 772 184 850 ejusque
222 767 331 827 incuria
360 764 505 825 Tartaron
538 762 651 823 Occam
687 763 855 823 transiisse:
883 824 885 831 ,
913 762 1028 822 nobiles
1048 782 1117 821 rere
1138 759 1246 841 pedes,
1265 763 1374 845 plebeji
1396 773 1498 825 vestes
1517 770 1645 839 tanturn,
1666 774 1717 829 aut

55 867 158 922 contra
178 861 226 921 ille
246 859 369 940 depulsa
389 880 408 920 a
427 880 462 918 sc
483 857 583 934 culpa,
603 854 856 937 Andrcamjunio·
913 877 1019 936 equum
1051 875 1140 915 manu
1175 855 1342 932 attingunt)
1372 857 1400 914 in
1426 878 1463 916 eo
1490 862 1629 922 comitatu
1650 861 1714 922 fuit.

54 975 117 1014 rem
149 954 265 1015 fratrem
285 953 433 1033 Principis
462 951 583 1029 primum
609 950 736 1009 omnium
758 947 857 1025 fugam
913 952 944 1008 ls
969 947 1058 1030 Sejd,
1090 968 1157 1007 cunr
1176 946 1282 1009 Basilii
1307 954 1409 1029 partes
1428 951 1502 1010 clam
1522 951 1650 1025 foveret,
1670 974 1716 1015 se·

56 1049 175 1119 iniisse,
205 1053 399 1125 caeterosque
420 1044 500 1105 bunc
524 1048 648 1104 scentes
665 1043 760 1103 fuisse
780 1040 857 1100 dice·
915 1046 1125 1120 quereturque,
1154 1043 1294 1122 juvenem
1322 1061 1445 1122 capere,
1477 1050 1507 1104 et
1534 1044 1717 1107 bloscoviam

55 1143 115 1201 bat
165 1140 315 1212 Basilius,
347 1160 386 1199 ne
406 1138 537 1198 severior
557 1137 586 1195 in
606 1134 741 1206 fratrem,
771 1154 858 1214 quem
916 1134 1043 1193 vinetum
1074 1137 1187 1195 mittere
1212 1135 1384 1214 satagebat:
1419 1135 1474 1197 sed
1500 1136 1718 1218 deprehensus,

54 1241 203 1297 auctorem
223 1234 312 1312 fugae
332 1232 428 1291 fnisse
439 1230 603 1296 constabat,
623 1226 861 1295 esseviderctur,
917 1230 1093 1305 captusque,
1114 1227 1206 1286 cultro
1226 1229 1254 1287 in
1274 1229 1392 1309 publico
1404 1230 1555 1291 occiditur.
1587 1228 1719 1293 blicbael

56 1350 93 1389 ex
114 1327 274 1409 praefectis
294 1346 399 1393 unum,
420 1324 470 1400 qui
489 1341 548 1382 uua
570 1340 637 1380 cum
658 1320 745 1381 fratre
764 1317 861 1399 profu·
916 1320 1028 1378 interca
1048 1318 1106 1379 dux
1126 1322 1289 1393 exercitus,
1320 1324 1433 1384 coactis
1453 1325 1481 1383 iu
1502 1323 1640 1385 inferiore
1657 1324 1718 1385 No·

56 1429 156 1499 gerat,
181 1418 301 1500 injectis
327 1416 457 1484 catenis,
488 1413 629 1492 dignitate
649 1420 679 1473 et
698 1413 861 1494 principatu
917 1412 1056 1490 vogardia
1079 1412 1118 1471 ad
1138 1411 1291 1473 machinas
1311 1421 1562 1497 commeatumque
1584 1417 1717 1479 deferen-

56 1514 190 1593 pfivav'rt,
236 1511 362 1571 ineunte
382 1506 489 1568 deinde
507 1512 637 1576 aestate,
658 1512 690 1567 ut
708 1509 860 1583 acceptam
917 1504 986 1563 dum
1007 1506 1146 1577 navibus,
1173 1526 1293 1587 quarum
1312 1512 1394 1567 tanta
1413 1509 1565 1570 multitudo
1586 1518 1665 1580 erat,
1686 1520 1719 1571 ut

57 1628 78 1667 a
98 1605 232 1666 Tartaris
252 1601 366 1663 cladem
386 1600 577 1661 ulcisceretur
596 1598 745 1668 Basilius,
779 1599 859 1674 igno·
916 1596 1024 1657 durius
1044 1598 1102 1658 alio
1123 1600 1170 1679 qui
1192 1598 1324 1679 amplus,
1345 1601 1539 1678 navigantium
1556 1603 1720 1664 multudine

56 1700 235 1777 miniamque
262 1716 348 1776 quam
368 1693 485 1771 fugiens
505 1697 535 1752 ct
554 1693 611 1753 sub
632 1692 719 1750 foeno
739 1689 859 1749 latitans
916 1702 1037 1769 opertus
1063 1689 1192 1769 undique
1220 1712 1291 1751 esse
1318 1692 1480 1752 uideretur:
1512 1694 1550 1756 ad
1571 1697 1720 1757 Cazanum

57 1795 247 1870 susceperat,
278 1787 405 1857 deleret,
440 1790 542 1845 coacto
576 1785 686 1863 ingenti
716 1784 859 1853 exercitu,
916 1803 981 1843 curn
1002 1785 1134 1844 exercitu
1154 1786 1346 1865 properabat3
1376 1806 1502 1867 eumque
1520 1788 1560 1848 ad
1581 1795 1720 1849 mercato·

56 1885 197 1966 adjuncto
231 1882 318 1942 etiam
343 1897 451 1956 magno
475 1884 682 1939 tormentorum
703 1882 733 1937 et
751 1874 861 1938 maehi-
916 1897 978 1936 rum
1004 1877 1128 1937 insulam
1149 1874 1406 1939 Gustieoroosero
1426 1883 1623 1960 pervenisset,
1643 1881 1720 1944 loca·

58 1997 159 2039 „amm
179 1979 336 2057 apparatu,
358 1974 468 2050 quibus
487 1970 861 2032 auteaiubcllisRutbeni
916 1974 956 2029 tls
987 1971 1114 2051 septima
1145 1968 1193 2029 dic
1217 1969 1289 2029 Julii
1322 1974 1448 2044 castris,
1479 1973 1578 2051 viginti
1604 1973 1721 2049 diebus,

59 2090 206 2151 „unquam
231 2069 278 2128 usi
304 2066 434 2137 fuerant,
466 2064 617 2145 profectus
644 2086 682 2124 cx
707 2061 892 2147 dioscoria
919 2063 987 2123 dum
1015 2063 1174 2141 equitatum
1198 2070 1353 2143 expectat,
1384 2066 1425 2126 ibi
1447 2073 1643 2129 commoratus
1663 2074 1720 2131 cst.

58 2185 125 2224 curn
146 2163 223 2223 omni
246 2160 391 2229 exercitu,
412 2157 450 2218 ad
465 2156 724 2226 Oceamllurium,
745 2156 863 2216 Colum·
889 2118 893 2241 Ι
918 2158 1034 2216 interea
1053 2156 1152 2216 Cazan
1172 2162 1316 2229 castrum,
1336 2158 1415 2238 quod
1436 2179 1475 2219 ex
1495 2158 1585 2239 lignis
1605 2167 1720 2222 exstru-

61 2278 186 2337 namque
200 2256 348 2315 civitatem
369 2249 518 2323 consedit3
538 2249 893 2311 indomissisadblah-
890 2200 893 2357 Ι
920 2258 999 2310 etum
1020 2258 1097 2318 crat,
1129 2269 1183 2329 per
1202 2248 1347 2329 quosdam
1367 2272 1385 2311 ιι
1405 2249 1520 2313 Moscis
1541 2248 1722 2315 subornatos

59 2352 195 2432 metgirej
221 2350 251 2407 iu
272 2347 428 2407 Tauricam
456 2343 714 2415 caduceatoribus,
745 2342 782 2404 ad
804 2364 892 2415 cer·¹
920 2342 1097 2410 incenditur,
1127 2363 1162 2401 ac
1192 2344 1323 2407 intuente
1352 2343 1556 2407 Itntbenorum
1586 2348 1719 2409 exercitu

60 2453 160 2506 tamen
181 2462 247 2501 cum
267 2443 420 2517 prorocat;
440 2438 591 2518 superiore
611 2439 688 2496 enim
708 2458 798 2508 anno,
818 2457 864 2506 se,
888 2418 892 2525 Ι
919 2437 1051 2497 funditus
1071 2438 1210 2495 exuritur.
1261 2436 1357 2497 Tanta
1378 2438 1540 2519 occupandi
1560 2441 1648 2503 castri
1668 2460 1716 2501 oc·

63 2558 122 2596 non
142 2535 251 2595 indicto
271 2530 368 2602 bello,
389 2551 428 2590 ex
448 2529 580 2601 insidiis,
602 2530 694 2591 furum
707 2531 863 2591 latronum
888 2528 892 2629 Ι
921 2532 1017 2597 casio,
1037 2528 1112 2589 adeo
1134 2528 1286 2589 formidine
1305 2551 1342 2590 ac
1362 2533 1429 2608 igna
1448 2531 1601 2592 viaDucis
1623 2532 1720 2611 negle-

63 2650 121 2708 que
141 2647 221 2687 more
241 2645 417 2705 oppressum
439 2622 551 2694 fuisse3
571 2623 609 2682 ad
628 2645 664 2684 ea
678 2644 730 2685 rex
743 2645 864 2696 respon·
889 2644 892 2705 Ι
921 2630 968 2683 cta
994 2623 1061 2691 fnit,
1091 2627 1123 2680 ιιι
1151 2642 1205 2680 nec
1230 2623 1353 2682 militem
1373 2623 1411 2682 ad
1431 2623 1655 2704 expugnandum
1675 2646 1720 2686 ca-

64 2723 120 2782 dit:
140 2721 205 2780 Sibi
225 2718 263 2778 ad
283 2716 477 2777 invadendam
489 2715 678 2776 dioscoriam
698 2719 773 2777 satis
792 2717 864 2776 mul·
889 2718 892 2793 l
920 2718 973 2776 stri
994 2715 1098 2775 collem
1119 2713 1268 2785 eduxerit,
1291 2735 1345 2775 nec
1365 2715 1505 2777 Tartarus
1523 2715 1553 2775 id
1567 2716 1721 2778 denuoac·

64 2822 113 2875 tas
133 2815 196 2872 rias
216 2819 331 2889 patore:
351 2810 430 2869 bella
450 2829 507 2866 uon
517 2812 612 2886 magis
621 2830 764 2869 armorum
777 2830 865 2889 quam
889 2814 893 2883 J
920 2811 1075 2870 dilicantes
1101 2806 1298 2887 impediverit:
1328 2829 1428 2869 verum
1454 2810 1596 2889 vigesima
1616 2815 1722 2871 octava

62 2915 225 2985 temporum
245 2921 331 2963 esse:
351 2900 472 2982 proinde
493 2921 529 2959 ea
549 2921 584 2961 sc
604 2922 659 2961 suo
669 2905 764 2979 magis
777 2922 864 2981 quam
890 2898 893 2985 l
922 2902 1056 2986 ejusdem
1075 2902 1190 2961 mensis
1210 2900 1259 2962 dic
1277 2905 1400 2984 trajecto
1422 2904 1451 2962 in
1463 2924 1528 2963 cam
1540 2908 1648 2985 partem
1663 2924 1722 2984 qua

62 3001 162 3060 alieno
183 2997 319 3065 arbitrio,
349 3014 451 3071 gerere
471 2992 577 3056 solere.
632 2992 749 3065 Quibus
768 2996 865 3055 verbis
891 3018 893 3053 :
921 3002 1049 3056 castrum
1068 2995 1157 3053 situm
1179 2999 1242 3062 est,
1261 2994 1375 3075 Volga,
1396 2995 1433 3057 ad
1446 2996 1583 3057 Cazanca
1602 2997 1720 3056 durium

39 3162 42 3166 .
64 3094 195 3152 irritatus
215 3088 322 3150 Basilii
348 3088 478 3157 animus,
509 3088 678 3146 tumetium
700 3087 777 3168 qnod
797 3088 865 3149 ulci·
891 3078 894 3135 ἶ
921 3112 986 3149 cum
1007 3088 1138 3149 exercitu
1159 3087 1309 3160 consedit,
1329 3093 1431 3169 uiginti
1450 3090 1557 3151 dicbus
1578 3091 1654 3150 bene
1672 3110 1720 3170 ge·

65 3183 169 3245 scendi
201 3181 323 3242 libidine
353 3180 486 3250 arderet,
517 3180 604 3239 motis
634 3182 757 3249 castris,
788 3201 865 3240 anno
891 3194 894 3267 ζ
922 3180 1031 3243 rendae
1057 3183 1099 3240 rei
1125 3182 1312 3243 occasionem
1339 3191 1469 3265 captans.
1518 3185 1561 3244 lbi
1581 3190 1721 3255 moratus,

64 3278 184 3339 Domini
205 3277 295 3343 1523,
321 3275 349 3332 in
370 3272 601 3351 Norngardiam‚
623 3273 789 3333 inferiorem
809 3276 865 3334 sci·
891 3272 893 3331 l
921 3297 976 3336 nec
1006 3278 1094 3353 longe
1119 3275 1157 3335 ab
1182 3295 1218 3333 co
1240 3274 1424 3338 Cazancnsis
1449 3298 1565 3358 quoquc
1587 3277 1721 3357 Regulus

66 3374 149 3440 licet,
168 3380 200 3430 ut
220 3369 288 3428 inde
308 3368 407 3427 Cazan
427 3387 547 3445 regnum
563 3366 798 3448 depopularetur,
819 3388 866 3425 oe·
922 3391 978 3430 sua
997 3375 1095 3429 castra
1115 3368 1207 3427 locat:
1229 3371 1407 3452 emissisquc
1425 3370 1621 3433 Czeremissis
1641 3370 1721 3452 pedi-

65 3469 258 3574 cuperetque,
286 3458 447 3522 contendit.
496 3459 567 3519 lnde
588 3460 736 3538 profectus
758 3460 796 3521 ad
816 3461 865 3520 tlu-
921 3464 1017 3532 tibus,
1047 3461 1171 3532 Rullus,
1200 3461 1359 3524 Rutbenos
1384 3467 1521 3545 saepius,
1553 3465 1661 3525 frustra
1681 3470 1722 3525 ta·

65 3561 144 3618 ιίιιιιι
170 3556 262 3625 Sura,
293 3556 322 3614 in
348 3554 456 3613 frnibns
476 3554 707 3623 Cazanensium,
739 3558 866 3612 castrum
923 3576 1007 3623 men,
1033 3555 1168 3627 infestat3
1200 3576 1275 3633 quae
1296 3556 1424 3617 Scboale
1443 3579 1509 3626 rex,
1536 3560 1585 3639 qui
1606 3578 1724 3638 qnoque

65 3650 145 3731 quod
172 3672 190 3709 a
215 3668 271 3709 suo
295 3648 409 3706 nominc
428 3646 600 3726 appellarit,
631 3647 739 3706 erexit:
772 3666 867 3725 neque
891 3658 896 3743 J
923 3648 961 3710 ad
988 3647 1016 3707 id
1043 3649 1150 3707 bellum
1177 3648 1303 3709 navibus
1323 3659 1457 3722 rcnerat,
1489 3653 1610 3728 scriptis
1631 3651 1723 3709 literis

65 3756 129 3802 tum
148 3743 224 3802 ultra
242 3758 434 3820 progressus,
454 3741 615 3800 exercitum
636 3739 761 3800 reduxit.
812 3738 867 3797 Se
890 3750 895 3837 Ι
924 3741 1075 3811 admonet,
1096 3751 1128 3801 ut
1149 3762 1239 3851 regno
1259 3762 1314 3801 suo
1335 3741 1529 3802 haereditario
1544 3741 1638 3803 cedat
1674 3741 1724 3802 Ad

66 3839 168 3916 quenti
187 3854 257 3894 uero
277 3853 354 3893 arrno
373 3830 549 3893 biicbaelem
563 3832 698 3911 Georgii,
718 3852 808 3891 ιιιιιιιιι
829 3853 867 3891 ex
892 3846 895 3933 Ι
924 3856 1000 3913 quae
1032 3836 1080 3895 illc
1113 3837 1232 3913 paucis:
1264 3834 1298 3894 Si
1326 3854 1445 3911 regnum
1466 3835 1523 3893 boc
1544 3854 1640 3894 meum
1660 3835 1724 3910 (rc-

66 3929 234 4010 praecipuis
263 3925 442 3986 consiliariis
473 3928 552 3995 suis,
591 3928 753 4009 majoribus
782 3942 895 4033 quum¹
892 3896 1064 4008 spondit)
1092 3926 1201 3986 babere
1222 3926 1323 4005 cupis,
1352 3946 1407 4005 age
1433 3926 1509 3987 ferro
1530 3928 1724 3991 decernamus

65 4023 150 4099 prius
171 4021 272 4097 copiis,
293 4017 331 4077 ad
352 4018 544 4096 subigendum
561 4019 659 4080 Cazan
681 4041 799 4097 regnum
816 4020 868 4078 mi·
892 3980 895 4053 l
892 4022 1055 4121 ntriqne3
1077 4019 1105 4078 id
1126 4021 1174 4079 cui
1195 4018 1311 4078 fortuna
1329 4017 1457 4091 dederit,
1478 4020 1595 4084 babeat.
1645 4022 1725 4085 Dum

66 4116 118 4172 sit.
168 4110 215 4170 Ειι
241 4120 382 4189 apparatu
399 4111 474 4172 adeo
493 4114 630 4185 terribili,
660 4114 794 4194 Sapgirej
815 4126 895 4201 rexJ
892 4082 1057 4172 llutlreni
1088 4113 1129 4172 ita
1158 4111 1265 4172 frustra
1291 4132 1388 4174 moras
1407 4114 1537 4188 trabunt,
1571 4117 1726 4197 absumpto

68 4206 181 4266 Cazani
203 4204 375 4285 perculsus,
395 4208 540 4266 accersito
559 4207 598 4267 ad
617 4227 651 4266 se
672 4229 708 4267 ex
719 4208 805 4266 fratre
821 4212 896 4263 ιιι·Ι
893 4226 1002 4286 quac
1022 4205 1217 4276 abduxerant,
1238 4213 1416 4280 commeatu,
1437 4208 1513 4271 fame
1533 4211 1725 4272 laborarem

69 4310 153 4375 pote,
188 4318 258 4377 rege
280 4296 471 4358 Tauricae.
458 4320 599 4381 Juvenum
619 4299 759 4359 tredecim
780 4300 867 4358 anno·
893 4348 896 4359 .
926 4301 1049 4379 cipiunt3
1077 4318 1143 4358 nam
1167 4296 1363 4361 Czeremissis
1384 4304 1481 4363 omnia
1500 4307 1726 4384 circumquaque

70 4413 146 4459 ιιιιι,
166 4392 214 4469 qni
235 4391 350 4450 interim
366 4411 456 4470 regno
469 4400 640 4473 praeesset
660 4393 698 4454 ad
709 4392 896 4452 anearum
926 4393 1126 4463 vastantibus,
1157 4392 1345 4476 boetiumque
1371 4396 1477 4456 itinera
1501 4397 1655 4475 diligenter
1675 4397 1726 4455 ob·

70 4486 290 4564 inperatorem,
323 4486 390 4566 ejus
416 4486 552 4545 auxilium
573 4508 716 4565 opemque
736 4485 897 4579 implora-J
894 4487 1132 4557 screantibus,
1152 4487 1225 4547 uibil
1246 4488 1352 4548 adferri
1373 4496 1500 4569 poterat:
1520 4489 1595 4548 adeo
1619 4496 1651 4547 ut
1670 4505 1727 4546 nec

70 4584 166 4637 turus
199 4578 338 4655 confugit.
386 4579 461 4637 Cum
482 4581 608 4636 ante'm
594 4581 714 4659 Jrnenis
700 4562 896 4639 ιιιιιιιιιΙί
927 4583 1069 4660 Princeps
1089 4581 1126 4641 dc
1147 4583 1295 4642 exercitus
1312 4583 1373 4653 sui,
1395 4606 1452 4663 qna
1465 4582 1657 4662 premebatur
1678 4599 1727 4639 nc·

70 4672 188 4729 monitis
206 4690 329 4750 parens,
363 4672 483 4747 itcrag
475 4690 613 4747 graecus,
634 4672 672 4731 ad
693 4674 870 4733 Gestirmvo·
894 4664 898 4759 Ι
928 4679 1069 4736 cessitate
1098 4695 1292 4752 cognoscere,
1327 4695 1381 4733 nec
1403 4678 1460 4755 ipsi
1479 4676 1608 4753 ‹prinqnc
1628 4672 1727 4733 illi'm·

68 4783 166 4831 osero‚
186 4763 215 4822 id
235 4770 282 4823 est
301 4764 429 4825 insulam
449 4784 524 4843 qnae
547 4772 736 4824 mercatorum
757 4764 897 4833 dicitur‚'
895 4742 898 4819 l
928 4770 1058 4845 gnifrcnri
1078 4773 1209 4847 possent.
1249 4768 1327 4828 Huic
1346 4768 1387 4825 rei
1408 4765 1626 4825 ‹lrrrrsllnsilius
1647 4787 1727 4847 prae·

68 4858 146 4914 intra
167 4855 279 4933 Volgae
307 4864 438 4925 urentuS,
474 4877 530 4916 non
552 4856 638 4935 longe
658 4878 676 4917 a
696 4866 795 4916 castro
816 4858 872 4915 Ca·
929 4864 1056 4921 fecerat:
1077 4882 1178 4929 ιιιιιιιιι,
1205 4860 1289 4919 Knes
1310 4863 1448 4918 ioannem
1470 4856 1598 4928 l'aliclri,
1619 4862 1668 4940 qui
1689 4883 1727 4925 cx

67 4968 125 5007 zan
155 4948 238 5008 sitam
257 4951 460 5028 pervenisset,
481 4950 640 5010 liberaliter
652 4949 873 5028 lrorrnritieeque
929 4952 1118 5029 Novngardia
1143 4953 1295 5011 instructis
1322 4958 1483 5011 commeatu
1510 4954 1647 5025 travibus,
1682 4976 1728 5015 se·

68 5064 84 5099 a
109 5042 190 5116 regni
212 5042 394 5120 principibus
420 5051 581 5126 susceptus
603 5053 660 5105 est.
692 5042 768 5103 Num
788 5042 872 5124 Sejd,
931 5044 1026 5106 cundo
1050 5044 1136 5103 fluvio
1156 5043 1194 5103 ad
1213 5044 1370 5101 exercitum
1384 5042 1594 5106 descenderet:
1615 5048 1727 5109 relicto·

67 5153 230 5214 supremus
256 5131 443 5197 Tartarorum
468 5137 611 5198 sacerdos
641 5136 712 5216 (qni
734 5138 762 5197 in
789 5144 871 5197 tanta
931 5160 989 5220 qno
1009 5136 1048 5197 ibi
1069 5142 1247 5205 cornmeatu,
1269 5144 1348 5200 stetu
1370 5139 1456 5199 etiam
1477 5162 1568 5201 rerum
1581 5143 1727 5221 praesenti

1390 5261 1405 5312 ῦ
