3742 5626
95 230 154 295 iti
719 228 851 295 nonu
869 226 1138 293 obtusum!

102 414 170 457 cun
195 396 395 459 ornatissimis
418 398 548 477 equitn-
573 396 631 458 nlis
658 397 773 457 ebuis-
798 395 907 474 legatis
966 414 999 457 rs
1018 396 1262 474 prestrnvissent,
1291 397 1426 477 protinas
1453 389 1691 467 interficiendos,
1725 396 1775 453 ant

100 506 280 569 progressus
298 508 437 552 sermone
457 489 640 572 perjucunde
659 495 690 551 at
709 487 836 550 busane
852 506 909 548 cns
966 489 997 549 in
1031 488 1225 551 foedissimos
1258 502 1398 549 carceres
1430 484 1617 570 abiiciendes
1649 484 1775 544 curarit.

102 583 230 663 excepit.
274 581 388 646 Pestes
418 583 512 643 misso
542 582 583 644 ad
613 584 697 644 urbis
724 581 909 663 preelectum
965 578 1031 642 Nec
1053 580 1121 641 illes
1140 590 1270 658 tantun,
1290 584 1343 662 qni
1362 582 1393 641 in
1412 580 1502 641 arnis
1520 576 1694 658 ignaviores
1715 576 1775 637 ine·

104 672 311 750 seducentere,
330 674 369 735 de
389 695 465 753 pnee
484 676 651 757 ecrspesits
669 694 737 736 cans
757 675 830 736 lecit
847 692 909 734 cer-
967 679 1047 746 rsnt,
1067 674 1186 747 cecidit,
1205 674 1260 737 sed
1279 674 1367 735 edan
1387 674 1478 755 quieti
1489 674 1578 734 snirei
1598 669 1774 732 ciresdsas·

102 768 217 829 liorem.
254 767 310 829 ille
336 786 424 847 queas
453 774 554 847 grstns
585 770 644 830 eibi
669 772 789 830 nuntius
815 770 910 837 esset,
968 773 1101 829 naturum
1123 788 1243 828 nnsrero
1261 767 1387 850 ediscit,
1412 773 1502 846 atque
1527 767 1566 825 ita
1587 765 1682 825 veluti
1701 767 1776 847 puri·

104 858 204 923 uultis
228 861 324 939 signis
349 861 491 922 ostendit.
532 859 634 933 Quum
658 882 728 923 vere
748 867 910 940 rogaretur,
969 861 1057 923 flesto
1090 880 1197 941 regne,
1229 882 1265 921 ae
1295 861 1418 921 suevius
1448 859 1601 939 eliquanto
1631 858 1776 918 victurus

104 957 139 1015 nt
166 952 205 1016 ad
232 955 339 1035 epulas
363 955 393 1015 ln
421 960 520 1016 cestre
544 954 641 1035 Regis
659 955 861 1026 descendere,
880 960 912 1012 ct
969 954 1109 1035 spinetus
1136 957 1194 1015 est.
1242 953 1388 1034 Captivos
1406 972 1539 1034 quoqne,
1559 966 1638 1030 ques
1657 970 1702 1010 ex
1722 970 1777 1009 ns·

105 1064 173 1109 utrm
198 1042 389 1129 Principibus
414 1047 550 1111 Pelnnici
579 1052 729 1111 uacitus
754 1048 911 1110 amicitia·
970 1047 1060 1108 nibus
1088 1046 1151 1108 lere
1181 1046 1351 1107 ustionibus
1381 1046 1551 1106 innumerus
1576 1042 1731 1114 bsbebat,
1748 1052 1778 1103 st

105 1139 181 1201 inire
213 1142 319 1212 uellet,
349 1160 475 1217 ceusu,
511 1142 619 1222 quibus
645 1140 795 1202 sddnctus
820 1138 851 1201 id
871 1139 912 1200 la·
972 1140 1086 1201 crebris
1114 1139 1257 1200 r'anrtlbus
1287 1140 1439 1200 burburena
1472 1138 1616 1198 feritaten
1644 1138 1778 1205 ntisrd,

107 1252 178 1295 nere
198 1255 255 1297 nnn
275 1240 397 1316 posset,
426 1236 622 1313 gravissimas
650 1234 792 1295 ostendit.
831 1232 915 1294 blisit
971 1230 1074 1294 ultime
1099 1231 1246 1314 supplicio
1272 1231 1392 1292 allicere
1426 1229 1610 1291 decreuerat.
1662 1226 1706 1290 Et
1725 1248 1780 1309 agn

106 1332 205 1387 tenen
225 1346 263 1389 ex
282 1329 440 1407 praecipue
458 1328 610 1390 nobilitate
630 1331 726 1400 siros,
744 1327 795 1409 qul
823 1324 915 1387 nllicil
973 1330 1055 1387 certe
1072 1324 1278 1388 sfflmsvertm
1308 1322 1408 1394 laclle,
1428 1325 1569 1405 optinum
1587 1322 1780 1402 etlasnigsls·

109 1436 202 1483 censs
233 1420 370 1481 eenrirln
403 1423 492 1503 juste
525 1423 639 1499 regium
667 1421 914 1501 magnificentium
972 1421 1080 1481 simu·
1110 1416 1226 1493 Deum,
1258 1417 1445 1477 creberrimis
1479 1417 1594 1477 illurn·
1626 1413 1779 1476 nonin·-

109 1511 254 1573 instruetc
273 1511 427 1575 adessent.
466 1513 540 1576 llles
557 1515 739 1577 Zamsscine
758 1515 788 1575 in
819 1512 915 1573 taber·
942 1512 946 1599 Ι
974 1511 1257 1593 supplicationibus,
1281 1516 1383 1572 contre
1407 1528 1484 1590 ques
1503 1516 1651 1588 tyrannus
1672 1506 1780 1569 lernrrn

110 1604 218 1667 uscnle
237 1605 420 1687 pulcerrinis
439 1608 590 1688 tapetibus
608 1613 641 1669 et
658 1628 749 1669 unna
768 1611 854 1667 reste
872 1605 915 1664 in·
943 1610 946 1689 l
973 1604 1115 1677 ecuebet,
1144 1623 1260 1664 nenena
1287 1603 1490 1685 tenpernbnt‚
1518 1602 1645 1683 laqueos
1678 1620 1781 1683 appre

110 1702 203 1759 sbute
223 1701 353 1779 excepit.
394 1698 529 1781 Cumque
543 1701 761 1783 jucundissise
779 1716 916 1761 umens
943 1694 947 1775 Ι
974 1696 1138 1768 bendebet,
1161 1714 1256 1757 neres
1276 1698 1425 1757 cunctatas
1445 1696 1715 1775 circunspiciebat,
1740 1694 1783 1755 ls-

112 1796 232 1871 tenpns
250 1791 371 1873 nllqued
391 1814 458 1855 cura
477 1794 537 1855 illis
557 1794 764 1863 inseruisset,
783 1810 916 1853 neum
943 1778 947 1913 Ι
973 1795 1111 1872 tigstnn,
1142 1789 1276 1850 ultimum
1304 1790 1333 1849 ei
1361 1786 1455 1852 lstnm
1488 1790 1661 1851 inrisisse.
1706 1788 1782 1850 Cu

111 1884 232 1959 instrui,
252 1890 283 1947 et
301 1887 451 1963 ingente·
471 1887 623 1965 epularum
653 1892 824 1967 sppnratnrs
855 1880 917 1944 ieri
943 1926 947 1975 1
974 1886 1086 1964 alloqui
1105 1903 1142 1943 ea
1161 1882 1298 1943 brnnitste
1317 1884 1451 1964 corporis
1469 1892 1502 1942 et
1519 1880 1719 1945 nresbrerurn
1739 1902 1782 1944 rn-

107 1975 213 2057 jnssit.
252 1977 425 2041 Conririurn
446 1979 502 2039 luit
520 2000 541 2041 a
558 1978 620 2040 diei
632 1980 776 2061 principio
797 1977 835 2038 nd
847 1976 917 2038 renl-
944 1986 948 2093 Ι
976 1976 1047 2041 bere
1069 1976 1108 2038 ad
1126 1973 1503 2057 perlerendanusslibet
1521 1976 1671 2037 ueletia-
1691 1976 1781 2037 cesti·

111 2073 171 2131 n·
199 2080 316 2133 nectem
344 2072 533 2152 perductura,
553 2073 715 2154 multisque
740 2071 868 2150 dapibus
886 2078 918 2130 et
945 2118 949 2153 ἶ
976 2073 1026 2133 nnl
1046 2070 1142 2131 rserbi
1160 2067 1369 2130 contumelium
1391 2071 1420 2130 in
1439 2069 1640 2131 multosdies
1666 2070 1782 2131 mnino

111 2163 237 2225 saxiae
265 2165 326 2225 vini
344 2168 430 2248 cepis
442 2212 452 2243 ,
483 2172 515 2227 et
533 2166 670 2227 cantibus
689 2176 722 2227 et
740 2164 917 2245 symphonia
945 2168 950 2227 i
976 2169 1098 2248 penetus
1124 2161 1281 2225 rideretur.
1327 2156 1390 2222 Sed
1412 2163 1440 2223 ri
1463 2165 1594 2225 nurnlnis
1612 2184 1652 2225 es
1671 2164 1782 2225 infir-i·

113 2253 308 2328 celebrstnre,
326 2278 432 2321 osnes
451 2260 556 2335 elien,
587 2260 636 2338 qni
660 2258 777 2320 luerent
795 2258 919 2327 inviteti,
946 2270 949 2277 '
976 2266 1025 2321 tes
1044 2260 1087 2318 its
1106 2254 1224 2317 dennurn
1244 2253 1437 2315 veliementer
1454 2256 1602 2333 incubuit,
1621 2266 1658 2318 nt
1680 2256 1781 2338 (ΙΨ.

113 2348 286 2409 muneribus
317 2350 399 2428 lenge
428 2359 519 2431 etque
546 2352 683 2412 munitice
703 2351 802 2413 donati
823 2354 854 2412 in
872 2370 919 2411 nr·
945 2322 950 2417 Ι
977 2352 1049 2415 retis
1069 2346 1234 2411 rnediclose
1253 2346 1407 2423 mediis,
1426 2356 1527 2412 flente
1545 2351 1783 2421 esnone-t

114 2438 181 2499 bena
198 2442 311 2501 reversi
330 2448 408 2503 sunt.
446 2440 513 2505 Nec
533 2445 626 2505 multe
645 2448 716 2523 pos
743 2443 920 2505 Zsraescins
946 2422 950 2537 Ι
977 2444 1136 2508 sersbllers
1157 2460 1281 2523 prnrm
1299 2442 1389 2502 vitan
1399 2439 1538 2505 duceretr
1556 2440 1664 2505 blsltis
1678 2442 1784 2505 diebus

114 2530 300 2594 obsidionere
332 2532 438 2609 seivit,
472 2538 692 2617 exercitusque
726 2556 781 2618 per
812 2536 919 2596 nullas
946 2540 951 2637 Ι
976 2558 1036 2599 een
1055 2535 1165 2617 allequi
1184 2552 1370 2615 quenquam,
1390 2552 1450 2595 non
1472 2536 1569 2599 dbnn
1581 2556 1716 2614 mers,
1730 2556 1784 2597 nen

113 2624 249 2685 itinerum
268 2624 460 2689 dillicultntcs
480 2629 655 2691 tnenlnrsern
676 2630 705 2689 in
731 2628 919 2692 Litbnanian
947 2642 950 2657 ¹
977 2650 1080 2693 socen
1105 2629 1235 2699 mittere,
1261 2628 1304 2689 its
1327 2632 1361 2689 nt
1386 2634 1487 2691 netu
1504 2628 1603 2691 luctas
1622 2630 1785 2691 rideretur.

114 2714 247 2792 reduxit,
267 2719 315 2779 cul
336 2718 443 2782 deinde
463 2720 534 2784 Rea
554 2728 585 2784 et
604 2722 789 2805 Respublica
807 2722 920 2802 pretias
977 2724 1055 2786 Post
1079 2722 1190 2785 uelles
1214 2720 1324 2783 deinde
1343 2720 1426 2792 dies,
1445 2720 1492 2781 sbi
1509 2720 1595 2783 dolor
1614 2742 1728 2784 recens
1748 2723 1787 2785 ls·

115 2828 214 2889 egere·
251 2808 363 2875 Festos
389 2815 477 2877 etium
501 2815 569 2878 diae
594 2836 646 2896 per
669 2835 785 2877 ornnes
804 2814 920 2878 Ser-s·
978 2822 1117 2887 sereret,
1136 2811 1208 2877 nibil
1228 2812 1310 2875 alind
1329 2832 1417 2892 queen
1435 2810 1521 2875 stan
1543 2815 1667 2877 issen-
1696 2834 1790 2877 rees-

114 2904 186 2967 tinrn
210 2904 342 2987 populns
367 2908 444 2984 egit,
468 2910 703 2989 supplicationes
728 2910 869 2979 institnit,
888 2914 920 2970 et
977 2912 1037 2973 bat.
1077 2911 1188 2970 lrenue
1212 2906 1253 2966 illi
1281 2906 1391 2983 uideri,
1420 2905 1527 2969 lvsnue
1544 2906 1640 2969 audiri
1666 2908 1788 2971 rideba-

116 2996 184 3059 Dee
211 2995 331 3075 Optime
358 3000 489 3061 blnaime
521 3008 622 3079 grstes
650 3003 810 3084 persolvit,
840 3000 920 3083 qued
977 3010 1038 3078 tur,
1064 3020 1131 3061 cunr
1152 3000 1201 3060 ille
1220 2999 1316 3078 loqui,
1344 3019 1408 3059 crrsr
1429 2997 1481 3061 ille
1501 3004 1681 3079 considere,
1701 3005 1786 3063 inter·

116 3095 218 3169 optatu
251 3090 397 3154 brevitate
427 3094 537 3155 bellun
565 3096 693 3168 linitum,
718 3104 751 3158 et
768 3096 920 3157 exercitus
978 3095 1046 3157 dnar
1072 3094 1158 3175 qussi
1182 3094 1279 3154 visun
1311 3092 1450 3154 debiliter
1473 3096 1661 3157 sccersabat.
1712 3094 1785 3156 Post

117 3188 202 3245 esset
220 3183 371 3247 reductus.
411 3183 563 3248 Basilides
581 3196 680 3250 entes
696 3189 788 3249 tentis
800 3188 921 3249 cnlsnri·
977 3188 1097 3268 lengum
1121 3184 1231 3247 deinde
1256 3186 1365 3247 lnctnrn
1390 3189 1532 3249 neentis
1550 3208 1652 3271 parua
1668 3206 1725 3267 per
1743 3188 1781 3244 ri·

115 3280 205 3337 tstns
225 3277 398 3341 vulneribus
422 3279 564 3351 sillictus,
586 3286 674 3359 geste
692 3280 849 3343 infeliciter
860 3280 921 3341 bel·
978 3282 1061 3343 ribns
1085 3280 1208 3345 Arinem
1229 3277 1432 3349 Ududevisrs,
1473 3279 1614 3343 berrestse
1642 3278 1785 3361 pulcrior·

116 3368 161 3441 le,
194 3376 226 3429 et
256 3371 370 3431 aruisse
398 3377 491 3433 reteri
520 3373 635 3435 vinens
666 3374 819 3453 opinione,
853 3392 921 3434 curn
948 3410 952 3453 Ι
979 3373 1059 3437 dinis
1101 3371 1255 3444 lerninsnn,
1291 3380 1323 3434 et
1364 3372 1413 3433 biii
1445 3392 1568 3435 uxoren
1594 3373 1658 3443 sut,
1693 3370 1787 3431 elbeii

117 3462 265 3533 exercitu,
289 3466 457 3539 ter-entis,
485 3471 666 3536 cen-esta,
691 3466 871 3544 arcibusque
891 3472 923 3527 ct
948 3456 952 3517 l
979 3484 1073 3531 cansa
1092 3467 1122 3527 in
1143 3466 1239 3528 aulen
1259 3466 1429 3528 uenientem
1446 3466 1488 3529 sd
1507 3466 1601 3546 stnprl
1630 3469 1787 3527 muscetu-

117 3554 227 3617 mnis
256 3554 370 3635 pessis
400 3563 509 3619 exntm
538 3568 640 3635 esset,
667 3578 736 3619 mm
759 3558 839 3620 desi
862 3559 921 3621 lille
949 3560 953 3621 l
981 3562 1081 3622 dinero
1105 3559 1273 3641 perpellere
1302 3559 1409 3637 sciuit,
1435 3580 1493 3621 nee
1513 3559 1600 3620 slitsr
1618 3558 1687 3632 illa,
1706 3576 1790 3640 quan

117 3646 243 3709 erbstnrs
273 3667 394 3711 suerum
425 3652 513 3711 etinsr
535 3653 751 3730 captivitates,
777 3653 922 3714 excidia·
949 3624 955 3719 Ι
979 3653 1049 3715 dus
1079 3652 1201 3724 clueret,
1220 3658 1339 3713 meta
1369 3658 1426 3714 est
1473 3652 1520 3716 lia
1546 3670 1603 3732 epe
1624 3650 1791 3719 rmum

119 3746 150 3803 et
168 3750 280 3803 sortes
298 3740 441 3813 vidisset,
465 3762 531 3804 cns
556 3745 693 3807 sollicitis
717 3750 750 3806 et
766 3746 922 3808 aeerbisei·
950 3732 954 3795 ἶ
981 3766 1047 3808 ens
1074 3744 1204 3807 lnl'estes
1228 3744 1286 3806 sibi
1311 3744 1472 3808 noneslles
1495 3750 1621 3828 prepter
1641 3742 1675 3805 id
1693 3744 1792 3807 sech

119 3833 175 3897 sis
194 3835 425 3912 cogitationibus
444 3844 569 3900 cesama
588 3838 837 3899 sciribnstacita
854 3858 922 3900 eon·
950 3852 954 3883 ¹
981 3839 1110 3910 rideret,
1140 3858 1180 3900 ne
1208 3844 1306 3909 esset,
1337 3840 1387 3919 qni
1412 3856 1475 3900 renn
1500 3840 1530 3898 ln
1559 3837 1671 3916 rnlgus
1689 3836 1791 3899 esse

119 3934 311 3999 teneretur,
343 3935 373 3989 et
401 3928 440 3991 sb
459 3928 600 3993 bestibns
618 3930 800 4003 irrideretur,
819 3934 923 3994 merbe
950 3900 954 4003 Ι
980 3940 1102 4017 posset,
1122 3928 1259 3993 beninee
1278 3950 1333 3995 sax
1353 3932 1472 3994 nobiles
1490 3930 1617 3992 interfici
1639 3928 1750 4013 jubet,
1765 3936 1791 3989 el

120 4039 160 4083 ex
188 4020 373 4099 aegritudine
397 4023 486 4083 enisi
511 4030 663 4087 connecte
683 4022 827 4097 decessit,
844 4044 923 4088 enne
950 4018 954 4059 ¹
981 4028 1011 4087 ln
1040 4025 1091 4088 lais
1118 4022 1300 4087 lllicbaelen
1330 4024 1506 4096 susinum,
1536 4025 1636 4087 vinnm
1657 4024 1791 4086 clsr'm

118 4114 309 4192 pnstbnitun
324 4114 431 4175 bellun
445 4117 590 4178 secunde.
623 4116 809 4179 Exercnerat
818 4121 924 4199 psum
981 4120 1101 4198 generis
1129 4122 1162 4179 et
1195 4119 1337 4200 operibus
1373 4138 1445 4200 erge
1473 4119 1600 4201 patrie·
1636 4118 1789 4180 illm

118 4211 188 4269 ente
207 4204 315 4269 diebus
335 4210 491 4270 immanes
510 4209 657 4272 adversio
675 4230 750 4272 suns
770 4210 925 4276 crudelite-
951 4224 954 4235 '
981 4211 1080 4294 lpsan
1100 4230 1221 4292 qunque
1241 4210 1379 4275 lesinam
1398 4220 1451 4275 eut
1470 4230 1561 4291 regne
1591 4210 1727 4291 pellere.
1746 4218 1789 4272 at

119 4306 195 4366 tem
225 4300 433 4381 regionesque
465 4323 580 4364 ereneus
610 4304 715 4365 civlunr
749 4304 858 4376 caede,
893 4310 925 4367 et
983 4304 1149 4366 interlicere
1170 4307 1283 4377 statuit,
1306 4307 1444 4388 cernique
1464 4304 1564 4368 studio
1585 4312 1620 4365 et
1644 4304 1792 4385 dilige-n·

119 4389 297 4451 issentebili
310 4396 640 4474 quiritatuinnexiururn
655 4397 832 4480 replerent,
845 4399 927 4462 nulls
983 4416 1049 4460 enan
1076 4397 1136 4459 lilio
1162 4398 1238 4476 egit,
1263 4399 1330 4461 siue
1350 4398 1551 4461 censcientias
1577 4396 1717 4477 pudere,
1735 4398 1793 4459 sire

119 4502 176 4545 uec
195 4482 327 4556 humani,
348 4490 506 4565 sanguinis
526 4510 583 4550 nec
604 4510 709 4563 sexus,
740 4510 797 4552 eac
815 4492 925 4555 aetatis
984 4493 1073 4556 enimi
1094 4491 1191 4552 lurore
1210 4490 1366 4565 eddnctne‚
1386 4499 1419 4555 ut
1437 4492 1489 4554 llls
1508 4489 1642 4571 depulsa
1663 4490 1793 4555 alianis

120 4576 322 4640 sisaricerdis
347 4586 507 4658 pernotus.
552 4582 630 4645 Nem
654 4590 685 4644 et
705 4584 764 4644 dne
785 4582 877 4646 niliis
894 4592 927 4646 et
984 4584 1197 4647 satri-enimn
1224 4585 1378 4667 reciperet.
1424 4585 1489 4647 Sed
1513 4584 1596 4666 apud
1618 4586 1716 4649 nitu·
1737 4602 1793 4646 ess

119 4677 285 4744 trecentos,
310 4675 360 4752 qni
380 4673 516 4737 Peletine
536 4683 567 4737 et
587 4678 616 4736 in
642 4678 709 4738 nilis
734 4677 857 4738 urcibns
876 4676 925 4738 de·
984 4678 1055 4761 plns
1074 4674 1187 4737 valeret
1207 4676 1362 4752 benestas,
1382 4700 1470 4761 quare
1491 4696 1601 4760 preces
1617 4682 1729 4760 patris
1744 4678 1794 4741 lle·

119 4764 260 4828 ditieues
286 4765 435 4839 lecernnt,
463 4769 493 4829 in
520 4789 668 4832 narsernn
699 4772 925 4850 pmeripcoms
985 4768 1091 4833 silides
1124 4788 1163 4831 ex
1194 4769 1293 4832 lurore
1322 4774 1351 4833 in
1382 4773 1592 4851 poenitentiam
1621 4792 1735 4836 versas
1751 4770 1795 4847 (et

120 4858 275 4934 rudent,
316 4866 368 4923 set
387 4866 596 4925 censustnrns
625 4883 702 4935 ees,
729 4869 781 4927 eut
805 4864 836 4924 ln
861 4862 926 4925 nlti-
986 4873 1058 4927 snat
1075 4864 1194 4925 ennlnc
1214 4866 1282 4925 veni
1303 4871 1335 4927 et
1354 4866 1510 4929 instabiles
1522 4873 1728 4946 tyrensem
1743 4864 1796 4928 ssi·

121 4969 197 5015 rsus
228 4954 394 5017 berberienr
425 4953 619 5034 relegstnrus.
665 4956 732 5018 lles
759 4959 926 5037 ennrpuslta
985 4959 1037 5034 si)
1067 4956 1277 5020 blandimentis
1303 4978 1370 5022 cnm
1390 4961 1455 5022 suls
1478 4978 1587 5037 egere,
1608 4964 1640 5019 et
1662 4958 1795 5040 uagus

118 5061 194 5118 pace
214 5053 372 5121 emulos,
391 5067 459 5109 cunr
477 5050 608 5132 abjectio
626 5052 716 5113 urrais
732 5048 812 5113 lunt
826 5071 926 5132 corpe
986 5051 1161 5132 suppliciter
1190 5050 1300 5132 elleqni
1330 5055 1445 5135 coepit,
1476 5072 1553 5114 nnnc
1581 5053 1795 5115 esu-ttius·
