3742 5626
148 223 200 278 Ul.
860 220 1087 315 uosmvtss.

225 377 310 441 Haec
335 384 398 440 tota
424 393 500 458 gens
526 377 725 443 Moscovltlca
752 377 782 439 ld
809 399 827 440 a
854 386 960 439 natura
1023 376 1167 439 Tartaros
1183 376 1353 441 namnum
1367 374 1526 455 Principes
1547 371 1726 452 adimplens,
1746 376 1828 437 solus

149 489 215 554 ipsa
234 465 359 533 inditum
375 470 476 545 babet,
500 480 533 535 ut
553 492 624 535 sese
642 470 812 534 alterutnum
831 469 963 552 qualibet
1021 477 1135 531 manturna
1157 472 1226 551 (qui
1246 488 1340 552 nuper
1357 476 1477 530 mterva
1495 484 1649 527 serrorum
1670 468 1822 528 comitaba-

149 562 188 625 de
202 584 294 626 causa
310 584 364 646 per
376 564 452 648 pbas
466 569 530 626 siue
543 565 657 647 nephas
681 572 868 636 accusarent,
891 584 960 624 con·
1019 563 1082 638 tur)
1107 562 1261 644 profectus
1281 572 1338 623 est.
1374 561 1420 622 Eu
1441 560 1519 620 bello
1540 557 1660 620 tarrdem
1681 579 1821 632 reseratus,

148 657 336 738 turmaliisque
361 660 452 719 variis
478 661 658 720 seinvicem
683 656 831 728 alliciunt,
857 665 888 718 et
909 677 958 717 res
1019 652 1056 715 ad
1078 653 1221 734 Magnum
1242 655 1357 716 Ducem
1377 658 1499 723 citatur,
1527 671 1691 732 omnesque
1711 652 1824 714 nobiles

149 767 223 812 suas
248 769 325 811 unus
355 752 387 810 in
412 750 536 812 alterius
568 749 686 811 domum
712 749 878 812 clanculum
903 749 958 811 fre-
1019 756 1049 808 et
1069 751 1179 811 caeteri
1201 755 1356 827 magnates
1382 744 1421 807 ad
1442 754 1560 825 tempus
1588 740 1778 823 desigaatrn
1796 749 1825 806 in

150 851 274 925 quanter
298 844 365 904 iniit
394 845 460 904 sive
486 846 640 925 importat,
671 839 852 923 easdemque
879 840 958 903 furto
1017 838 1205 902 Moscoviam
1225 846 1434 902 convocantur.
1467 834 1647 900 Praedictua
1667 840 1760 918 igituir
1776 838 1825 899 lo

149 935 209 998 sibi
229 934 346 999 ablatas
367 933 449 997 dicit.
478 935 610 1016 Magnus
628 956 698 997 vero
716 934 785 995 Dus
802 955 868 995 cuna
882 953 957 997 unus
1017 953 1111 995 annes
1132 934 1297 994 Pietrovioz
1318 930 1357 994 ad
1377 929 1506 992 tribunal
1527 935 1652 1003 citatus,
1679 934 1774 1004 uxori,
1795 931 1826 991 li·

16 1074 21 1085 .
148 1028 235 1092 alium
260 1027 392 1109 qualibet
418 1026 455 1090 de
484 1049 516 1091 re
541 1037 679 1101 accusat,
709 1027 837 1089 libenter
864 1026 956 1101 audit,
1017 1025 1114 1098 beris,
1135 1029 1323 1107 caeterisque
1344 1023 1499 1094 affinibus,
1527 1020 1714 1095 valedicens,
1743 1027 1828 1086 uscia

144 1123 208 1201 jam
229 1125 337 1183 etenim
357 1125 547 1185 occasionem
567 1119 724 1184 occidendi
745 1120 825 1181 illim
841 1124 891 1201 qui
909 1142 956 1183 ac·
1016 1118 1132 1181 futurae
1147 1123 1312 1201 prrescius,
1333 1116 1446 1197 Magno
1462 1115 1592 1178 Daciae
1609 1121 1826 1199 praesentarit.

149 1222 269 1296 cusatur
298 1213 397 1277 babet.
440 1213 474 1277 ln
500 1217 582 1291 cuna
607 1223 706 1277 autem
732 1213 811 1275 illius
838 1212 956 1295 quando
1016 1211 1126 1275 Statim
1146 1232 1217 1290 ergo
1243 1212 1371 1291 abipso
1393 1210 1535 1293 Principe
1559 1208 1827 1273 oruameutisllu·

149 1315 339 1379 eonventum,
359 1307 407 1367 ref
426 1305 539 1389 aliquid
557 1307 617 1370 tale
637 1306 776 1379 celebrat,
804 1307 850 1368 uel
870 1310 957 1369 morti
1016 1304 1142 1377 salibus,
1160 1303 1357 1376 Diademade,
1379 1313 1410 1365 ct
1430 1304 1574 1385 Sceptra,
1596 1302 1760 1365 solenniter
1780 1309 1825 1365 in-

148 1400 278 1480 aliquem
298 1396 454 1480 adjudicat
479 1397 662 1473 destinatae,
688 1420 784 1481 neque
803 1399 958 1464 submissa
1016 1401 1146 1479 signium
1172 1400 1203 1459 in
1230 1395 1305 1459 sede
1330 1400 1395 1459 sive
1414 1396 1578 1477 lliajestate
1603 1395 1700 1476 Regia
1725 1395 1764 1459 ad
1792 1396 1828 1458 id

148 1512 246 1573 usque
273 1492 353 1555 clara
374 1512 449 1555 voce
474 1491 585 1575 aliquid
606 1512 672 1554 cunr
698 1495 784 1555 socio
805 1497 956 1566 mussites,
1017 1500 1118 1555 erecta
1143 1490 1323 1563 collocatur,
1352 1509 1477 1570 cumque
1505 1491 1563 1552 iam
1588 1493 1635 1553 sic
1662 1492 1826 1570 insignitus

148 1606 205 1647 uec
236 1582 350 1653 risen,
382 1605 439 1648 uec
469 1585 607 1649 festivum
634 1586 816 1669 hilaremque
846 1587 958 1648 votnm
1017 1592 1048 1646 et
1067 1594 1190 1647 ornatus
1209 1580 1341 1657 sederet,
1363 1587 1442 1644 omrai
1464 1592 1611 1645 conventu
1631 1581 1774 1645 nobilium
1796 1594 1826 1644 et

148 1677 337 1760 praeseferas
368 1679 525 1742 confertim
544 1684 623 1743 enim
643 1679 885 1759 interrogaberis,
906 1698 958 1741 cur
1016 1686 1185 1758 magnatum
1198 1679 1417 1747 circumstante,
1427 1679 1495 1758 ipse
1504 1696 1630 1756 mugistis
1641 1675 1712 1739 llus
1724 1697 1825 1737 coram

147 1768 250 1833 ridesl
265 1790 318 1832 cur
334 1770 437 1834 bifaris
455 1774 509 1835 esl
530 1782 588 1835 etc.
601 1774 697 1834 sentis
716 1779 748 1833 tu
765 1769 877 1852 aliquid
890 1790 958 1833 cum
1016 1779 1174 1842 eostam,
1204 1773 1303 1852 capite
1323 1767 1481 1852 adaperto,
1508 1773 1593 1852 quasi
1614 1769 1755 1831 bonorem
1776 1792 1824 1832 aa·

148 1867 276 1927 inimicis
296 1867 394 1944 magni
416 1864 585 1947 Principis?
606 1868 746 1927 contiuuo
767 1866 857 1942 igimr
875 1860 956 1926 ade·
1015 1862 1132 1936 bibens,
1145 1871 1380 1945 caputetgenua
1397 1862 1573 1938 (secundum
1583 1883 1694 1924 morem
1709 1864 1824 1944 geratis)

148 1956 293 2019 latoribus
315 1976 414 2019 coram
440 1978 548 2038 magno
567 1957 654 2019 Duce
673 1963 848 2029 accusatur,
870 1977 956 2020 accu-
1015 1956 1186 2030 inclinabat,
1204 1954 1320 2028 dicens,
1338 1958 1404 2017 Ave
1420 1978 1525 2036 magne
1536 1956 1823 2020 Duxetllfonarcba

147 2058 233 2111 satias
261 2069 333 2111 uero
359 2052 450 2130 jussu
479 2051 643 2132 Principis,
672 2049 752 2113 nulla
783 2055 957 2131 purgatione
1015 2047 1156 2122 Russiae,
1174 2071 1211 2111 eu
1225 2050 1379 2112 obtinuisti
1392 2048 1472 2131 quod
1487 2048 1659 2122 affectabas,
1679 2072 1716 2111 err
1728 2049 1823 2112 babes

149 2144 279 2203 mainis
297 2141 408 2222 obiecti
421 2143 798 2215 correessarisatellitibus
810 2146 955 2226 arripitur,
1015 2140 1096 2226 quod
1115 2141 1284 2214 ambiebas,
1312 2144 1432 2205 voluisti
1453 2146 1532 2205 enisa
1557 2146 1586 2205 ia
1605 2143 1702 2205 locum
1722 2163 1822 2203 meum

148 2242 237 2315 atque
256 2232 437 2296 membratim
460 2233 642 2309 dissecatur,
673 2240 773 2298 autin
793 2257 887 2319 aquas
908 2258 954 2300 ca.
1015 2256 1151 2316 magnum
1167 2236 1395 2300 Monarcbatum
1413 2235 1545 2297 Russiae
1564 2237 1619 2307 (sic
1637 2237 1715 2295 enim
1738 2233 1820 2295 falso

149 2331 209 2407 pite
230 2325 333 2389 avulso
354 2330 516 2409 projicitur.
1013 2340 1174 2394 accusatus
1194 2331 1272 2407 erat)
1291 2327 1469 2401 succedere,
1491 2351 1529 2390 en
1548 2346 1605 2407 ego
1623 2329 1687 2409 ipae
1704 2334 1734 2387 te
1750 2328 1816 2405 jam

1015 2444 1153 2504 maguum
1177 2423 1294 2485 Ducem
1322 2422 1486 2484 solenniter
1511 2423 1624 2493 creavi,
1652 2416 1708 2483 sed
1737 2422 1816 2480 sicin

1014 2516 1105 2579 bsbui
1126 2525 1320 2599 potestatem,
1346 2524 1376 2578 te
1396 2534 1534 2594 magorum
1554 2512 1672 2577 Ducem
1690 2509 1820 2583 creandi,

232 2581 294 2680 ll
328 2580 521 2682 dlldleS
563 2583 858 2713 Pilllttllltl,
1014 2612 1057 2672 in
1077 2613 1167 2673 aiam
1187 2618 1295 2691 ponne
1315 2629 1382 2671 eum
1401 2616 1432 2671 te
1452 2608 1510 2670 uae
1529 2604 1568 2669 ds
1587 2604 1665 2670 esde
1681 2615 1713 2668 et
1727 2603 1819 2685 aigne

173 2739 309 2788 ruusrra'r
328 2742 456 2789 suenuur
476 2743 642 2791 nosconau
656 2742 748 2791 remo
768 2742 917 2800 accusari,
1014 2710 1077 2765 Μ
1095 2701 1287 2784 degradandi,
1307 2703 1355 2764 Μ’
1370 2701 1467 2771 Μ’»
1479 2700 1640 2809 ΡΙΜΙΜ
1651 2699 1819 2777 ⁰5¹⁰¹¹il¹¹¹²

437 2834 562 2883 cmm
580 2837 662 2883 Nm
1014 2799 1079 2858 sive
1094 2799 1252 2879 pugionem
1266 2798 1333 2877 ipse
1349 2798 1379 2857 iu
1396 2815 1448 2855 cor
1460 2812 1528 2875 eJus
1538 2793 1701 2873 aliquoties
1718 2791 1818 2864 inbuit,

1015 2892 1171 2969 omnisque
1180 2888 1267 2950 turba
1278 2887 1419 2949 nobilium
1435 2889 1688 2948 circumstantiam
1706 2888 1737 2946 iu
1754 2904 1820 2946 eum

205 2986 294 3044 Anao
311 2985 434 3061 virginei
449 2983 593 3045 salutiferi
612 2993 714 3064 partus
731 3004 821 3067 supra
832 2984 955 3046 Millesi·
1014 2986 1061 3044 sic
1081 2980 1240 3043 crudeliter
1259 2980 1438 3064 pugionibus
1460 2989 1491 3042 et
1506 2980 1633 3041 cultellis
1653 2978 1819 3048 saeviebat,

150 3062 517 3153 mum'lluingentesimum
529 3077 723 3156 sexagesimo
743 3086 859 3139 octavo.
881 3076 956 3136 Cum
1015 3074 1208 3158 quoadusque
1229 3079 1326 3136 omnia
1346 3077 1463 3136 viscera
1483 3082 1515 3134 et
1529 3069 1705 3155 praecordia
1728 3092 1764 3133 es
1783 3092 1818 3131 eo

149 3166 217 3229 Rex
238 3166 381 3227 Poloniae
407 3166 617 3245 sigismundus
645 3173 800 3249 Augustus
824 3169 956 3248 Magnus
1015 3172 1045 3230 iu
1065 3176 1173 3229 terram
1193 3168 1381 3250 profluerent.
1415 3165 1552 3229 Cadaver
1569 3161 1689 3227 laudm
1718 3161 1819 3226 crude·

149 3258 220 3320 llus
245 3257 440 3328 Litbuaniae,
465 3258 504 3321 ad
530 3280 652 3341 campos
673 3260 956 3324 Radoscoricenses
984 3254 988 3329 ἶ
1014 3261 1082 3321 liter
1100 3261 1271 3322 vulneribus
1298 3259 1480 3333 confectum,
1509 3280 1545 3321 ex
1570 3278 1640 3320 arca
1666 3259 1697 3319 iu
1725 3256 1819 3318 forum

151 3351 685 3415 mumuuirersisLitbuaniaeuiribus
702 3356 955 3424 incastrisesset,
1015 3362 1177 3414 abactam
1190 3362 1247 3415 est
1278 3350 1397 3414 Deinde
1413 3370 1516 3414 omnes
1529 3371 1634 3414 senos
1650 3351 1720 3431 ejus
1737 3370 1818 3431 pras·

150 3442 226 3505 tinea
244 3440 462 3504 blosseviticos
489 3447 662 3507 invasurus:
688 3447 816 3526 l'lagnus
835 3445 955 3507 Mosco·
1015 3450 1120 3528 cipuos
1141 3447 1256 3527 laqueis
1272 3445 1420 3526 jugulare,
1439 3443 1596 3517 trucidare,
1617 3452 1648 3505 et
1667 3446 1756 3523 aquis
1770 3440 1818 3504 ob

151 3535 332 3599 viaeDuslu
345 3533 573 3615 Vielikijebulri
587 3541 707 3600 civitate
715 3559 780 3599 cum
795 3536 955 3621 praesidia·
1014 3559 1099 3601 ruere
1125 3537 1286 3601 mandavit.
1333 3536 1467 3600 Tandem
1494 3541 1524 3599 in
1543 3556 1642 3600 arcem
1663 3536 1818 3607 Geinum,

151 3631 204 3691 riis
235 3630 331 3710 copiis
365 3636 437 3690 nunc
468 3632 611 3710 temporis
637 3631 803 3694 excubabat
849 3640 956 3713 postea
1014 3652 1101 3714 ipram
1122 3630 1277 3713 praedicto
1295 3631 1404 3694 Joauui
1425 3651 1494 3693 cum
1512 3629 1650 3691 omuibus
1670 3632 1807 3711 prasenti

150 3742 216 3784 cum
236 3719 304 3782 Rex
322 3719 468 3783 Poloniae
487 3741 524 3783 ex
545 3726 655 3784 castris
679 3744 711 3785 re
731 3723 842 3803 infecta
863 3732 893 3785 et
914 3727 955 3784 in·
1014 3724 1087 3798 bas,
1108 3725 1178 3785 olim
1198 3733 1406 3797 concesserat,
1425 3721 1586 3805 profectus,
1607 3741 1713 3785 omues
1737 3729 1817 3802 quot·

149 3824 263 3877 tentata
279 3812 482 3887 discessisset,
497 3812 627 3894 Magnus
645 3815 713 3877 Dux
727 3819 756 3879 in
769 3817 956 3878 Moscoviam
1015 3827 1087 3900 quot
1107 3821 1137 3878 in
1157 3838 1193 3879 ea
1213 3839 1283 3881 arce
1303 3827 1335 3879 et
1354 3820 1473 3879 ciuitate
1498 3812 1538 3877 ad
1557 3823 1693 3877 menta
1714 3813 1819 3895 pluere

150 3910 300 3970 civitatem
319 3926 457 3968 resersus
468 3916 525 3980 est,
545 3916 575 3969 et
594 3907 636 3969 ibi
656 3929 847 3992 progressum
867 3930 955 3990 quen·
1014 3910 1163 3972 bominum
1184 3914 1311 3984 invenit,
1336 3913 1422 3990 aquis
1448 3912 1631 3988 immergere,
1656 3904 1818 3969 tmcidare

150 3996 218 4061 dam
239 3999 380 4061 nobilium
400 4021 521 4061 suorum
540 3999 601 4063 sibi
623 4005 802 4063 contrarium
823 4000 954 4063 offendit
1013 4024 1071 4088 que
1085 4002 1165 4077 lecit,
1184 4001 1308 4066 diceusz
1328 4000 1478 4073 Occidite,
1495 3999 1640 4082 jugulate,
1659 4003 1750 4082 aquis
1769 3998 1817 4061 ab

151 4092 315 4173 Praecipue
341 4113 411 4152 vero
430 4091 549 4174 quidam
576 4099 673 4174 magni
693 4098 821 4156 nominis
843 4099 888 4155 vir
906 4094 955 4155 Jo-
1013 4100 1089 4161 ruite
1117 4096 1173 4158 laos
1198 4094 1420 4167 malefactores,
1449 4093 1621 4156 sentiebant
1646 4094 1728 4153 enim
1753 4112 1818 4153 oum

151 4203 245 4246 annes
261 4183 437 4258 Pietrovics,
458 4186 610 4249 Palatinus
626 4189 808 4269 principalis,
830 4196 861 4248 et
873 4191 956 4248 vices
1013 4191 1133 4250 inimico
1151 4209 1217 4250 meo
1234 4192 1355 4271 peq'uro
1369 4196 1401 4250 et
1415 4185 1537 4269 perfido.
1576 4185 1691 4259 Postea
1708 4204 1764 4266 per
1778 4188 1816 4247 iu·

151 4294 258 4355 gerens
268 4274 443 4339 bloscoriae
458 4276 546 4359 apud·
555 4298 630 4349 eum,
650 4300 705 4360 per
718 4278 866 4342 delatores
879 4279 955 4341 falso
1013 4289 1128 4360 tegrum
1144 4281 1207 4343 fere
1222 4286 1291 4343 anui
1307 4284 1437 4364 spatium
1449 4279 1654 4361 possessionis
1670 4275 1815 4358 praedicti

151 4376 183 4431 et
199 4368 412 4430 namneticae
431 4377 590 4432 accusatus
613 4380 674 4442 est,
702 4375 787 4452 quasi
808 4373 857 4435 ille
877 4392 955 4450 mag·
1012 4373 1139 4435 loannis
1160 4377 1312 4446 civitates,
1338 4380 1370 4435 et
1388 4373 1490 4445 villas,
1518 4367 1726 4434 vastabundus
1747 4372 1815 4448 igue

150 4480 219 4522 num
236 4459 386 4523 Dueatum
406 4461 540 4534 ambiret,
559 4482 645 4543 quem
662 4484 787 4543 magnus
798 4464 866 4525 Dux
887 4483 954 4525 con·
1013 4474 1044 4528 et
1062 4465 1141 4533 ferro
1160 4465 1350 4550 peragrabat,
1376 4465 1427 4527 ubi
1448 4485 1518 4527 vero
1541 4462 1659 4526 nobiles
1678 4458 1817 4527 subditos

150 4552 249 4617 festi·
269 4553 350 4615 nulla
370 4558 544 4635 purgatione
571 4559 700 4618 criminis
721 4556 832 4636 objecti
854 4555 956 4618 audita
1013 4558 1103 4639 bajus
1116 4558 1253 4632 loannis,
1270 4556 1525 4639 siveBojaroues,
1540 4557 1621 4633 (erat
1642 4558 1723 4617 euim
1740 4574 1819 4633 rusg-

149 4646 286 4731 omnibus
307 4645 409 4718 bonis,
435 4645 596 4709 mobilibus
618 4657 649 4711 et
668 4648 867 4710 immobilibus
886 4668 955 4729 spo·
1013 4670 1070 4713 raus
1091 4649 1303 4714 bomobabens
1323 4650 1380 4713 sub
1392 4671 1448 4713 sua
1464 4649 1576 4713 ditione
1592 4647 1668 4711 alios
1686 4646 1821 4722 nobiles)

148 4737 223 4803 lists
241 4738 321 4812 fecit,
341 4742 497 4823 ipsumque
512 4742 542 4801 iu
560 4740 668 4803 bellum
688 4751 791 4804 contra
812 4740 955 4804 Tartarus
1013 4741 1150 4818 offendit,
1177 4744 1233 4807 bos
1254 4764 1356 4806 omues
1377 4747 1407 4805 in
1427 4764 1515 4807 uuam
1535 4741 1752 4805 habitationem
1771 4758 1820 4801 eo

150 4828 340 4911 prote-sere
353 4835 457 4913 jussit
487 4830 541 4894 llle
558 4837 648 4895 miser
661 4838 739 4895 omni
758 4833 955 4915 suppellectili
1012 4846 1100 4902 actos
1115 4845 1146 4900 et
1158 4837 1297 4900 occlusos
1312 4833 1498 4901 succendere
1510 4838 1614 4916 jussit,
1634 4832 1820 4916 pulveribus.

149 4923 296 5001 spoliatus
314 4946 353 4988 ue
374 4945 479 5007 equum
500 4924 627 5006 quidem,
648 4930 677 4988 in
696 4947 754 5008 quo
770 4925 855 4990 adid
871 4947 953 5010 prae·
1012 4935 1212 4994 tormentariis
1238 4931 1420 5011 subpositis,
1452 4948 1615 5010 omnesque
1638 4928 1667 4987 vi
1696 4928 1821 4988 acoeusi

149 5015 293 5095 scriptam
311 5016 419 5081 bellum
434 5016 673 5100 proficisceretur
691 5020 824 5081 relictum
841 5021 954 5096 babuit,
1012 5025 1143 5106 pulveris
1175 5028 1205 5085 in
1231 5043 1329 5086 aerem
1350 5022 1431 5083 velut
1455 5041 1527 5083 aves
1553 5019 1689 5081 volantes
1717 5020 1821 5098 ejicie-

149 5102 316 5171 blouacbus
336 5118 434 5175 umes
453 5108 574 5193 quidam
598 5113 667 5193 ejus
686 5115 824 5177 miseriae
844 5114 954 5178 condo·
1012 5115 1129 5181 bantur.
1158 5117 1311 5188 lumenta,
1332 5118 1454 5196 iusuper
1470 5117 1566 5176 omnis
1582 5113 1702 5190 generis
1719 5108 1762 5173 ad
1774 5130 1821 5173 ca·

150 5194 232 5267 leus.
257 5218 363 5281 quum
383 5206 410 5263 ei
431 5200 682 5275 accommodarit,
708 5207 737 5266 iu
764 5225 823 5286 quo
849 5218 952 5271 centn
981 5232 985 5283 ι
1012 5230 1079 5273 nem
1099 5221 1130 5272 et
1150 5208 1237 5272 felem
1258 5227 1353 5287 usque
1380 5209 1409 5268 in
1431 5205 1525 5269 fruteta
1552 5203 1739 5267 membrafim
1760 5199 1821 5265 dia·
