3742 5626
756 199 807 255 ΔΙ)
828 194 1074 255 llOSCOVll‘AS.
1721 200 1738 255 5

70 358 148 416 xirne
164 356 417 416 Gronoviceusenr
437 354 543 431 region
564 356 685 413 essenis
705 352 764 412 sub
783 350 872 411 adre-
931 356 985 409 ret.
1016 348 1063 410 llli
1082 370 1119 411 ex
1139 354 1306 434 composito
1326 352 1453 415 adeunt:
1472 372 1509 414 oe
1528 354 1604 415 inter
1619 359 1738 417 coetm

71 450 211 510 orientium
232 448 343 509 sornam
364 446 516 509 effundunt
533 466 607 511 sese
626 444 733 507 aulici:
753 462 874 503 concur·
932 445 1085 513 convenit,
1119 446 1146 505 si
1168 466 1227 525 qua
1253 446 1368 525 grauior
1392 453 1558 528 tempestas
1579 449 1738 527 ingrueret,

69 535 873 623 ritrulgns,stnbntsrequeneinripa,prospectatexic·
931 556 968 597 ac
993 536 1181 599 classiculara
1206 538 1372 623 disjiceret,
1404 560 1509 601 onnes
1534 538 1735 603 l'ardbuslun

69 638 182 697 nestris
203 636 336 697 Senatus
357 633 483 713 Regius.
524 632 586 695 Alii
610 636 732 693 turrium
753 630 875 709 fastigia
931 628 1118 707 Nordregiae
1137 638 1253 712 portum
1272 652 1330 693 non
1350 633 1528 695 incelebrem
1547 655 1637 695 cursu
1654 640 1734 715 pete·

70 728 246 791 ascendunt.
267 727 426 789 vibrantur
435 725 661 789 bombardorum
674 724 874 793 fulminator·
931 728 1005 785 rent.
1039 722 1160 805 Quique
1179 726 1264 805 prinu
1281 725 1734 808 incolumesillncappulisseut.

70 822 332 885 turonorolruntur
352 820 464 881 nutes:
482 820 620 881 Martium
630 822 738 879 sonam
746 818 874 897 crepitus
931 816 1000 877 dum
1020 817 1155 897 reliquae
1177 836 1271 877 nares
1292 836 1329 876 eo
1348 820 1551 889 conuenirent,
1575 823 1605 880 iu
1625 822 1732 883 anebo-

72 937 187 976 suranra
206 915 346 977 montium
362 916 454 996 juga,
477 914 601 975 reboant
622 910 731 983 valles,
748 912 873 973 reboant
930 912 973 971 ris
992 916 1195 991 expectarent.
1231 910 1347 972 Eodem
1367 910 1416 970 die
1429 914 1492 994 J‘am
1511 912 1541 971 ln
1562 914 1733 993 pomeridia-

71 1011 191 1089 sylrae,
215 1008 353 1087 clareque
385 1014 517 1067 nabrum
543 1006 676 1087 percellit
694 1005 795 1065 sidera
814 1004 872 1065 cla·
931 1024 999 1063 num
1024 1010 1144 1085 tenpus
1163 1004 1320 1076 inclinato,
1349 1005 1467 1065 circiter
1485 1010 1635 1083 quartam,
1653 1014 1735 1069 tanta

71 1124 140 1163 mor.
170 1102 239 1163 Stat
259 1102 338 1161 alius
358 1102 387 1159 in
407 1101 512 1181 puppi,
530 1120 567 1163 ac
585 1106 674 1179 gestu
693 1120 752 1179 quo
761 1102 873 1179 potest,
929 1102 1094 1177 tempestas
1105 1098 1205 1158 subito
1216 1106 1327 1169 morta,
1347 1098 1643 1159 etiameooittocno
1652 1107 1736 1162 tanta

70 1199 173 1259 amicis
191 1194 340 1257 valedicit.
372 1195 435 1255 Alii
455 1196 485 1252 iu
505 1193 577 1255 foris
585 1194 785 1253 obambulant.
813 1190 874 1251 llic
932 1190 960 1248 ri
980 1210 1015 1249 se
1035 1191 1244 1263 incitaverunt,
1262 1200 1296 1253 ut
1314 1211 1409 1252 nares
1430 1192 1594 1252 institutum
1615 1214 1734 1255 rursum

70 1290 243 1349 cancellatis
263 1288 386 1347 ionibus
405 1286 531 1362 pendet,
560 1286 609 1347 ille
629 1286 768 1347 antennis
788 1284 873 1344 libra·
932 1290 1034 1343 tenere
1053 1303 1110 1343 non
1132 1292 1272 1364 possem,
1292 1284 1349 1345 sed
1367 1285 1446 1347 aliae
1464 1286 1540 1354 alio,
1559 1306 1667 1365 rnngno
1687 1290 1734 1347 srri

69 1392 130 1449 tur,
148 1384 227 1443 alins
246 1402 265 1440 e
286 1400 403 1439 summo
415 1378 493 1439 malo
505 1384 685 1456 prospectat.
715 1379 875 1439 lnsumma
932 1394 999 1435 curn
1020 1376 1149 1453 periculo
1170 1398 1245 1454 vage
1264 1378 1480 1461 disjiccrcntnr.
1516 1380 1656 1441 inclamat
1674 1381 1733 1443 Na·

69 1472 255 1555 triumphalis
274 1471 430 1554 cujusdam
448 1492 577 1553 pompae
597 1471 677 1531 leata
695 1470 790 1531 iacies
809 1470 876 1531 luit.
931 1468 1059 1529 rarclrus
1084 1488 1158 1531 uoce
1182 1490 1240 1549 qua
1259 1476 1359 1550 potest
1376 1473 1502 1531 marinna
1524 1473 1733 1535 (lanceleruut

72 1572 111 1629 At
134 1569 209 1641 (beu
230 1566 332 1639 dolor)
362 1567 492 1646 optimus
511 1564 578 1625 Rex
596 1562 766 1635 Eduardus,
785 1565 873 1644 eujus
931 1564 1020 1623 enixe
1039 1568 1136 1640 rogat,
1163 1582 1201 1622 oe
1220 1561 1339 1639 lougius
1358 1564 1493 1625 abcedat.
1546 1568 1588 1627 At
1607 1568 1658 1627 ilie
1678 1588 1735 1631 nec

69 1663 230 1741 praecipue
249 1660 366 1719 nomine
385 1658 435 1719 lric
453 1663 554 1717 tantm
569 1664 744 1737 opprratus,
765 1677 817 1735 per
825 1676 872 1717 ra·
930 1654 1021 1726 velle,
1042 1674 1099 1716 oec
1117 1657 1144 1717 si
1165 1656 1294 1715 maxime
1313 1654 1418 1725 vellet,
1436 1676 1544 1735 posse,
1569 1660 1655 1719 uredo
1675 1662 1733 1721 Xa-

68 1753 228 1813 letudincm
249 1753 335 1813 solus
354 1752 467 1813 oberat.
494 1748 628 1821 Quorum
639 1750 808 1811 ὤεοοσειιιι
824 1750 871 1809 tri·
930 1748 1080 1809 rarelridis
1098 1769 1174 1809 suae
1193 1768 1313 1808 cursum
1333 1747 1509 1823 (eratenim
1528 1750 1734 1825 r·elocior)noo

67 1848 202 1907 stissimo
220 1846 300 1906 illius
320 1864 401 1905 mors
420 1845 479 1921 (ae
497 1863 645 1924 nunquam
663 1844 757 1905 siccis
776 1844 873 1904 oculis
929 1850 1116 1923 temperaret.
1165 1840 1271 1901 l'crum
1299 1842 1402 1901 nescio
1427 1862 1487 1921 quo
1513 1864 1588 1903 essu
1614 1844 1734 1929 l'ilibeji

70 1939 137 1999 ruibi
163 1938 373 2013 memorando)
399 1944 467 2015 post
490 1958 605 2018 paucos
623 1936 690 1999 dies
710 1937 873 1999 subsecuta
930 1936 1121 2007 naris,.durn
1140 1935 1325 2017 plenissimis
1345 1934 1536 2006 relislertur,
1556 1944 1638 1999 tanta
1647 1941 1674 1999 ri
1685 1942 1736 2001 ab·

71 2039 127 2093 est.
164 2033 302 2093 l'orioum
320 2030 440 2093 tandem
455 2030 545 2091 delati
565 2031 659 2109 figunt
671 2049 781 2105 naves3
801 2030 873 2091 inde
931 2034 1015 2110 repta
1036 2040 1102 2099 est,
1120 2036 1153 2089 ut
1171 2028 1284 2109 aliquot
1303 2027 1440 2089 borarum
1460 2031 1565 2108 spacio
1579 2052 1597 2090 e
1609 2052 1734 2115 conspe.

73 2126 207 2197 soluturi,
236 2146 302 2185 cunr
322 2130 375 2186 aut
392 2132 498 2187 aestus
517 2127 724 2206 reciprocatio,
753 2130 805 2185 aut
823 2144 872 2185 se·
931 2128 980 2182 ctu
998 2124 1118 2203 penitus
1137 2122 1309 2184 evolaverit.
1338 2121 1440 2183 Tertia
1456 2125 1615 2204 ctiampsri
1628 2134 1736 2189 eventu

73 2219 192 2281 cuodior
218 2219 307 2279 llatus
332 2218 372 2279 ad
396 2217 592 2297 navigandum
612 2217 759 2280 invitaret,
806 2216 874 2277 Nec
932 2215 1033 2277 ablata
1051 2216 1177 2277 comites
1196 2216 1304 2275 amisit.
1355 2214 1528 2277 Praetoriae
1547 2224 1627 2279 certe
1647 2220 1735 2282 celox

71 2332 166 2384 nora,
184 2313 418 2373 llarovieensear
437 2314 551 2392 portum
563 2316 684 2389 petunt,
704 2312 734 2370 in
745 2330 874 2389 qunnon
932 2309 962 2369 in
983 2310 1099 2391 puppi·
1110 2309 1189 2369 illisa
1200 2308 1454 2389 conspicientibus
1465 2330 1505 2371 ex
1517 2312 1585 2389 ipsa
1594 2312 1737 2375 Eduardo

70 2409 137 2468 sine
159 2406 282 2465 maximo
302 2403 417 2475 taedio,
437 2422 474 2465 ac
492 2423 606 2463 sumno
627 2406 768 2482 temporis
786 2404 873 2465 dctri·
931 2404 1046 2476 nsutis,
1064 2403 1205 2463 lluctibus
1224 2408 1273 2461 est
1292 2402 1407 2463 obruta.
1437 2402 1557 2484 Reliqui
1577 2404 1630 2467 lati
1649 2410 1735 2468 corni·

70 2506 171 2559 rneoto
191 2498 242 2559 diu
261 2506 417 2557 morentur.
448 2495 500 2559 Ad
519 2501 697 2575 postrenum
716 2502 873 2559 tamenne·
931 2504 993 2557 turn
1008 2516 1144 2566 suorum,
1163 2497 1214 2574 qui
1225 2495 1391 2555 incolumes
1402 2518 1496 2577 nuper
1506 2498 1664 2571 redierunt,
1684 2522 1736 2581 pe·

72 2596 112 2653 eti
132 2591 265 2653 idoneam
287 2589 327 2652 ad
346 2588 540 2667 navigandum
552 2594 758 2668 tempestatem
770 2592 874 2671 possis
932 2590 1012 2650 nitus
1032 2596 1103 2649 sunt
1123 2590 1224 2667 ignari.
1259 2586 1349 2659 Quod
1368 2591 1397 2648 si
1415 2592 1550 2651 acerbior
1569 2592 1677 2671 aliquis
1687 2616 1735 2653 es·

71 2686 148 2747 velis
160 2686 288 2746 inultum
299 2684 446 2754 teruntur,
466 2682 595 2745 salutato
606 2684 688 2764 prius
698 2684 786 2744 natali
797 2684 874 2755 solo,
933 2704 988 2741 sus
1006 2683 1145 2743 infelices
1164 2682 1286 2762 premit,
1305 2683 1333 2739 si
1344 2681 1441 2761 pelagi
1460 2684 1736 2747 sneritininnoxios

72 2800 148 2858 quae
167 2800 206 2839 on
225 2798 353 2857 unquam
374 2782 481 2857 postea
491 2775 588 2835 serent
596 2776 735 2847 revisuri,
754 2779 874 2854 penitus
932 2774 1101 2844 obsorbuit,
1120 2784 1172 2833 aut
1190 2776 1219 2833 si
1238 2776 1268 2833 in
1281 2773 1574 2853 alienaterraindegi
1586 2778 1734 2850 oberrent,

72 2872 254 2949 ignorabant
285 2869 464 2949 [lespiciunt
482 2868 610 2927 subinde
630 2870 748 2939 tristes,
767 2890 825 2931 neo
834 2870 874 2930 la·
932 2869 960 2927 si
982 2868 1012 2927 in
1032 2865 1434 2945 solitudinarngieumt'eris,
1453 2868 1635 2943 discutiunt,
1654 2872 1735 2951 digni

73 2966 184 3043 erynnis
209 2967 375 3039 temperant
401 2960 533 3021 nonnulli
553 2962 718 3039 cogitantes
736 2963 768 3021 in
786 2980 875 3041 quan
932 2967 1013 3021 certe
1032 2959 1143 3019 rudiori
1162 2965 1245 3021 sorte
1262 2961 1332 3031 viri,
1352 2961 1520 3042 quibusque
1539 2964 1566 3022 si
1586 2965 1687 3024 uiuant
1704 2968 1734 3027 io

71 3058 181 3119 dubios
200 3076 292 3117 usus
311 3059 395 3115 erant
414 3054 496 3124 ituri,
516 3064 547 3113 et
558 3072 636 3133 quw
647 3054 775 3135 ancipite
787 3074 874 3115 eren·
931 3054 1056 3135 patria·
1080 3050 1222 3123 reditun,
1250 3054 1299 3113 sin
1324 3052 1470 3115 cnrdelior
1495 3057 1599 3115 mortis
1619 3056 1735 3121 senuna

71 3160 131 3211 tom
151 3150 243 3211 marie
262 3154 347 3209 erant
364 3148 526 3227 experturi.
566 3146 737 3226 Torquebat
753 3154 875 3229 propter
931 3148 1068 3209 insontes
1087 3147 1198 3228 rapuit,
1216 3146 1336 3207 molto·
1346 3147 1487 3209 tumulos
1498 3168 1659 3228 precemur.
1681 3150 1733 3213 lti-

72 3250 209 3306 eaeteros
220 3240 382 3303 Ricardum
389 3238 583 3301 Cascelemm
601 3241 781 3319 praelectum
792 3240 873 3303 Edu·
931 3239 1038 3301 eardus
1050 3238 1234 3301 Cancelerus
1253 3241 1338 3301 solue
1357 3244 1592 3303 concomitibus
1603 3245 1734 3317 relictus,

72 3338 135 3399 ordi
153 3336 347 3399 Booirenturi
364 3335 507 3415 penuriae
525 3339 639 3395 metros:
664 3354 733 3395 nam
752 3342 784 3395 ct
801 3356 874 3417 pars
930 3354 968 3395 ac
988 3336 1100 3395 incerto
1120 3333 1297 3415 reliquorum
1317 3355 1391 3395 casu
1410 3344 1560 3409 moestus,
1585 3337 1624 3397 ad
1643 3338 1733 3401 desti·
1773 3374 1779 3387 ·

73 3433 170 3493 viatici
202 3432 233 3491 in
258 3437 344 3511 portu
362 3426 559 3487 llaroricensi
584 3428 700 3505 putrida
724 3435 873 3511 conperta
931 3432 1029 3489 notun
1048 3437 1163 3505 portu·
1183 3428 1351 3499 contendit,
1377 3448 1454 3509 quae
1474 3448 1540 3491 cu·
1560 3440 1675 3493 terreret
1694 3454 1733 3494 er

73 3532 131 3596 cst,
149 3526 267 3604 vinique
281 3522 347 3583 endi
357 3522 460 3581 infirmi
471 3542 507 3582 nc
519 3520 649 3599 fragiles.
676 3520 872 3583 bloritetiarn
931 3524 1095 3599 composito
1122 3520 1298 3600 reliquorum
1324 3522 1483 3583 adremunr
1508 3524 1559 3597 (si
1585 3524 1660 3585 salvi
1687 3547 1735 3587 es·

74 3620 154 3679 illurn
181 3626 320 3697 paternus
345 3634 442 3683 amor,
475 3614 594 3690 reliquit
620 3634 649 3675 n.
669 3616 776 3675 abiens
794 3613 874 3675 duos
931 3616 1017 3687 sent)
1037 3620 1184 3692 expectet.
1218 3616 1274 3675 llic
1296 3622 1410 3695 septem
1430 3616 1542 3676 dierum
1558 3619 1736 3677 norninter·

75 3713 153 3771 lilios
172 3712 353 3789 impuberes,
374 3706 525 3787 orpbnnos
546 3706 676 3779 tuturos,
695 3710 723 3767 si
742 3709 875 3786 asperior
932 3708 1046 3788 posita,
1065 3728 1131 3765 cunr
1151 3728 1187 3765 se
1208 3708 1317 3769 trustra
1335 3710 1545 3787 expectatione
1554 3712 1682 3787 torqueri
1695 3712 1723 3769 vi

73 3807 183 3885 uliquis
205 3824 296 3863 casus
321 3803 416 3879 ipsum
443 3799 628 3861 sustulisset.
674 3800 770 3861 lllorit
794 3800 873 3859 illum
933 3800 1029 3871 deret,
1060 3800 1274 3877 navigationem
1300 3800 1401 3859 srrlrire
1426 3802 1456 3859 in
1477 3802 1575 3859 orrinro
1595 3800 1734 3861 bobebnt.

74 3901 248 3957 miserorum
267 3901 298 3955 et
317 3893 478 3953 infelicium
498 3894 638 3953 comitum
658 3893 785 3963 seduna,
803 3914 873 3972 quo·
933 3894 1009 3953 tlon
1029 3894 1148 3951 ‹rnroino
1167 3898 1277 3951 cortun
1297 3892 1338 3951 illi
1358 3897 1457 3959 esset,
1477 3912 1581 3951 narern
1598 3912 1636 3953 es
1650 3900 1737 3975 portu

74 4010 138 4050 rum
158 3989 285 4049 srrlutern
305 4005 372 4045 cunr
390 4004 448 4045 sua
466 3987 652 4067 conjunctam
664 4006 737 4047 esse
746 3988 873 4049 sciebat.
932 3986 1076 4053 educere,
1106 3984 1181 4043 forte
1205 4004 1270 4045 cum
1290 3982 1395 4043 Sentis
1420 3982 1597 4063 quibusdam
1618 3988 1647 4045 in
1668 4008 1736 4049 con·

75 4084 155 4143 Du-
176 4080 322 4157 multiplici
342 4096 476 4139 curarum
495 4079 619 4158 ambage
640 4078 794 4141 Conceleri
814 4080 874 4139 ani·
932 4096 1066 4155 messum
1086 4076 1325 4154 colloquiumque
1345 4076 1435 4135 venit.
1487 4074 1548 4149 (lui
1570 4100 1635 4141 eum
1656 4082 1737 4145 illins

73 4194 144 4236 inus
165 4173 360 4241 excruciatur,
380 4174 499 4233 tandem
517 4178 585 4251 post
598 4172 750 4233 multorurn
763 4172 875 4233 dierum
932 4172 1060 4233 aoiuurn
1079 4167 1263 4249 exploratum
1276 4166 1435 4241 baberent,
1454 4174 1484 4231 et
1495 4174 1561 4253 ejus
1573 4177 1736 4241 rationibus

75 4265 306 4343 nauigationem,
326 4264 416 4325 tellus
427 4266 528 4344 procul
539 4268 615 4329 risa.
645 4264 792 4345 Adquaru
806 4286 875 4327 nau·
933 4265 1043 4342 optime
1061 4260 1227 4321 consultum
1248 4262 1416 4343 cupientes,
1448 4264 1637 4331 rebenentor
1656 4272 1735 4333 ttio-

76 4363 147 4423 rleri
167 4377 263 4419 nares
281 4356 417 4434 dirigunt.
456 4359 581 4421 insola·
601 4380 672 4421 esse
693 4362 877 4442 comperiunt
934 4358 972 4419 ab
991 4356 1127 4417 instituto
1147 4354 1272 4415 consilio
1290 4356 1439 4419 deterrere
1459 4372 1619 4433 conantur,
1638 4384 1674 4427 nc
1687 4384 1735 4445 pe-

77 4456 209 4515 llossara
229 4452 362 4520 nomine,
381 4450 412 4508 in
426 4446 679 4533 baceousunrptis
689 4452 802 4535 aliquot
814 4452 874 4515 die·
934 4448 1024 4511 ricula
1048 4450 1079 4509 in
1104 4450 1200 4531 majus
1226 4448 1419 4521 extollentes,
1451 4455 1519 4533 ejus
1539 4459 1735 4517 mnsuntianr

78 4550 135 4609 bus
151 4546 277 4607 ulterius
288 4544 443 4619 navigant,
461 4544 626 4622 aquilonem
645 4566 764 4629 semper
773 4556 875 4631 peteo·
934 4543 1113 4605 labefactare
1133 4544 1272 4603 nituntur.
1311 4546 1355 4607 At
1374 4544 1557 4607 Cancelerus
1578 4548 1737 4609 nobilitato

80 4650 143 4711 tes,
160 4658 276 4701 rursum
294 4636 372 4699 aliae
392 4639 669 4717 apparentinaulaa.
698 4638 815 4703 llo-en
827 4640 876 4701 luis
933 4636 1106 4699 eeleritate
1126 4638 1235 4717 ingenii
1255 4638 1328 4699 nibil
1347 4638 1465 4719 turpius
1485 4638 1678 4707 orriuirnaus,
1705 4644 1737 4703 st

78 4754 148 4795 crux
167 4732 340 4795 insularum.
380 4731 453 4789 Post
473 4728 530 4789 bae
548 4750 615 4793 com
635 4753 728 4795 nares
747 4756 807 4795 una
828 4756 874 4795 re·
934 4731 1195 4811 persuasissimum
1216 4729 1333 4791 babens
1354 4730 1458 4791 fortem
1480 4730 1571 4789 viriste
1592 4732 1690 4811 majus
1706 4734 1735 4793 in

79 4830 258 4901 liticassent,
286 4824 454 4906 praelectus
473 4824 592 4883 navium
617 4822 764 4907 vittbejoo
783 4828 826 4885 vir
846 4828 877 4887 in
934 4846 970 4885 se
989 4824 1123 4885 dedecus
1141 4822 1297 4883 admittere
1318 4842 1375 4881 non
1390 4842 1501 4901 prosse,
1521 4824 1646 4899 rqusrnsi
1659 4832 1736 4889 motu

76 4920 213 4981 consiliis
233 4920 351 4979 minium
370 4936 517 4999 praeceps
537 4924 636 4977 erecto
656 4918 781 4989 resilio,
811 4920 875 4981 reli·
934 4918 1047 4979 fractus
1072 4922 1104 4975 et
1123 4914 1310 4984 debilitatus,
1335 4912 1530 4995 periculorum
1549 4932 1642 4977 casus
1661 4920 1737 4981 relu-

76 5032 199 5095 qusrun
219 5012 335 5073 narium
354 5012 497 5092 primates
515 5010 555 5073 ad
574 5032 609 5071 se
629 5017 748 5081 evocat,
777 5018 809 5071 ut
828 5012 877 5073 bis
934 5018 1032 5091 geret:
1051 5006 1208 5069 Scotorum
1221 5008 1353 5067 oratioue
1367 5004 1438 5067 nibil
1451 5004 1736 5097 deterritusstapm.

76 5106 267 5169 conditorum
288 5104 459 5165 auctoribus
483 5110 513 5165 et
533 5104 760 5167 sollicitudinum
781 5106 877 5167 sociis
935 5102 1033 5185 posito
1053 5106 1254 5177 susceptoque
1263 5098 1389 5161 coneilio
1401 5102 1576 5181 pormansttt
1597 5118 1736 5169 murreus

77 5222 161 5267 orsus,
181 5198 219 5259 dc
241 5198 352 5275 reliqna
370 5196 619 5261 administratione
639 5198 874 5263 luciliusstatuc·
935 5206 985 5259 sut
1011 5192 1144 5259 cl'liecre,
1177 5190 1255 5271 qnod
1281 5198 1484 5275 proposuerat.
1516 5202 1567 5259 aul
1588 5204 1619 5259 ut
1638 5208 1735 5263 certae

1406 5302 1432 5355 ΙΙ
