3734 5610
539 230 669 298 nrm
687 228 868 301 nonnam
888 226 1113 318 aaarmms,
1130 184 1257 306 umen
1267 229 1321 304 ιιι

93 422 158 467 ιιιι
178 406 327 467 bominum
347 404 482 466 fortunae
509 401 711 465 invidentibus
735 399 898 484 responde·

94 504 149 575 roi,
171 499 339 561 Germams
351 500 469 558 omnino
482 498 550 559 istis
569 496 740 559 muneribus
759 504 791 557 et
808 493 899 572 digni·

95 598 158 654 tate
177 610 246 652 esse
267 588 487 671 perornandos,
513 608 589 670 quos
609 592 802 669 cognovisset
826 585 899 648 miii·

95 684 209 746 taribus
223 682 391 766 disciplinis
410 683 485 745 liber
504 683 591 745 aliter
609 681 753 758 cruditos,
774 690 805 744 et
817 681 899 741 mini·

96 784 179 838 stros
205 775 375 857 Principum
399 773 488 839 valde
520 776 683 855 elegantes,
714 788 770 835 nec
798 781 898 834 tamen

96 888 168 930 esse
192 888 348 931 vaccarum
379 866 523 930 custodes
555 876 588 929 ut
620 866 733 950 Bojarii
758 864 899 939 Moscici,

97 964 148 1042 qui
168 960 299 1023 moribus
317 956 458 1043 pessimis
485 968 517 1023 ot
536 962 769 1043 corruptissimis
794 960 824 1019 in
849 976 899 1019 au·

97 1052 155 1115 lam
175 1051 315 1115 aduolare
341 1056 579 1116 consuevissent.
616 1053 718 1116 Exoaa
747 1051 824 1113 enim
850 1050 900 1110 ha·

97 1144 189 1208 bebat
207 1166 326 1209 suorum
346 1150 452 1209 civium
480 1149 614 1226 ingenia,
640 1154 745 1229 utpote
771 1147 821 1225 qui
848 1144 898 1203 mi·

99 1256 155 1301 nus
175 1239 263 1301 collis
289 1240 421 1301 moribus
453 1248 617 1302 exterorum
652 1234 899 1301 consuetudinem

97 1330 206 1393 frustm
225 1334 331 1392 imitari
352 1340 384 1393 ct
402 1331 558 1394 barbaram
583 1335 672 1395 animi
698 1332 901 1392 morositatem

98 1424 277 1486 adversante
297 1432 403 1485 natura
423 1424 582 1486 emendare
595 1432 781 1487 conarentur.
822 1424 902 1483 luter

99 1534 153 1578 eos
173 1524 271 1578 autem
291 1520 340 1597 qui
366 1534 461 1599 nuper
481 1516 556 1579 adeo
583 1538 619 1580 ex
644 1518 823 1580 Germanica
850 1532 901 1575 na·

98 1613 181 1672 tione
210 1608 292 1691 apud
322 1609 480 1672 barbarum
511 1610 680 1692 Principem
714 1609 839 1672 floruere
859 1606 898 1670 G.

98 1701 330 1779 Farensbekius,
348 1701 483 1765 loannes
503 1702 654 1780 Toubios,
674 1700 803 1764 Elardus
830 1700 900 1761 Cru·

99 1800 176 1870 sius,
204 1804 235 1857 et
266 1794 452 1857 Christianus
484 1796 536 1858 ille
567 1796 765 1872 Bochornius,
797 1793 901 1873 Magni

100 1889 283 1950 Cimbrorum
303 1889 400 1951 Ducis
432 1887 595 1965 sacerdos,
625 1887 714 1951 facile
743 1890 902 1968 Principes

100 1983 193 2044 fuere.
233 1983 274 2045 lit
294 1981 516 2045 Farensbelrius
547 1981 665 2063 quidem
697 2001 803 2059 magna
835 1998 901 2040 cunr

101 2074 282 2137 fortitudinis
303 2076 442 2156 opinione
461 2074 577 2137 felicem
596 2075 654 2136 sub
678 2071 814 2137 Basilide
835 2091 903 2132 eon·

100 2178 146 2229 tra
166 2167 310 2230 Tartaros
330 2168 462 2230 militiam
479 2167 561 2230 fecit.
602 2167 735 2230 Aliorum
762 2169 903 2245 intempe-

101 2264 197 2321 stivus
217 2279 254 2320 ex
278 2259 436 2321 Moscovia
465 2260 575 2335 abitus,
602 2270 637 2322 ut
668 2259 831 2321 molissime
863 2255 904 2318 di·

103 2370 179 2428 cam,
199 2354 317 2412 miseris
337 2352 452 2413 civibus
472 2356 503 2414 iu
520 2352 647 2416 Livonia
665 2352 757 2414 nubo
776 2351 905 2413 humano

101 2446 248 2524 sanguine
278 2447 421 2505 constitit.
473 2442 625 2508 Barbarus
653 2448 730 2506 euim
761 2456 905 2525 tyrannus

958 412 1018 465 tum
1049 401 1184 465 ludaeos
1219 405 1373 464 maximam
1406 422 1526 485 semper
1557 392 1761 463 crudelitatem

959 500 1098 567 exercuit,
1129 514 1242 577 eosque
1274 498 1301 556 si
1333 514 1420 556 sacro
1452 493 1642 576 baptismatis
1674 493 1758 556 fonte

957 589 1049 650 lavari
1075 608 1134 650 non
1166 589 1291 665 velient,
1323 594 1375 648 aut
1393 591 1479 649 vivos
1505 589 1679 660 combussit,
1709 594 1761 649 aut

958 683 1064 763 laqueo
1089 678 1263 763 suspendit,
1288 676 1446 741 nonnullos
1472 684 1560 741 ctiam
1585 685 1616 742 in
1641 681 1761 744 unnim

958 774 1174 857 praecipitavit.
1214 772 1291 834 Nam
1312 770 1412 836 dicere
1434 772 1566 845 solebat,
1589 772 1761 855 Principem

958 870 1122 949 sapientem
1142 884 1291 947 nunquam
1311 864 1398 929 fidem
1429 869 1489 939 eis,
1515 869 1564 947 qui
1592 863 1692 925 mundi
1717 884 1761 926 rc·

958 959 1120 1023 demtorem
1141 956 1354 1042 prodidissent,
1374 958 1551 1021 habiturum.
1585 957 1652 1019 Nec
1673 957 1762 1018 ullum

957 1053 1121 1136 periculum
1143 1072 1213 1116 esse
1233 1056 1327 1133 magis
1357 1049 1518 1115 timendum
1549 1071 1595 1123 eo,
1628 1048 1709 1131 quod
1740 1068 1758 1111 a

959 1145 1110 1229 proditore
1137 1155 1366 1229 compararetur.
1412 1146 1491 1207 Esse
1517 1145 1627 1226 quippe
1653 1143 1761 1204 malum

959 1240 1107 1302 occuitum
1127 1248 1159 1300 et
1176 1242 1364 1317 intestinum,
1383 1237 1464 1320 quod
1488 1241 1659 1320 prinsquam
1677 1254 1763 1317 prac-

960 1330 1053 1394 videri
1073 1335 1180 1409 possit,
1197 1333 1349 1394 interimit.
1390 1334 1481 1412 igitur
1501 1330 1636 1393 homines
1665 1328 1763 1412 proill-

960 1434 1048 1507 gatos
1074 1434 1105 1486 et
1129 1423 1307 1506 perditore
1339 1446 1374 1488 ae
1408 1445 1467 1485 non
1497 1422 1673 1498 dimittebat,
1706 1419 1764 1505 apd

961 1538 1026 1581 cum
1046 1517 1199 1599 voluptate
1220 1516 1346 1598 quadam
1366 1521 1480 1581 otiosos
1506 1518 1620 1581 ultimis
1646 1522 1764 1578 execra-

958 1612 1091 1675 tionibus
1112 1608 1288 1673 devovebat.
1327 1610 1373 1673 Ex
1399 1614 1524 1692 captivis
1550 1610 1635 1673 solos
1662 1611 1763 1670 mitius

959 1706 1109 1768 tractabat
1127 1704 1301 1774 Litbuanos,
1327 1701 1455 1765 subinde
1475 1723 1529 1765 eos
1555 1703 1663 1764 iratres
1690 1706 1764 1764 auoit

961 1806 993 1862 et
1010 1798 1126 1859 vicinos
1146 1794 1312 1879 appellans.
1353 1795 1487 1859 Poionos
1508 1806 1604 1858 ntrtem
1633 1800 1665 1855 ct
1689 1794 1764 1855 Get·-

961 1912 1066 1955 manos
1096 1898 1275 1971 ceterosque
1311 1909 1413 1952 omnes
1452 1893 1579 1951 omnium
1612 1889 1765 1948 nadoridiri

962 1985 1092 2070 populos
1116 1980 1295 2044 intolerabili
1326 1986 1467 2045 servitute
1499 1990 1530 2043 et
1562 1978 1766 2042 acerbissimis

964 2080 1108 2142 conviciis
1128 2074 1286 2149 onerabat,
1318 2076 1447 2157 nihilque
1466 2074 1670 2136 vehementius
1697 2084 1766 2132 eon·

963 2168 1120 2246 tendebat,
1142 2186 1228 2249 quam
1250 2176 1283 2229 ut
1302 2186 1418 2230 omnem
1440 2166 1647 2242 calamitatem,
1669 2173 1700 2227 et
1715 2161 1765 2225 ad·

963 2282 1070 2327 versae
1089 2261 1225 2323 fortunae
1244 2262 1341 2322 omnia
1361 2262 1438 2322 mala
1459 2270 1490 2322 et
1509 2254 1696 2321 incommoda
1716 2276 1766 2338 pa·
1826 2262 1830 2268 '

963 2365 1104 2422 tenentur.
1143 2352 1260 2416 Vivens
1285 2374 1345 2415 non
1371 2353 1536 2416 divinitatis
1561 2359 1691 2439 teritum,
1711 2347 1768 2412 scd

964 2460 995 2515 et
1026 2450 1140 2512 Summi
1172 2448 1360 2528 imperatoris
1397 2454 1428 2509 et
1460 2444 1614 2509 Pontificio
1644 2443 1768 2506 Maximi

102 2537 287 2620 iniquissime
306 2536 431 2614 instar,
451 2558 487 2601 se
506 2538 545 2600 no
565 2541 603 2602 m
622 2536 717 2601 inisse
737 2535 905 2619 decentum.
965 2546 1171 2608 suessanum
1192 2537 1273 2622 apud
1296 2558 1371 2601 snos
1398 2539 1537 2603 habenae
1584 2538 1618 2601 si
1645 2558 1703 2621 qna
1728 2534 1768 2597 ne

103 2631 153 2713 qui
172 2631 258 2692 ”1¹5⁸
276 2646 411 2692 verarum
431 2634 569 2696 Virtutum
590 2631 789 2708 umbraculis,
813 2629 905 2691 subii·
964 2658 997 2700 re
1017 2638 1153 2715 graviore
1172 2636 1376 2694 controversia
1396 2632 1568 2708 incidisset,
1588 2652 1645 2693 nec
1670 2632 1700 2691 in
1721 2646 1768 2691 ex·

103 2725 236 2787 lissimaa
254 2730 335 2786 artes
362 2725 467 2785 incerti
492 2732 524 2787 ct
547 2742 650 2807 panim
679 2724 788 2785 sinceri
818 2720 906 2784 animi
965 2725 1124 2812 pendenda
1145 2720 1389 2805 absolvendaque
1406 2748 1441 2787 ea
1468 2723 1535 2785 finis
1555 2722 1679 2784 inveniri
1699 2739 1768 2802 pos·

103 2819 277 2899 peremit
296 2824 500 2895 mittentes.
519 2822 581 2879 tam
599 2821 715 2897 ingrate
740 2834 828 2896 quam
856 2816 906 2875 im·
966 2830 1023 2898 set,
1044 2818 1185 2882 dicebant
1215 2816 1258 2878 illi
1288 2816 1388 2878 Deum
1419 2825 1450 2878 ct
1479 2816 1623 2895 Magnum
1654 2814 1771 2875 Ducem

104 2913 154 2993 pie
178 2908 266 2971 iidem
297 2907 485 2969 fefellissent.
525 2909 582 2971 llis
615 2906 653 2969 de
683 2909 784 2970 causis
816 2907 907 2968 multo
966 2932 1063 2976 rerum
1084 2913 1212 2974 omnium
1232 2918 1381 2971 momenta
1401 2905 1582 2991 ponderare,
1610 2914 1640 2969 et
1660 2909 1771 2968 ιιὶῑιῑιι

105 3004 286 3082 auspicatior
307 3007 338 3060 et
357 2997 506 3062 crudelior
525 3008 591 3063 crat
611 3000 751 3079 effectus,
776 3000 853 3062 adeo
875 3006 908 3062 ut
966 3007 1099 3069 novisse.
1138 3001 1270 3085 ideoque
1289 3004 1354 3065 sive
1373 3022 1529 3085 perperam
1548 2997 1677 3083 aliquid,
1703 3001 1770 3060 sive

105 3094 221 3156 civibus
247 3092 446 3156 Germanicae
471 3096 601 3155 nationis
628 3093 736 3175 quibua
762 3095 907 3157 hactenus
966 3096 1155 3164 laudabiliter
1173 3094 1309 3171 fecisset,
1328 3092 1359 3156 id
1379 3115 1467 3158 omne
1487 3094 1549 3159 fato
1569 3102 1600 3155 et
1615 3089 1770 3175 provideo·

105 3190 308 3270 impunitatem
326 3188 584 3257 concremabit!
605 3182 677 3247 belli
696 3191 839 3268 pacisque
858 3206 908 3249 sse·
967 3198 1028 3257 tiae
1046 3190 1106 3254 Dei
1127 3186 1284 3271 acceptum
1316 3186 1494 3261 referebant,
1524 3196 1556 3249 et
1583 3190 1651 3268 ipse
1680 3186 1770 3248 etiam

105 3281 196 3362 gatils
215 3280 324 3342 nullam
344 3282 462 3341 omuino
479 3278 525 3341 vei
544 3281 680 3359 exiguam
699 3277 909 3342 idcmhabru·
957 3294 1002 3353 nt
1026 3281 1145 3348 stolidis
1171 3282 1301 3362 ungentis
1332 3278 1508 3344 dulcissima
1540 3278 1681 3342 alimenta
1712 3288 1772 3341 sm·

106 3373 175 3437 dam
195 3392 266 3435 esse
283 3371 446 3453 judicaret,
476 3370 603 3455 illosque
623 3370 750 3454 [torpeti
780 3382 812 3435 ct
840 3371 909 3434 aliis
968 3380 1074 3465 plionia
1091 3377 1227 3439 insaniae
1246 3372 1416 3446 instillaret,
1436 3394 1544 3455 magna
1565 3372 1772 3435 cumomniurll

107 3472 137 3528 in
156 3467 233 3527 locis
253 3464 452 3527 miserabilem
478 3465 509 3526 iu
529 3464 648 3527 modum
668 3466 756 3546 plane
775 3464 910 3530 iurandita
968 3470 1165 3537 admiratione
1183 3466 1357 3530 coelestium
1378 3468 1526 3550 colloquia
1545 3467 1577 3529 in
1597 3468 1772 3549 quietepsf.

108 3561 225 3622 feritate
246 3555 474 3620 contrucidaret
513 3556 577 3621 lios
597 3559 686 3621 etiam
706 3561 757 3639 rpni
776 3559 807 3618 in
825 3556 910 3622 dios·
968 3574 1058 3648 cepta
1076 3566 1107 3625 in
1126 3562 1235 3642 vulgus
1253 3579 1397 3643 spargere
1418 3560 1545 3635 solebat,
1565 3568 1772 3641 suamqueve'·

109 3653 195 3713 corn
220 3648 396 3713 babitabant
426 3651 595 3713 Germanos
619 3648 797 3733 impotenter
821 3650 909 3714 bonis
969 3660 1162 3730 antedonem,
1182 3672 1270 3735 quam
1290 3650 1370 3735 apud
1380 3650 1519 3723 subditos
1530 3655 1685 3714 maximnm
1698 3670 1773 3713 se..

109 3750 232 3807 exsertos
250 3744 293 3807 ita
312 3745 414 3807 stati·
434 3743 595 3815 mulctavit,
614 3748 649 3805 ut
670 3740 839 3826 desperatis
859 3743 910 3806 bo·
969 3768 1025 3835 per
1042 3746 1197 3821 babuerat,
1221 3764 1257 3806 eo
1276 3741 1418 3823 figmento
1437 3742 1611 3805 mirabiliter
1636 3743 1773 3825 multipli-

108 3843 214 3899 nestee
233 3838 312 3897 ritae
331 3833 496 3897 commodis
515 3838 674 3899 atrocioris
701 3852 820 3918 quoque
841 3850 910 3919 sup·
971 3842 1070 3906 cabat.
1111 3838 1208 3901 Sacra
1227 3835 1372 3912 confecit,
1392 3836 1568 3919 singulaque
1594 3840 1774 3900 ceremouis-

108 3930 190 4013 plicii
210 3937 289 3992 metu
308 3929 570 3991 vehementissimo
588 3928 800 3992 cruciarentur.
822 3926 911 3990 Nunc
970 3950 1035 3997 snm
1054 3930 1148 3994 obivit
1167 3932 1265 3990 munia
1284 3927 1427 4008 singulari
1454 3948 1520 3991 eum
1540 3930 1715 4009 majestate,
1739 3938 1774 3993 ut

108 4026 209 4106 quiin
234 4022 393 4085 blesensis
418 4020 531 4103 degum
557 4022 697 4086 Germani
733 4040 770 4084 ex
798 4022 912 4083 recenti
970 4046 1028 4090 nec
1047 4026 1107 4108 ipsi
1132 4020 1268 4085 flamines
1298 4040 1334 4084 eo
1365 4024 1522 4101 augustius
1555 4029 1586 4083 et
1615 4018 1772 4087 decentius

108 4116 274 4194 superioris
302 4121 401 4176 statua
431 4113 639 4178 recordatione
665 4111 836 4178 hauddubie
861 4132 911 4175 an·
971 4116 1161 4183 sacrificasse
1187 4112 1365 4176 dicerentur.
1411 4112 1461 4175 De
1486 4120 1658 4176 sanctorum
1683 4114 1777 4179 homi.

89 4220 163 4268 ‘rea
182 4203 299 4267 nessii
325 4211 459 4290 tempora
482 4211 563 4271 nacti
589 4217 674 4271 snut:
716 4204 912 4288 omnibusque
972 4230 1040 4274 num
1060 4226 1182 4272 numero
1203 4200 1420 4278 &Nicolaum
1440 4204 1622 4269 liliabaclem
1642 4208 1776 4273 Archad-

110 4297 245 4361 dorentis
266 4299 350 4378 pacis
370 4308 458 4381 etque
486 4301 655 4384 opulentiae
684 4299 848 4363 commodis
873 4296 913 4362 ad
972 4305 1088 4387 gelum,
1115 4300 1213 4365 liliam
1236 4306 1352 4372 namen,
1381 4307 1412 4362 et
1435 4296 1581 4362 loannem
1606 4301 1775 4385 Baptistsm

111 4394 210 4454 iurum
236 4389 376 4471 beatique
402 4394 454 4455 otii
484 4392 627 4457 laetitiam
653 4392 812 4456 affluentes
842 4391 913 4456 libo
972 4394 1199 4477 religiosissime
1216 4390 1428 4466 venerabatur,
1460 4391 1587 4455 futurum
1613 4403 1707 4471 ratus,
1744 4407 1778 4459 ut

109 4504 173 4550 ram
193 4487 282 4546 etiam
301 4482 504 4561 Evarrgelicae
522 4483 676 4549 doetrinae
696 4484 914 4569 professionem
974 4495 1046 4573 post
1063 4495 1110 4550 tot
1128 4492 1247 4570 patrata
1266 4484 1399 4549 facinora
1425 4484 1539 4547 illorum
1558 4488 1776 4549 intercessione

112 4586 143 4642 et
162 4573 350 4639 sacerdotem
368 4576 577 4639 Germanicum
596 4600 615 4642 a
635 4578 797 4661 'Pburingia
817 4583 914 4642 orion·
974 4581 1121 4650 adDenm
1140 4578 1336 4643 immortalem
1355 4577 1618 4641 commendaretur.
1643 4575 1778 4643 Graecae

113 4673 182 4733 dum
202 4670 329 4748 liabent,
350 4672 400 4753 qui
426 4670 456 4731 iu
477 4688 585 4752 magna
610 4670 738 4753 qrmdam
765 4672 853 4737 domo
881 4673 915 4735 li·
975 4684 1074 4741 autem
1095 4674 1243 4738 ecclcsiae
1263 4684 1439 4754 quamquam
1448 4668 1558 4731 Latina
1576 4672 1713 4751 puriores
1727 4672 1775 4734 ba·

113 4784 190 4843 gnca
214 4768 297 4828 cives
316 4764 515 4829 Germanicae
541 4767 672 4827 nationis
697 4770 837 4848 pietatem
864 4763 916 4828 do·
975 4768 1096 4841 beatum
1115 4775 1216 4829 tnmeu
1235 4771 1267 4827 ct
1284 4766 1370 4846 ipsae
1394 4762 1503 4824 multas
1528 4756 1627 4823 adbuc
1651 4766 1776 4828 vanissi-

116 4872 185 4918 cere
203 4858 291 4921 solet.
332 4856 401 4921 Nec
418 4858 498 4920 enim
517 4859 674 4920 natoriae
694 4856 843 4941 proditum
859 4864 914 4931 est
976 4878 1042 4923 mas
1060 4858 1290 4940 superstitiones
1320 4856 1490 4929 observant,
1521 4852 1699 4937 beatamque
1718 4856 1777 4931 Dc!

114 4946 208 5009 ullum
225 4949 372 5013 bominem
395 4950 435 5015 ab
461 4952 675 5014 immanissimo
702 4951 843 5033 Principe
873 4968 917 5013 re·
977 4955 1150 5033 genitricem
1181 4956 1213 5013 et
1236 4948 1314 5011 alios
1333 4947 1409 5010 coeli
1429 4946 1564 5025 Quirites
1595 4944 1778 5031 frequentius

116 5042 237 5120 ligioni·
258 5064 329 5124 argo
349 5043 516 5108 diremtum
537 5044 642 5108 feriare.
682 5044 715 5107 ln
743 5042 828 5106 solos
854 5052 916 5106 tan·
978 5044 1149 5117 inclamant,
1168 5044 1257 5104 sicuti
1277 5061 1313 5102 ea
1335 5038 1374 5103 de
1393 5060 1425 5103 re
1446 5040 1608 5120 longiorem
1618 5040 1777 5123 aliqnando
