3742 5626
450 218 459 237 ⁶
531 264 586 327 nn
607 264 748 328 annin
771 262 1076 337 noscnvrrrco,
1099 265 1223 329 iernen
1245 269 1266 330 r.
1694 272 1736 333 o:

55 446 105 490 res
130 427 354 500 componendas
380 426 533 505 leoponn
560 429 721 492 contendit.
767 429 859 489 Ante·
887 426 890 465 ¹
921 426 1011 489 Venit
1036 427 1140 490 eodem
1160 430 1359 491 llloseonitiea
1383 430 1506 510 legatio;
1533 433 1600 515 ejus
1624 440 1724 497 aetate

54 540 140 602 qussi
161 520 332 582 discederet
353 521 574 596 cracoviensis,
594 521 860 597 Saudomiriensis,
887 548 890 597 ;
919 526 1007 602 atque
1031 521 1175 601 dignitate
1202 522 1345 601 Princeps
1373 525 1402 584 in
1428 525 1532 585 itincre
1552 526 1655 587 morbo
1676 549 1723 591 ex·

54 619 85 675 ct
98 612 303 673 Sieradieusis
315 612 548 687 Palatinatuum,
569 636 645 695 quos
655 617 685 677 in
699 612 859 675 sciscendo
918 615 1028 673 tinctus
1065 614 1168 677 lucrat.
1215 613 1350 695 Reliqui,
1376 617 1480 677 missis
1511 616 1643 695 obviam,
1674 622 1725 701 qui

54 706 164 767 tributo
189 726 208 767 a
227 707 403 786 reliquorum
431 708 557 767 omnium
586 729 738 769 consensu
757 728 794 767 so
814 728 859 768 sc·
919 706 1110 787 exciperent,
1131 730 1168 768 cs
1188 729 1267 767 more
1288 708 1317 767 in
1340 708 1441 769 orbern
1454 716 1543 788 atque
1554 709 1724 793 hospitium,

50 799 194 880 junxisse
214 818 305 876 supra
319 798 522 871 ostendimus,
541 808 706 862 conventus
717 801 858 861 edixerat.
919 797 1036 859 indeed
1048 799 1164 877 Regem
1185 799 1321 871 deducti,
1342 800 1461 861 verbum
1480 822 1516 862 sc
1536 801 1725 867 facturusne·

57 890 92 949 ln
117 891 221 950 itinere
246 893 400 971 cognoscit
421 891 642 955 Sieradiensem
664 894 860 955 Palatinatum
920 897 1039 968 gerunt,
1060 894 1115 952 nisi
1136 893 1216 973 prius
1229 892 1298 952 ltex
1319 898 1421 972 aperto
1440 894 1539 973 eapite
1551 914 1726 977 assurgens,

56 1002 125 1043 mox
144 1003 318 1045 assermum:
337 986 470 1064 reliquos
489 984 565 1045 dnos
585 988 615 1046 in
636 984 861 1047 recusandotri·
890 1028 893 1061 ,
920 983 959 1044 de
972 984 1140 1045 ualetudine
1160 989 1191 1044 et
1209 992 1292 1045 statu
1300 982 1451 1066 Principis
1464 986 1512 1045 sui
1532 998 1726 1067 percontatus

57 1075 128 1135 buto
142 1082 285 1155 perstare.
327 1076 474 1138 Subsistit
494 1077 571 1138 lranc
592 1080 630 1141 ob
650 1098 774 1140 cauum
787 1077 863 1139 San·
921 1097 957 1137 sc
977 1083 1070 1138 esset.
1104 1077 1174 1138 Rex
1189 1096 1257 1136 curu
1269 1078 1438 1158 praeterrei
1452 1077 1654 1157 indignitatem
1667 1102 1726 1142 non

57 1166 215 1230 donririae:
251 1190 347 1250 eoquo
377 1170 500 1232 minoris
530 1170 674 1232 Pelopiae
699 1172 865 1232 Senatores
923 1170 1164 1230 committendum
1190 1169 1250 1229 sibi
1274 1170 1477 1243 arbitraretur,
1508 1177 1541 1233 ut
1564 1170 1603 1234 ad
1628 1170 1728 1235 bostis

56 1280 162 1321 omnes
186 1268 301 1323 ernest.
347 1262 397 1325 Ex
423 1263 525 1325 lrcrum
547 1265 696 1325 sententia
712 1262 863 1323 Palatina·
892 1284 895 1323 ι
924 1262 1048 1322 borbore
1068 1262 1149 1323 fastu
1169 1261 1255 1337 elati,
1277 1269 1307 1323 et
1327 1266 1377 1343 qni
1402 1269 1502 1327 tantos
1517 1266 1580 1347 jam
1603 1266 1727 1346 spiritus

58 1364 140 1415 tuum
165 1354 326 1415 eorundem
357 1355 456 1416 denuo
482 1376 666 1417 communem
685 1363 865 1416 eorruentnrn
892 1338 895 1437 l
923 1360 1012 1435 atque
1032 1355 1227 1434 arrogantiam
1249 1355 1306 1415 sibi
1322 1358 1519 1438 sumpsisset,
1539 1362 1571 1417 ut
1591 1358 1639 1418 vix
1658 1357 1728 1420 lerri

59 1446 177 1507 Corcini
197 1446 297 1509 babet.
343 1449 475 1509 Assensi
501 1448 550 1508 bic
571 1448 690 1510 landent
711 1448 782 1509 etii
804 1446 864 1506 luc·
893 1444 895 1453 '
924 1457 1044 1528 posset,
1070 1447 1239 1525 superbiant
1266 1447 1411 1530 obsequio
1441 1450 1541 1532 aliquo
1573 1470 1629 1510 sno
1655 1450 1728 1531 quid

58 1544 141 1609 rrrnt,
161 1542 326 1601 remittente
343 1540 430 1620 Rege
450 1540 488 1601 de
508 1542 616 1602 tributo
631 1540 812 1610 conticinii,
833 1544 866 1599 ut
924 1539 1061 1601 adoleret:
1089 1542 1131 1601 illi
1158 1560 1227 1599 rero
1254 1541 1282 1599 in
1310 1542 1461 1602 sententia
1491 1548 1671 1622 perstarent,
1689 1564 1727 1605 ac

57 1632 108 1692 ubi
135 1631 382 1711 duodevigesima
407 1655 426 1694 a
445 1634 552 1712 Regiis
573 1643 604 1693 ct
635 1632 866 1701 ecelesiasticis,
925 1635 1024 1712 potius
1049 1632 1159 1693 inlecta
1184 1654 1216 1692 re
1241 1631 1433 1693 discessuros
1452 1653 1489 1691 se
1508 1636 1727 1698 confirmarent:

59 1726 521 1804 vicesimoquartsanobilitatis
541 1726 671 1788 subditis
683 1727 862 1804 exigeretur.
894 1742 897 1813 p
926 1728 1074 1807 permisit,
1093 1732 1125 1785 ut
1145 1726 1174 1784 in
1196 1724 1289 1786 auditi
1310 1725 1340 1785 in
1352 1724 1527 1805 hospitium,
1549 1727 1618 1788 indo
1638 1730 1667 1789 in
1679 1728 1727 1789 Li·

59 1817 185 1899 beopoli
211 1818 386 1880 'tartaricus
411 1819 577 1897 legationes
603 1818 671 1880 Rex
695 1818 805 1879 audiit:
826 1817 864 1879 sd
894 1848 897 1935 p
925 1818 1078 1880 :bnanieru
1095 1819 1185 1878 lentis
1206 1818 1373 1895 agminibus
1383 1838 1418 1877 se
1430 1819 1605 1898 reciperent.
1627 1821 1728 1889 Anini-

58 1920 227 1989 easrogatu
238 1910 354 1973 Tartari
368 1911 526 1973 Turcnrnm
546 1912 710 1990 Imperator
719 1931 805 1971 suum
825 1911 865 1971 le·
894 1940 898 2015 p
925 1911 1081 1973 adversum
1103 1911 1172 1971 inde
1193 1910 1262 1981 snit,
1283 1911 1422 1971 tributum
1443 1909 1521 1989 quod
1542 1911 1571 1969 in
1601 1912 1731 1974 consitiis

58 2008 157 2082 gatum
177 2004 365 2086 adjunxerat.
405 2005 499 2066 Facta
521 2025 588 2064 curn
603 2003 728 2064 Tartaro
743 2003 865 2084 psxluit
895 2032 897 2055 ι
926 2004 1178 2065 Varsoviensibus
1190 2005 1334 2063 sancitum
1345 2003 1456 2075 luerat,
1476 2024 1533 2063 riori
1546 2002 1634 2064 ruodo
1648 2026 1729 2087 prac-

59 2098 99 2157 iis
118 2097 354 2169 conditionibus,
374 2098 483 2177 quibus
503 2097 561 2157 sub
571 2098 719 2178 prioribus
729 2097 866 2175 Regibus
894 2090 898 2161 i
925 2097 1075 2159 ditatione
1097 2095 1300 2156 nonnullorum
1319 2096 1452 2166 interius,
1472 2095 1528 2155 scd
1555 2096 1614 2177 ipsi
1641 2098 1729 2168 bello,

58 2208 126 2250 cam
144 2189 321 2261 habuisset:
335 2191 474 2250 attulerat
491 2189 604 2250 litteras
624 2188 792 2269 nl’rincipc
812 2208 868 2250 suo
895 2186 897 2277 j
926 2190 955 2250 in
982 2192 1070 2272 cujus
1096 2211 1172 2250 usus
1196 2190 1235 2250 ab
1259 2189 1413 2249 ordinibus
1433 2187 1605 2267 deputatum
1626 2190 1730 2262 luerat,

58 2283 205 2363 scriptas,
225 2284 254 2341 in
275 2301 351 2360 quas
377 2302 482 2363 pacern
508 2282 693 2364 postulabat:
719 2284 749 2342 in
770 2283 809 2343 iis
829 2281 867 2341 de
894 2294 897 2387 p
925 2303 979 2364 par
1000 2302 1057 2342 non
1078 2280 1152 2341 lore.
1193 2282 1264 2343 llex
1288 2281 1366 2361 quod
1387 2300 1442 2341 nec
1462 2282 1582 2342 comitis
1600 2303 1637 2343 eo
1656 2292 1728 2345 tem·

60 2376 169 2436 tinibus
190 2396 247 2434 non
269 2375 341 2434 nibil
361 2374 529 2458 adjecerat,
555 2380 585 2434 et
607 2374 645 2435 de
663 2373 799 2436 Nisoviis
819 2394 867 2435 sc·
894 2414 897 2443 :
926 2395 998 2457 pore
1017 2372 1156 2435 babendo
1175 2375 1233 2435 sibi
1247 2380 1399 2448 censeret,
1430 2376 1514 2434 nesi
1543 2374 1615 2437 nilril
1633 2397 1729 2437 rerum

60 2469 193 2529 cantius
212 2468 271 2527 sibi
285 2476 415 2528 caverat.
455 2466 525 2529 Rex
540 2488 599 2527 non
609 2469 737 2546 receptis
750 2467 867 2539 litteris,
894 2450 897 2491 3
925 2468 1091 2545 gessisset,
1111 2467 1190 2527 inani
1212 2467 1282 2527 belli
1293 2466 1478 2527 simulatione
1488 2469 1730 2549 pecuniaequsm

60 2560 167 2621 iisdem
187 2561 295 2640 quilius
317 2563 444 2643 majores
464 2562 511 2621 sai
539 2560 656 2640 legibus
675 2581 739 2621 eam
761 2560 866 2621 coluis·
893 2532 896 2629 l
927 2560 1071 2621 maximae
1091 2560 1244 2640 cogendae
1264 2561 1395 2620 rationes
1408 2581 1578 2640 quaereres
1592 2562 1730 2624 norrrrulis

59 2658 142 2723 scot,
163 2674 198 2715 sc
218 2673 337 2732 quoqne
357 2672 461 2732 paceni
482 2674 547 2714 cnm
573 2675 610 2714 eo
631 2653 867 2727 observaturum,
893 2634 897 2739 1
922 2655 1102 2734 jactaretur:
1129 2672 1185 2713 nec
1210 2654 1341 2732 pitinates
1372 2653 1533 2713 nobilitatis
1565 2660 1729 2716 conventus

60 2745 260 2825 donatiraque
279 2747 318 2807 ab
339 2747 398 2807 illis
418 2746 480 2806 dari
502 2747 590 2806 solita
622 2747 757 2806 daturum
777 2746 867 2805 verbo
893 2746 896 2757 '
926 2744 1096 2821 cogendos:
1116 2765 1154 2803 ne
1174 2744 1245 2803 illud
1270 2745 1359 2803 toties
1384 2750 1500 2822 practer
1519 2745 1653 2806 instituta
1672 2766 1730 2808 ma·

60 2839 223 2917 respondit.
262 2839 306 2897 lta
327 2859 377 2915 per
393 2847 486 2899 toturn
498 2838 687 2899 ltloseoritici
707 2839 777 2898 belli
796 2848 866 2897 tem·
922 2839 1020 2918 jeruru
1042 2837 1175 2914 usurpari
1196 2856 1214 2896 a
1233 2856 1269 2896 se
1280 2835 1418 2896 nobilitas
1429 2837 1512 2914 qireri
1522 2842 1641 2916 posset:
1662 2857 1730 2899 urm

61 2950 122 3012 pus
146 2950 202 3009 pas
223 2950 241 2990 a
261 2928 385 2989 Tartaro
411 2930 474 2990 snit.
521 2929 570 2990 Ne
598 2951 667 2991 cero
694 2928 866 2992 aNisoriis
921 2928 1039 3011 jndicio
1058 2934 1118 2989 tum
1138 2948 1156 2989 a
1178 2929 1329 2989 nobilitato
1348 2928 1514 3003 obirentur,
1541 2949 1594 3009 per
1614 2948 1669 2989 eos
1688 2932 1729 2991 in·

60 3041 180 3104 quoque
208 3040 260 3100 per
291 3022 456 3083 absentiam
488 3042 574 3083 mam
599 3022 670 3102 quid
692 3024 867 3093 turbaretur,
926 3024 1012 3081 terion
1037 3027 1217 3091 conventus,
1241 3020 1312 3101 qnid
1339 3019 1378 3080 de
1398 3022 1506 3081 tributo
1525 3020 1576 3081 illo
1596 3022 1730 3102 polliceri

61 3116 200 3194 exemplo
210 3119 240 3175 et
250 3119 330 3173 ructu
341 3114 536 3176 continendos
547 3117 664 3176 existim
678 3114 774 3176 ansdo
787 3113 868 3175 Pod·
927 3115 985 3174 sibi
1008 3119 1127 3191 posset,
1153 3114 1326 3173 necessario
1347 3113 1488 3175 nobilitati
1507 3114 1730 3195 proponendum

61 3228 136 3269 cova
155 3208 251 3285 ceptis
272 3208 452 3288 supplicium
484 3208 591 3269 sumit:
622 3208 765 3269 Amarate
793 3208 866 3269 'l'ur-
926 3207 1129 3267 existimabat:
1156 3205 1236 3286 quod
1261 3226 1319 3265 nou
1339 3205 1498 3268 deessent:
1518 3208 1568 3286 qni
1588 3208 1729 3287 magnitu-

61 3319 163 3361 aarum
181 3298 370 3380 lmpcratore,
388 3306 421 3361 ut
439 3302 498 3361 sibi
518 3299 692 3376 dederetur,
717 3322 770 3382 per
789 3300 866 3380 legn-
926 3298 1024 3359 dicem
1045 3298 1144 3358 tributi
1166 3300 1233 3379 ejus
1253 3298 1282 3356 in
1303 3299 1621 3359 immensumoratione
1640 3320 1728 3381 auge·

61 3399 112 3453 tos
130 3392 323 3472 deposcente.
362 3391 552 3457 illudentem
566 3403 600 3453 ut
613 3392 733 3464 faceret,
753 3415 791 3454 co
804 3412 867 3473 gra·
925 3398 1000 3453 rent.
1042 3391 1116 3452 lude
1134 3391 1174 3452 ad
1193 3411 1298 3451 omines
1317 3392 1433 3451 ricinos
1443 3390 1598 3471 Principes
1617 3392 1732 3472 legatos

63 3486 161 3546 viores
177 3504 287 3545 causas
307 3484 419 3546 trabere
439 3506 476 3547 se
496 3484 632 3555 videbat,
657 3485 738 3565 quod
758 3486 867 3547 Cosaci
927 3484 1081 3564 designat:
1102 3486 1202 3565 quiet
1222 3486 1382 3545 amicorum
1409 3504 1479 3563 ergo
1498 3504 1534 3545 se
1555 3484 1729 3547 benevolen-

62 3578 171 3661 prioris
196 3577 398 3658 expeditionis
430 3598 578 3640 successu
604 3577 731 3638 nondum
762 3579 801 3638 sb
826 3579 868 3639 ie·
926 3580 997 3639 tiaru
1023 3579 1136 3656 magis,
1161 3576 1331 3655 breuiusque
1357 3577 1417 3635 sibi
1442 3576 1653 3659 adjungerent:
1683 3578 1730 3640 rel

62 3672 168 3731 stituto
188 3669 314 3752 dejecti',
340 3669 474 3751 ejusdem
494 3667 656 3731 Pcdcovae
676 3669 778 3729 minori
799 3675 870 3730 natu
928 3670 1137 3731 mdevolorum
1150 3667 1470 3729 consiliadistinerent.
1491 3667 1655 3748 Praecipue
1664 3690 1730 3730 earm

63 3762 153 3824 lrstre
168 3762 342 3824 Alexandro
362 3764 392 3822 io
409 3760 584 3824 valachiam
604 3760 726 3823 reducto
747 3760 868 3822 Petrum
929 3764 1068 3843 Augusto
1088 3762 1256 3837 Senoniae,
1276 3781 1313 3821 ec
1331 3760 1448 3821 loannc
1468 3760 1619 3820 Friderico
1639 3760 1730 3822 Bran·

64 3855 229 3918 Palatinum
241 3855 339 3915 denuo
351 3875 407 3914 non
419 3856 485 3915 sino
501 3855 620 3935 proprio
631 3854 763 3935 periculo
774 3854 870 3915 detur·
930 3855 1109 3933 deburgensi
1144 3852 1334 3934 Principibus
1378 3852 1564 3912 Electoribus
1606 3854 1732 3915 consilia

63 3950 176 4009 borant
215 3946 385 4008 Alexander
405 3948 483 4008 caim
497 3967 562 4006 cum
584 3946 669 4009 cirris
687 3949 718 4007 in
739 3947 870 4007 bostium
930 3947 999 4009 belli
1020 3945 1225 4009 communicat.
1265 3944 1306 4004 lli
1325 3943 1445 4023 indigne
1466 3944 1733 4009 terentesbarbara

63 4045 243 4122 potestatem
260 4039 409 4113 venisset,
430 4038 499 4120 palo
517 4038 661 4100 sulbxus:
679 4039 870 4101 Nisoriorum
929 4040 1103 4101 crudelitate
1113 4036 1223 4097 tamdiu
1233 4036 1263 4095 in
1273 4056 1378 4096 nomeu
1386 4036 1734 4101 Germanicnmalloscn

64 4150 135 4215 pars
161 4151 182 4191 a
199 4130 307 4192 Turcis
331 4134 508 4214 intercepta,
530 4131 820 4215 Constantinopolim
840 4133 870 4193 in
929 4133 1054 4201 saeviri,
1072 4130 1110 4192 sd
1132 4127 1240 4189 bellum
1259 4148 1314 4209 pro
1326 4130 1489 4191 Lironibus
1501 4130 1734 4212 suscipiendum,

65 4222 193 4286 catcatis
212 4225 307 4285 missa
326 4224 389 4287 luit.
429 4225 509 4287 ldem
531 4231 630 4286 umen
643 4224 734 4285 Petro
752 4244 871 4305 quoquo
929 4224 968 4285 ds
988 4224 1096 4304 qiiilins
1110 4222 1150 4282 illi
1170 4226 1254 4281 tanto
1275 4227 1415 4283 terrarum
1442 4222 1596 4283 intervallo
1615 4224 1654 4285 ab
1674 4224 1734 4285 illis

65 4324 205 4397 tanquam
225 4338 280 4398 per
299 4318 443 4396 ignaviam
463 4338 501 4381 ac
523 4317 690 4379 secordiam
710 4318 801 4377 toties
821 4316 869 4377 dc·
928 4319 990 4379 oris
1010 4316 1152 4399 disjuncti
1171 4315 1266 4374 minus
1277 4314 1388 4376 adesse
1399 4320 1539 4394 possent,
1558 4318 1653 4379 unice
1666 4338 1733 4379 oum

61 4414 159 4492 jecto,
179 4411 380 4470 calamitosum
394 4410 573 4492 postesluit.
612 4410 738 4471 Etenim
751 4410 869 4473 sublato
930 4410 1137 4481 hortabantur:
1155 4406 1446 4488 ollrondebcrgensi
1460 4408 1566 4470 bellica
1579 4413 1733 4472 etiamtor·

66 4503 203 4565 emedio
225 4501 396 4564 blabomete
415 4504 525 4575 Bassa,
545 4504 595 4584 qui
607 4502 774 4584 Principem
795 4504 871 4564 inter
897 4512 901 4531 ¹
930 4510 1029 4565 meets
1057 4501 1202 4583 quaedem
1233 4499 1312 4562 done
1338 4504 1366 4563 ei
1396 4506 1487 4563 missa
1514 4500 1638 4565 luerunt.
1684 4500 1734 4561 Ad

65 4601 243 4677 purpuratos
265 4596 362 4655 locum
389 4600 538 4673 tenuerat,
562 4596 737 4673 Aeburctis‚
764 4598 815 4679 qui
842 4598 870 4657 in
931 4598 1057 4659 Turcam
1077 4594 1127 4657 ubi
1147 4593 1252 4672 Legati
1271 4597 1443 4664 venissent,
1460 4592 1651 4655 Mobomctes
1671 4613 1735 4673 pru·

66 4690 135 4769 sjm
152 4687 251 4749 locum
271 4689 420 4765 sucessit,
439 4686 539 4749 studio
558 4688 596 4750 de
617 4690 872 4772 principatusmo·
931 4690 1126 4751 dentissimns
1150 4688 1237 4747 trium
1263 4686 1400 4747 Orientis
1424 4688 1632 4766 lmpcrstorum
1660 4687 1737 4747 (loc-

67 4785 128 4856 tms,
146 4782 238 4861 inque
257 4782 325 4861 ejus
344 4780 440 4843 locum
455 4780 581 4843 lancola
591 4782 708 4862 quidum
719 4804 737 4843 c
747 4782 873 4844 Saxoni-
932 4784 1078 4855 silinrius,
1098 4784 1129 4838 et
1140 4780 1169 4837 in
1180 4778 1294 4855 Regem
1306 4778 1384 4839 baud
1396 4776 1472 4837 male
1481 4778 1637 4851 animatus,
1648 4798 1737 4858 guum

67 4873 126 4933 bus
137 4871 392 4935 'l'ranssilvnnicis
404 4872 563 4935 oriundus:
586 4872 641 4933 sed
654 4874 703 4952 qui
715 4894 774 4933 noe
785 4874 873 4934 modo
933 4874 972 4933 de
991 4874 1127 4933 instituto
1139 4870 1237 4950 ltegis
1255 4871 1470 4940 intellexisset,
1489 4869 1634 4931 lureress
1653 4888 1739 4933 cous·

67 4966 216 5026 astionem
228 4964 429 5035 Valachicom,
450 4986 548 5027 rerum
569 4985 666 5043 genus
684 4966 771 5025 etism
793 4965 875 5025 Prin·
935 4966 1017 5025 tibus
1043 4966 1111 5045 ejus
1136 4963 1226 5035 dixit,
1253 4962 1410 5040 faustaque
1435 4982 1471 5022 ao
1493 4962 1591 5025 lelicia
1610 4965 1638 5024 ei
1658 4984 1738 5042 prae·

67 5058 166 5138 cipum
187 5056 354 5119 Valsclriac
380 5060 539 5120 ementitus
566 5058 678 5127 luerat,
709 5060 878 5136 provinciae
937 5056 1014 5117 cari:
1034 5075 1168 5133 magnam
1188 5062 1284 5115 tamen
1305 5076 1364 5115 rem
1377 5057 1508 5137 suscipi:
1528 5059 1741 5137 magnasrires

10 5212 15 5219 ,
67 5151 231 5232 impositus
250 5148 360 5211 deindo
381 5152 446 5212 luit.
487 5150 672 5233 Compositis
691 5149 770 5210 bunc
779 5151 809 5211 in
820 5171 880 5212 ruo·
908 5152 915 5279 p
940 5170 1012 5210 esse
1025 5147 1257 5211 dioscoritieas:
1279 5148 1546 5231 nequeseeuodom
1559 5170 1646 5211 surim
1658 5150 1740 5209 Prin·

67 5243 138 5305 dum
152 5242 243 5303 rebus
253 5242 584 5313 transimennum
598 5242 883 5323 Rexproticiscitur.
912 5282 916 5323 p
943 5244 1038 5323 cipenr
1064 5240 1153 5302 ullum
1182 5244 1211 5302 iu
1238 5242 1310 5303 orbe
1330 5248 1469 5301 terrorum
1491 5242 1688 5319 potentiorem
1705 5260 1746 5294 eo

1381 5344 1405 5400 't
