<?xml version="1.0" encoding="UTF-8"?>
<!DOCTYPE html PUBLIC "-//W3C//DTD XHTML 1.0 Transitional//EN"
    "http://www.w3.org/TR/xhtml1/DTD/xhtml1-transitional.dtd">
<html xmlns="http://www.w3.org/1999/xhtml" xml:lang="en" lang="en">
 <head>
  <title>
</title>
<meta http-equiv="Content-Type" content="text/html;charset=utf-8" />
  <meta name='ocr-system' content='tesseract 3.04.00' />
  <meta name='ocr-capabilities' content='ocr_page ocr_carea ocr_par ocr_line ocrx_word'/>
</head>
<body>
  <div class='ocr_page' id='page_1' title='image "./historiaeruthen00stargoog_0705.png"; bbox 0 0 3742 5626; ppageno 0'>
   <div class='ocr_carea' id='block_1_1' title="bbox 104 196 1146 265">
    <p class='ocr_par' dir='ltr' id='par_1_1' title="bbox 104 196 1146 265">
     <span class='ocr_line' id='line_1_1' title="bbox 104 196 1146 265; baseline 0.003 -3"><span class='ocrx_word' id='word_1_1' title='bbox 104 198 162 262; x_wconf 78' lang='lat' dir='ltr'><strong>oto</strong></span> <span class='ocrx_word' id='word_1_2' title='bbox 709 196 882 263; x_wconf 71' lang='lat' dir='ltr'><strong>assultu</strong></span> <span class='ocrx_word' id='word_1_3' title='bbox 907 197 1146 265; x_wconf 67' lang='lat' dir='ltr'><strong>suessonis</strong></span> 
     </span>
    </p>
   </div>
   <div class='ocr_carea' id='block_1_2' title="bbox 104 359 1746 915">
    <p class='ocr_par' dir='ltr' id='par_1_2' title="bbox 104 359 1746 915">
     <span class='ocr_line' id='line_1_2' title="bbox 105 359 1746 449; baseline 0.004 -26"><span class='ocrx_word' id='word_1_4' title='bbox 105 361 243 433; x_wconf 84' lang='lat' dir='ltr'><strong>cidentis‚</strong></span> <span class='ocrx_word' id='word_1_5' title='bbox 275 359 510 436; x_wconf 87' lang='lat' dir='ltr'><strong>Volodimerise,</strong></span> <span class='ocrx_word' id='word_1_6' title='bbox 545 359 731 434; x_wconf 84' lang='lat' dir='ltr'><strong>lllosooviae,</strong></span> <span class='ocrx_word' id='word_1_7' title='bbox 761 364 913 444; x_wconf 90' lang='lat' dir='ltr'><strong>totiusque</strong></span> <span class='ocrx_word' id='word_1_8' title='bbox 969 365 1067 443; x_wconf 67' lang='lat' dir='ltr'><strong>gistis,</strong></span> <span class='ocrx_word' id='word_1_9' title='bbox 1092 367 1250 449; x_wconf 75' lang='lat' dir='ltr'><strong>longisque</strong></span> <span class='ocrx_word' id='word_1_10' title='bbox 1280 369 1377 430; x_wconf 89' lang='lat' dir='ltr'><strong>contis</strong></span> <span class='ocrx_word' id='word_1_11' title='bbox 1407 368 1539 429; x_wconf 79' lang='lat' dir='ltr'><strong>arsisti.</strong></span> <span class='ocrx_word' id='word_1_12' title='bbox 1582 363 1649 427; x_wconf 87' lang='lat' dir='ltr'><strong>Sed</strong></span> <span class='ocrx_word' id='word_1_13' title='bbox 1669 374 1694 425; x_wconf 84' lang='lat' dir='ltr'><strong>rt</strong></span> <span class='ocrx_word' id='word_1_14' title='bbox 1707 388 1746 429; x_wconf 84' lang='lat' dir='ltr'><strong>ns</strong></span> 
     </span>
     <span class='ocr_line' id='line_1_3' title="bbox 104 451 1745 545; baseline 0.001 -27"><span class='ocrx_word' id='word_1_15' title='bbox 104 454 240 518; x_wconf 82' lang='lat' dir='ltr'><strong>Russiae</strong></span> <span class='ocrx_word' id='word_1_16' title='bbox 258 451 377 533; x_wconf 79' lang='lat' dir='ltr'><strong>Regina</strong></span> <span class='ocrx_word' id='word_1_17' title='bbox 396 473 516 514; x_wconf 83' lang='lat' dir='ltr'><strong>munera</strong></span> <span class='ocrx_word' id='word_1_18' title='bbox 536 454 591 514; x_wconf 92' lang='lat' dir='ltr'><strong>tibi</strong></span> <span class='ocrx_word' id='word_1_19' title='bbox 610 454 732 533; x_wconf 84' lang='lat' dir='ltr'><strong>plurima</strong></span> <span class='ocrx_word' id='word_1_20' title='bbox 757 456 854 534; x_wconf 89' lang='lat' dir='ltr'><strong>dedit,</strong></span> <span class='ocrx_word' id='word_1_21' title='bbox 880 462 913 519; x_wconf 93' lang='lat' dir='ltr'><strong>ut</strong></span> <span class='ocrx_word' id='word_1_22' title='bbox 967 460 1108 540; x_wconf 81' lang='lat' dir='ltr'><strong>plurimrs</strong></span> <span class='ocrx_word' id='word_1_23' title='bbox 1128 480 1243 540; x_wconf 69' lang='lat' dir='ltr'><strong>parvm,</strong></span> <span class='ocrx_word' id='word_1_24' title='bbox 1262 463 1464 545; x_wconf 82' lang='lat' dir='ltr'><strong>majoresque</strong></span> <span class='ocrx_word' id='word_1_25' title='bbox 1478 460 1596 521; x_wconf 83' lang='lat' dir='ltr'><strong>videre</strong></span> <span class='ocrx_word' id='word_1_26' title='bbox 1614 470 1745 538; x_wconf 76' lang='lat' dir='ltr'><strong>erat,p=</strong></span> 
     </span>
     <span class='ocr_line' id='line_1_4' title="bbox 104 545 1743 635; baseline 0.003 -25"><span class='ocrx_word' id='word_1_27' title='bbox 104 549 245 630; x_wconf 88' lang='lat' dir='ltr'><strong>precibus</strong></span> <span class='ocrx_word' id='word_1_28' title='bbox 267 545 392 609; x_wconf 87' lang='lat' dir='ltr'><strong>eandem</strong></span> <span class='ocrx_word' id='word_1_29' title='bbox 420 546 478 606; x_wconf 86' lang='lat' dir='ltr'><strong>Dei</strong></span> <span class='ocrx_word' id='word_1_30' title='bbox 498 547 647 625; x_wconf 89' lang='lat' dir='ltr'><strong>praesidio</strong></span> <span class='ocrx_word' id='word_1_31' title='bbox 674 547 796 621; x_wconf 87' lang='lat' dir='ltr'><strong>sultam,</strong></span> <span class='ocrx_word' id='word_1_32' title='bbox 829 549 910 611; x_wconf 88' lang='lat' dir='ltr'><strong>Deo·</strong></span> <span class='ocrx_word' id='word_1_33' title='bbox 967 570 1096 631; x_wconf 74' lang='lat' dir='ltr'><strong>cygnos,</strong></span> <span class='ocrx_word' id='word_1_34' title='bbox 1116 574 1257 632; x_wconf 81' lang='lat' dir='ltr'><strong>anseres,</strong></span> <span class='ocrx_word' id='word_1_35' title='bbox 1281 564 1407 630; x_wconf 89' lang='lat' dir='ltr'><strong>anates,</strong></span> <span class='ocrx_word' id='word_1_36' title='bbox 1436 551 1637 635; x_wconf 84' lang='lat' dir='ltr'><strong>pbssianos,</strong></span> <span class='ocrx_word' id='word_1_37' title='bbox 1660 560 1743 615; x_wconf 73' lang='lat' dir='ltr'><strong>lutus</strong></span> 
     </span>
     <span class='ocr_line' id='line_1_5' title="bbox 105 641 1745 728; baseline 0.002 -24"><span class='ocrx_word' id='word_1_38' title='bbox 105 663 166 724; x_wconf 79' lang='lat' dir='ltr'><strong>que</strong></span> <span class='ocrx_word' id='word_1_39' title='bbox 185 646 337 721; x_wconf 86' lang='lat' dir='ltr'><strong>acceptam</strong></span> <span class='ocrx_word' id='word_1_40' title='bbox 353 641 459 721; x_wconf 85' lang='lat' dir='ltr'><strong>juvare</strong></span> <span class='ocrx_word' id='word_1_41' title='bbox 481 660 539 701; x_wconf 92' lang='lat' dir='ltr'><strong>non</strong></span> <span class='ocrx_word' id='word_1_42' title='bbox 560 661 677 706; x_wconf 88' lang='lat' dir='ltr'><strong>cesses.</strong></span> <span class='ocrx_word' id='word_1_43' title='bbox 694 644 849 722; x_wconf 77' lang='lat' dir='ltr'><strong>lugentem</strong></span> <span class='ocrx_word' id='word_1_44' title='bbox 857 643 910 704; x_wconf 88' lang='lat' dir='ltr'><strong>libi</strong></span> <span class='ocrx_word' id='word_1_45' title='bbox 966 644 1101 726; x_wconf 86' lang='lat' dir='ltr'><strong>aliasque</strong></span> <span class='ocrx_word' id='word_1_46' title='bbox 1132 648 1271 728; x_wconf 84' lang='lat' dir='ltr'><strong>parvulas</strong></span> <span class='ocrx_word' id='word_1_47' title='bbox 1296 648 1442 709; x_wconf 85' lang='lat' dir='ltr'><strong>uolucres</strong></span> <span class='ocrx_word' id='word_1_48' title='bbox 1477 646 1526 707; x_wconf 86' lang='lat' dir='ltr'><strong>ob</strong></span> <span class='ocrx_word' id='word_1_49' title='bbox 1563 652 1745 708; x_wconf 75' lang='lat' dir='ltr'><strong>suanensi</strong></span> 
     </span>
     <span class='ocr_line' id='line_1_6' title="bbox 105 732 1744 822; baseline 0.004 -25"><span class='ocrx_word' id='word_1_50' title='bbox 105 736 230 797; x_wconf 88' lang='lat' dir='ltr'><strong>oaliccur</strong></span> <span class='ocrx_word' id='word_1_51' title='bbox 250 732 432 811; x_wconf 87' lang='lat' dir='ltr'><strong>deauratum,</strong></span> <span class='ocrx_word' id='word_1_52' title='bbox 454 735 584 816; x_wconf 82' lang='lat' dir='ltr'><strong>miroque</strong></span> <span class='ocrx_word' id='word_1_53' title='bbox 604 734 739 812; x_wconf 88' lang='lat' dir='ltr'><strong>ortitioio,</strong></span> <span class='ocrx_word' id='word_1_54' title='bbox 760 746 791 798; x_wconf 88' lang='lat' dir='ltr'><strong>ot</strong></span> <span class='ocrx_word' id='word_1_55' title='bbox 817 737 910 800; x_wconf 79' lang='lat' dir='ltr'><strong>forma</strong></span> <span class='ocrx_word' id='word_1_56' title='bbox 966 743 1142 800; x_wconf 74' lang='lat' dir='ltr'><strong>concentum</strong></span> <span class='ocrx_word' id='word_1_57' title='bbox 1163 740 1253 801; x_wconf 87' lang='lat' dir='ltr'><strong>multo</strong></span> <span class='ocrx_word' id='word_1_58' title='bbox 1280 741 1309 801; x_wconf 91' lang='lat' dir='ltr'><strong>in</strong></span> <span class='ocrx_word' id='word_1_59' title='bbox 1333 740 1436 822; x_wconf 88' lang='lat' dir='ltr'><strong>pretio</strong></span> <span class='ocrx_word' id='word_1_60' title='bbox 1462 739 1615 811; x_wconf 80' lang='lat' dir='ltr'><strong>lrsbitas,</strong></span> <span class='ocrx_word' id='word_1_61' title='bbox 1639 738 1744 821; x_wconf 54' lang='lat' dir='ltr'><strong>ude*</strong></span> 
     </span>
     <span class='ocr_line' id='line_1_7' title="bbox 104 824 1744 915; baseline 0.002 -25"><span class='ocrx_word' id='word_1_62' title='bbox 104 831 277 909; x_wconf 83' lang='lat' dir='ltr'><strong>coopertum</strong></span> <span class='ocrx_word' id='word_1_63' title='bbox 308 824 406 899; x_wconf 84' lang='lat' dir='ltr'><strong>tradit,</strong></span> <span class='ocrx_word' id='word_1_64' title='bbox 437 847 494 888; x_wconf 90' lang='lat' dir='ltr'><strong>nec</strong></span> <span class='ocrx_word' id='word_1_65' title='bbox 522 848 581 888; x_wconf 92' lang='lat' dir='ltr'><strong>non</strong></span> <span class='ocrx_word' id='word_1_66' title='bbox 615 828 750 890; x_wconf 86' lang='lat' dir='ltr'><strong>villosum</strong></span> <span class='ocrx_word' id='word_1_67' title='bbox 780 831 910 891; x_wconf 88' lang='lat' dir='ltr'><strong>sericum</strong></span> <span class='ocrx_word' id='word_1_68' title='bbox 966 837 1105 910; x_wconf 82' lang='lat' dir='ltr'><strong>venator,</strong></span> <span class='ocrx_word' id='word_1_69' title='bbox 1129 835 1179 913; x_wconf 83' lang='lat' dir='ltr'><strong>qul</strong></span> <span class='ocrx_word' id='word_1_70' title='bbox 1200 834 1338 915; x_wconf 83' lang='lat' dir='ltr'><strong>laqueum</strong></span> <span class='ocrx_word' id='word_1_71' title='bbox 1357 833 1515 915; x_wconf 75' lang='lat' dir='ltr'><strong>iptabst‚</strong></span> <span class='ocrx_word' id='word_1_72' title='bbox 1541 831 1707 894; x_wconf 68' lang='lat' dir='ltr'><strong>rebcmuli</strong></span> <span class='ocrx_word' id='word_1_73' title='bbox 1722 852 1744 893; x_wconf 80' lang='lat' dir='ltr'><strong>s</strong></span> 
     </span>
    </p>
   </div>
   <div class='ocr_carea' id='block_1_3' title="bbox 94 921 1800 5200">
    <p class='ocr_par' dir='ltr' id='par_1_3' title="bbox 94 921 1800 5200">
     <span class='ocr_line' id='line_1_8' title="bbox 105 921 1745 1007; baseline 0.003 -25"><span class='ocrx_word' id='word_1_74' title='bbox 105 921 265 993; x_wconf 83' lang='lat' dir='ltr'><strong>Venatum,</strong></span> <span class='ocrx_word' id='word_1_75' title='bbox 298 923 330 979; x_wconf 92' lang='lat' dir='ltr'><strong>ct</strong></span> <span class='ocrx_word' id='word_1_76' title='bbox 359 939 488 998; x_wconf 85' lang='lat' dir='ltr'><strong>pannum</strong></span> <span class='ocrx_word' id='word_1_77' title='bbox 513 921 644 982; x_wconf 86' lang='lat' dir='ltr'><strong>sericum</strong></span> <span class='ocrx_word' id='word_1_78' title='bbox 669 921 708 983; x_wconf 88' lang='lat' dir='ltr'><strong>ad</strong></span> <span class='ocrx_word' id='word_1_79' title='bbox 728 924 823 984; x_wconf 87' lang='lat' dir='ltr'><strong>instar</strong></span> <span class='ocrx_word' id='word_1_80' title='bbox 841 942 908 983; x_wconf 92' lang='lat' dir='ltr'><strong>con·</strong></span> <span class='ocrx_word' id='word_1_81' title='bbox 964 923 1099 1005; x_wconf 89' lang='lat' dir='ltr'><strong>capiendi</strong></span> <span class='ocrx_word' id='word_1_82' title='bbox 1130 925 1259 1007; x_wconf 78' lang='lat' dir='ltr'><strong>llagrans</strong></span> <span class='ocrx_word' id='word_1_83' title='bbox 1289 925 1455 988; x_wconf 86' lang='lat' dir='ltr'><strong>desiderio.</strong></span> <span class='ocrx_word' id='word_1_84' title='bbox 1512 924 1601 987; x_wconf 81' lang='lat' dir='ltr'><strong>ludo</strong></span> <span class='ocrx_word' id='word_1_85' title='bbox 1630 925 1745 987; x_wconf 70' lang='lat' dir='ltr'><strong>stimi</strong></span> 
     </span>
     <span class='ocr_line' id='line_1_9' title="bbox 103 1011 1746 1101; baseline 0.001 -24"><span class='ocrx_word' id='word_1_86' title='bbox 103 1015 182 1078; x_wconf 86' lang='lat' dir='ltr'><strong>texti</strong></span> <span class='ocrx_word' id='word_1_87' title='bbox 203 1034 221 1075; x_wconf 91' lang='lat' dir='ltr'><strong>e</strong></span> <span class='ocrx_word' id='word_1_88' title='bbox 241 1011 320 1075; x_wconf 78' lang='lat' dir='ltr'><strong>villis</strong></span> <span class='ocrx_word' id='word_1_89' title='bbox 340 1014 478 1093; x_wconf 84' lang='lat' dir='ltr'><strong>caprinis,</strong></span> <span class='ocrx_word' id='word_1_90' title='bbox 499 1019 530 1074; x_wconf 91' lang='lat' dir='ltr'><strong>et</strong></span> <span class='ocrx_word' id='word_1_91' title='bbox 548 1034 663 1087; x_wconf 85' lang='lat' dir='ltr'><strong>rasum,</strong></span> <span class='ocrx_word' id='word_1_92' title='bbox 688 1021 720 1076; x_wconf 93' lang='lat' dir='ltr'><strong>et</strong></span> <span class='ocrx_word' id='word_1_93' title='bbox 743 1037 824 1077; x_wconf 83' lang='lat' dir='ltr'><strong>aiore</strong></span> <span class='ocrx_word' id='word_1_94' title='bbox 848 1016 909 1077; x_wconf 86' lang='lat' dir='ltr'><strong>Da·</strong></span> <span class='ocrx_word' id='word_1_95' title='bbox 965 1018 1121 1099; x_wconf 89' lang='lat' dir='ltr'><strong>pristinum</strong></span> <span class='ocrx_word' id='word_1_96' title='bbox 1141 1019 1238 1081; x_wconf 76' lang='lat' dir='ltr'><strong>locun</strong></span> <span class='ocrx_word' id='word_1_97' title='bbox 1257 1020 1414 1095; x_wconf 87' lang='lat' dir='ltr'><strong>concessi,</strong></span> <span class='ocrx_word' id='word_1_98' title='bbox 1439 1038 1583 1101; x_wconf 78' lang='lat' dir='ltr'><strong>unaque</strong></span> <span class='ocrx_word' id='word_1_99' title='bbox 1604 1039 1671 1081; x_wconf 75' lang='lat' dir='ltr'><strong>cun</strong></span> <span class='ocrx_word' id='word_1_100' title='bbox 1685 1024 1746 1079; x_wconf 74' lang='lat' dir='ltr'><strong>ulai</strong></span> 
     </span>
     <span class='ocr_line' id='line_1_10' title="bbox 103 1104 1745 1193; baseline 0.001 -22"><span class='ocrx_word' id='word_1_101' title='bbox 103 1126 245 1171; x_wconf 78' lang='lat' dir='ltr'><strong>nasceno</strong></span> <span class='ocrx_word' id='word_1_102' title='bbox 265 1104 443 1177; x_wconf 86' lang='lat' dir='ltr'><strong>conlectum,</strong></span> <span class='ocrx_word' id='word_1_103' title='bbox 460 1109 620 1188; x_wconf 74' lang='lat' dir='ltr'>pulcraque</span> <span class='ocrx_word' id='word_1_104' title='bbox 638 1104 762 1180; x_wconf 73' lang='lat' dir='ltr'><strong>stadie,</strong></span> <span class='ocrx_word' id='word_1_105' title='bbox 780 1113 811 1170; x_wconf 88' lang='lat' dir='ltr'><strong>et</strong></span> <span class='ocrx_word' id='word_1_106' title='bbox 829 1108 907 1170; x_wconf 89' lang='lat' dir='ltr'><strong>Pon·</strong></span> <span class='ocrx_word' id='word_1_107' title='bbox 964 1110 1129 1193; x_wconf 78' lang='lat' dir='ltr'><strong>Episcopis</strong></span> <span class='ocrx_word' id='word_1_108' title='bbox 1147 1113 1224 1174; x_wconf 92' lang='lat' dir='ltr'><strong>sedi.</strong></span> <span class='ocrx_word' id='word_1_109' title='bbox 1263 1113 1339 1173; x_wconf 89' lang='lat' dir='ltr'><strong>Post</strong></span> <span class='ocrx_word' id='word_1_110' title='bbox 1357 1111 1442 1173; x_wconf 85' lang='lat' dir='ltr'><strong>lrsec</strong></span> <span class='ocrx_word' id='word_1_111' title='bbox 1462 1113 1745 1192; x_wconf 65' lang='lat' dir='ltr'><strong>passurusne</strong></span> 
     </span>
     <span class='ocr_line' id='line_1_11' title="bbox 102 1198 1743 1288; baseline 0.002 -24"><span class='ocrx_word' id='word_1_112' title='bbox 102 1202 154 1264; x_wconf 85' lang='lat' dir='ltr'><strong>tici</strong></span> <span class='ocrx_word' id='word_1_113' title='bbox 174 1200 267 1262; x_wconf 91' lang='lat' dir='ltr'><strong>muris</strong></span> <span class='ocrx_word' id='word_1_114' title='bbox 286 1198 381 1280; x_wconf 90' lang='lat' dir='ltr'><strong>pelles</strong></span> <span class='ocrx_word' id='word_1_115' title='bbox 401 1221 439 1261; x_wconf 83' lang='lat' dir='ltr'><strong>ea</strong></span> <span class='ocrx_word' id='word_1_116' title='bbox 458 1200 591 1273; x_wconf 81' lang='lat' dir='ltr'><strong>Siberis3</strong></span> <span class='ocrx_word' id='word_1_117' title='bbox 610 1201 700 1262; x_wconf 87' lang='lat' dir='ltr'><strong>multa</strong></span> <span class='ocrx_word' id='word_1_118' title='bbox 720 1200 908 1283; x_wconf 87' lang='lat' dir='ltr'><strong>insuperNo·</strong></span> <span class='ocrx_word' id='word_1_119' title='bbox 964 1203 1177 1285; x_wconf 77' lang='lat' dir='ltr'><strong>plurimumque</strong></span> <span class='ocrx_word' id='word_1_120' title='bbox 1205 1208 1271 1268; x_wconf 85' lang='lat' dir='ltr'><strong>Deo</strong></span> <span class='ocrx_word' id='word_1_121' title='bbox 1300 1215 1433 1288; x_wconf 84' lang='lat' dir='ltr'><strong>accepta</strong></span> <span class='ocrx_word' id='word_1_122' title='bbox 1460 1205 1602 1287; x_wconf 83' lang='lat' dir='ltr'><strong>Regina</strong></span> <span class='ocrx_word' id='word_1_123' title='bbox 1634 1207 1743 1268; x_wconf 74' lang='lat' dir='ltr'><strong>lrsaab</strong></span> 
     </span>
     <span class='ocr_line' id='line_1_12' title="bbox 102 1292 1745 1377; baseline 0.004 -22"><span class='ocrx_word' id='word_1_124' title='bbox 102 1296 198 1374; x_wconf 61' lang='lat' dir='ltr'><strong>matie</strong></span> <span class='ocrx_word' id='word_1_125' title='bbox 210 1292 323 1373; x_wconf 81' lang='lat' dir='ltr'><strong>blegne</strong></span> <span class='ocrx_word' id='word_1_126' title='bbox 343 1300 485 1371; x_wconf 83' lang='lat' dir='ltr'><strong>argentea</strong></span> <span class='ocrx_word' id='word_1_127' title='bbox 504 1292 601 1373; x_wconf 84' lang='lat' dir='ltr'><strong>Regis</strong></span> <span class='ocrx_word' id='word_1_128' title='bbox 620 1295 751 1375; x_wconf 79' lang='lat' dir='ltr'><strong>imagine</strong></span> <span class='ocrx_word' id='word_1_129' title='bbox 762 1296 909 1377; x_wconf 84' lang='lat' dir='ltr'><strong>impressa</strong></span> <span class='ocrx_word' id='word_1_130' title='bbox 965 1297 1088 1359; x_wconf 82' lang='lat' dir='ltr'><strong>milliara</strong></span> <span class='ocrx_word' id='word_1_131' title='bbox 1117 1298 1212 1362; x_wconf 84' lang='lat' dir='ltr'><strong>loma</strong></span> <span class='ocrx_word' id='word_1_132' title='bbox 1235 1301 1340 1361; x_wconf 84' lang='lat' dir='ltr'><strong>tristes</strong></span> <span class='ocrx_word' id='word_1_133' title='bbox 1364 1301 1483 1360; x_wconf 87' lang='lat' dir='ltr'><strong>lterum</strong></span> <span class='ocrx_word' id='word_1_134' title='bbox 1515 1320 1565 1362; x_wconf 83' lang='lat' dir='ltr'><strong>ex</strong></span> <span class='ocrx_word' id='word_1_135' title='bbox 1597 1300 1685 1361; x_wconf 89' lang='lat' dir='ltr'><strong>corde</strong></span> <span class='ocrx_word' id='word_1_136' title='bbox 1706 1300 1745 1361; x_wconf 72' lang='lat' dir='ltr'><strong>iad</strong></span> 
     </span>
     <span class='ocr_line' id='line_1_13' title="bbox 102 1386 1748 1475; baseline 0.003 -25"><span class='ocrx_word' id='word_1_137' title='bbox 102 1387 233 1468; x_wconf 81' lang='lat' dir='ltr'><strong>largitur,</strong></span> <span class='ocrx_word' id='word_1_138' title='bbox 253 1394 287 1448; x_wconf 90' lang='lat' dir='ltr'><strong>ut</strong></span> <span class='ocrx_word' id='word_1_139' title='bbox 300 1387 369 1468; x_wconf 87' lang='lat' dir='ltr'><strong>ipsi,</strong></span> <span class='ocrx_word' id='word_1_140' title='bbox 389 1386 526 1467; x_wconf 81' lang='lat' dir='ltr'><strong>Regique</strong></span> <span class='ocrx_word' id='word_1_141' title='bbox 546 1386 721 1466; x_wconf 78' lang='lat' dir='ltr'><strong>longaevam</strong></span> <span class='ocrx_word' id='word_1_142' title='bbox 739 1390 839 1465; x_wconf 82' lang='lat' dir='ltr'><strong>ritum,</strong></span> <span class='ocrx_word' id='word_1_143' title='bbox 864 1390 909 1450; x_wconf 88' lang='lat' dir='ltr'><strong>lir-</strong></span> <span class='ocrx_word' id='word_1_144' title='bbox 965 1410 1063 1452; x_wconf 85' lang='lat' dir='ltr'><strong>coram</strong></span> <span class='ocrx_word' id='word_1_145' title='bbox 1082 1393 1219 1454; x_wconf 68' lang='lat' dir='ltr'><strong>omnibus</strong></span> <span class='ocrx_word' id='word_1_146' title='bbox 1237 1412 1412 1468; x_wconf 85' lang='lat' dir='ltr'><strong>sermones,</strong></span> <span class='ocrx_word' id='word_1_147' title='bbox 1439 1394 1590 1474; x_wconf 86' lang='lat' dir='ltr'><strong>primum</strong></span> <span class='ocrx_word' id='word_1_148' title='bbox 1617 1394 1748 1475; x_wconf 64' lang='lat' dir='ltr'><strong>paim</strong></span> 
     </span>
     <span class='ocr_line' id='line_1_14' title="bbox 103 1479 1746 1569; baseline 0.004 -28"><span class='ocrx_word' id='word_1_149' title='bbox 103 1500 243 1560; x_wconf 83' lang='lat' dir='ltr'><strong>mamque</strong></span> <span class='ocrx_word' id='word_1_150' title='bbox 260 1479 459 1541; x_wconf 85' lang='lat' dir='ltr'><strong>valetudinem</strong></span> <span class='ocrx_word' id='word_1_151' title='bbox 480 1482 620 1561; x_wconf 89' lang='lat' dir='ltr'><strong>preceris,</strong></span> <span class='ocrx_word' id='word_1_152' title='bbox 639 1483 777 1564; x_wconf 83' lang='lat' dir='ltr'><strong>rotisque</strong></span> <span class='ocrx_word' id='word_1_153' title='bbox 796 1484 857 1543; x_wconf 87' lang='lat' dir='ltr'><strong>tuls</strong></span> <span class='ocrx_word' id='word_1_154' title='bbox 878 1483 909 1542; x_wconf 88' lang='lat' dir='ltr'><strong>li·</strong></span> <span class='ocrx_word' id='word_1_155' title='bbox 965 1482 1178 1561; x_wconf 82' lang='lat' dir='ltr'><strong>Patriarclram,</strong></span> <span class='ocrx_word' id='word_1_156' title='bbox 1198 1490 1260 1548; x_wconf 82' lang='lat' dir='ltr'><strong>turn</strong></span> <span class='ocrx_word' id='word_1_157' title='bbox 1280 1485 1521 1568; x_wconf 83' lang='lat' dir='ltr'><strong>adEpiscopos</strong></span> <span class='ocrx_word' id='word_1_158' title='bbox 1533 1488 1678 1569; x_wconf 75' lang='lat' dir='ltr'><strong>singulos</strong></span> <span class='ocrx_word' id='word_1_159' title='bbox 1692 1508 1746 1549; x_wconf 86' lang='lat' dir='ltr'><strong>rrrr·</strong></span> 
     </span>
     <span class='ocr_line' id='line_1_15' title="bbox 103 1572 1748 1661; baseline 0.005 -26"><span class='ocrx_word' id='word_1_160' title='bbox 103 1574 177 1644; x_wconf 83' lang='lat' dir='ltr'><strong>lios,</strong></span> <span class='ocrx_word' id='word_1_161' title='bbox 202 1574 339 1654; x_wconf 85' lang='lat' dir='ltr'><strong>liliasquo</strong></span> <span class='ocrx_word' id='word_1_162' title='bbox 367 1595 385 1633; x_wconf 89' lang='lat' dir='ltr'><strong>a</strong></span> <span class='ocrx_word' id='word_1_163' title='bbox 414 1572 483 1634; x_wconf 88' lang='lat' dir='ltr'><strong>Deo</strong></span> <span class='ocrx_word' id='word_1_164' title='bbox 515 1574 667 1654; x_wconf 76' lang='lat' dir='ltr'><strong>impetres.</strong></span> <span class='ocrx_word' id='word_1_165' title='bbox 716 1575 910 1657; x_wconf 84' lang='lat' dir='ltr'><strong>Metropolita</strong></span> <span class='ocrx_word' id='word_1_166' title='bbox 965 1576 1034 1637; x_wconf 90' lang='lat' dir='ltr'><strong>dinc</strong></span> <span class='ocrx_word' id='word_1_167' title='bbox 1066 1599 1219 1641; x_wconf 85' lang='lat' dir='ltr'><strong>conversa.</strong></span> <span class='ocrx_word' id='word_1_168' title='bbox 1271 1579 1401 1641; x_wconf 89' lang='lat' dir='ltr'><strong>Domine</strong></span> <span class='ocrx_word' id='word_1_169' title='bbox 1439 1581 1484 1641; x_wconf 88' lang='lat' dir='ltr'><strong>mi</strong></span> <span class='ocrx_word' id='word_1_170' title='bbox 1517 1580 1660 1656; x_wconf 84' lang='lat' dir='ltr'><strong>Sancte,</strong></span> <span class='ocrx_word' id='word_1_171' title='bbox 1689 1582 1748 1661; x_wconf 74' lang='lat' dir='ltr'><strong>ispi</strong></span> 
     </span>
     <span class='ocr_line' id='line_1_16' title="bbox 104 1666 1748 1756; baseline 0.005 -27"><span class='ocrx_word' id='word_1_172' title='bbox 104 1668 191 1730; x_wconf 88' lang='lat' dir='ltr'><strong>cletis</strong></span> <span class='ocrx_word' id='word_1_173' title='bbox 212 1667 241 1727; x_wconf 92' lang='lat' dir='ltr'><strong>in</strong></span> <span class='ocrx_word' id='word_1_174' title='bbox 263 1666 377 1728; x_wconf 75' lang='lat' dir='ltr'><strong>coelun</strong></span> <span class='ocrx_word' id='word_1_175' title='bbox 405 1667 512 1743; x_wconf 91' lang='lat' dir='ltr'><strong>oculis,</strong></span> <span class='ocrx_word' id='word_1_176' title='bbox 537 1666 689 1746; x_wconf 78' lang='lat' dir='ltr'><strong>Reginae,</strong></span> <span class='ocrx_word' id='word_1_177' title='bbox 719 1671 908 1749; x_wconf 75' lang='lat' dir='ltr'><strong>maximoque</strong></span> <span class='ocrx_word' id='word_1_178' title='bbox 963 1669 1096 1732; x_wconf 78' lang='lat' dir='ltr'><strong>Maxime</strong></span> <span class='ocrx_word' id='word_1_179' title='bbox 1114 1671 1304 1745; x_wconf 77' lang='lat' dir='ltr'><strong>patriarcba,</strong></span> <span class='ocrx_word' id='word_1_180' title='bbox 1334 1671 1432 1735; x_wconf 85' lang='lat' dir='ltr'><strong>Pater</strong></span> <span class='ocrx_word' id='word_1_181' title='bbox 1465 1679 1620 1756; x_wconf 72' lang='lat' dir='ltr'><strong>patrum,</strong></span> <span class='ocrx_word' id='word_1_182' title='bbox 1647 1676 1748 1753; x_wconf 61' lang='lat' dir='ltr'><strong>celeri!</strong></span> 
     </span>
     <span class='ocr_line' id='line_1_17' title="bbox 100 1759 1749 1845; baseline 0.006 -23"><span class='ocrx_word' id='word_1_183' title='bbox 100 1761 181 1841; x_wconf 76' lang='lat' dir='ltr'><strong>Regi</strong></span> <span class='ocrx_word' id='word_1_184' title='bbox 195 1759 295 1823; x_wconf 80' lang='lat' dir='ltr'><strong>fausta</strong></span> <span class='ocrx_word' id='word_1_185' title='bbox 314 1764 456 1842; x_wconf 90' lang='lat' dir='ltr'><strong>precatus</strong></span> <span class='ocrx_word' id='word_1_186' title='bbox 469 1766 527 1832; x_wconf 84' lang='lat' dir='ltr'><strong>est,</strong></span> <span class='ocrx_word' id='word_1_187' title='bbox 536 1766 599 1822; x_wconf 90' lang='lat' dir='ltr'><strong>tum</strong></span> <span class='ocrx_word' id='word_1_188' title='bbox 609 1762 669 1842; x_wconf 91' lang='lat' dir='ltr'><strong>ipsi</strong></span> <span class='ocrx_word' id='word_1_189' title='bbox 680 1760 908 1834; x_wconf 78' lang='lat' dir='ltr'><strong>Sanctissimae,</strong></span> <span class='ocrx_word' id='word_1_190' title='bbox 964 1762 1083 1825; x_wconf 73' lang='lat' dir='ltr'><strong>Domini</strong></span> <span class='ocrx_word' id='word_1_191' title='bbox 1105 1766 1160 1824; x_wconf 86' lang='lat' dir='ltr'><strong>urei</strong></span> <span class='ocrx_word' id='word_1_192' title='bbox 1173 1764 1388 1844; x_wconf 86' lang='lat' dir='ltr'><strong>Episcoporum</strong></span> <span class='ocrx_word' id='word_1_193' title='bbox 1410 1766 1631 1845; x_wconf 77' lang='lat' dir='ltr'><strong>celeberrini,</strong></span> <span class='ocrx_word' id='word_1_194' title='bbox 1650 1768 1749 1832; x_wconf 71' lang='lat' dir='ltr'><strong>altis&#39;-</strong></span> 
     </span>
     <span class='ocr_line' id='line_1_18' title="bbox 102 1852 1749 1941; baseline 0.002 -22"><span class='ocrx_word' id='word_1_195' title='bbox 102 1856 314 1936; x_wconf 85' lang='lat' dir='ltr'><strong>piissimaeque</strong></span> <span class='ocrx_word' id='word_1_196' title='bbox 338 1852 474 1933; x_wconf 83' lang='lat' dir='ltr'><strong>Reginae</strong></span> <span class='ocrx_word' id='word_1_197' title='bbox 501 1856 578 1916; x_wconf 87' lang='lat' dir='ltr'><strong>lreni</strong></span> <span class='ocrx_word' id='word_1_198' title='bbox 603 1875 747 1916; x_wconf 80' lang='lat' dir='ltr'><strong>summanr</strong></span> <span class='ocrx_word' id='word_1_199' title='bbox 774 1854 909 1917; x_wconf 77' lang='lat' dir='ltr'>adhibuit</span> <span class='ocrx_word' id='word_1_200' title='bbox 964 1858 1091 1939; x_wconf 87' lang='lat' dir='ltr'><strong>accepti,</strong></span> <span class='ocrx_word' id='word_1_201' title='bbox 1112 1857 1232 1938; x_wconf 84' lang='lat' dir='ltr'><strong>Deique</strong></span> <span class='ocrx_word' id='word_1_202' title='bbox 1251 1860 1353 1941; x_wconf 77' lang='lat' dir='ltr'><strong>optlni</strong></span> <span class='ocrx_word' id='word_1_203' title='bbox 1372 1861 1502 1922; x_wconf 72' lang='lat' dir='ltr'><strong>araxi-i</strong></span> <span class='ocrx_word' id='word_1_204' title='bbox 1528 1861 1684 1937; x_wconf 73' lang='lat' dir='ltr'><strong>cultum,</strong></span> <span class='ocrx_word' id='word_1_205' title='bbox 1697 1866 1749 1940; x_wconf 68' lang='lat' dir='ltr'><strong>dp</strong></span> 
     </span>
     <span class='ocr_line' id='line_1_19' title="bbox 101 1947 1751 2033; baseline 0.004 -24"><span class='ocrx_word' id='word_1_206' title='bbox 101 1947 306 2011; x_wconf 82' lang='lat' dir='ltr'><strong>reverentiam.</strong></span> <span class='ocrx_word' id='word_1_207' title='bbox 964 1952 1102 2024; x_wconf 80' lang='lat' dir='ltr'><strong>ministri,</strong></span> <span class='ocrx_word' id='word_1_208' title='bbox 1127 1952 1177 2033; x_wconf 76' lang='lat' dir='ltr'><strong>qui</strong></span> <span class='ocrx_word' id='word_1_209' title='bbox 1197 1950 1350 2031; x_wconf 85' lang='lat' dir='ltr'><strong>plurimum</strong></span> <span class='ocrx_word' id='word_1_210' title='bbox 1369 1952 1454 2032; x_wconf 88' lang='lat' dir='ltr'><strong>apud</strong></span> <span class='ocrx_word' id='word_1_211' title='bbox 1476 1952 1608 2027; x_wconf 84' lang='lat' dir='ltr'><strong>Deum,</strong></span> <span class='ocrx_word' id='word_1_212' title='bbox 1630 1954 1751 2017; x_wconf 65' lang='lat' dir='ltr'><strong>&amp;aas</strong></span> 
     </span>
     <span class='ocr_line' id='line_1_20' title="bbox 179 2039 1749 2125; baseline 0.003 -22"><span class='ocrx_word' id='word_1_213' title='bbox 179 2039 281 2103; x_wconf 82' lang='lat' dir='ltr'><strong>&#39;l&#39;ertio</strong></span> <span class='ocrx_word' id='word_1_214' title='bbox 300 2040 370 2101; x_wconf 90' lang='lat' dir='ltr'><strong>loco</strong></span> <span class='ocrx_word' id='word_1_215' title='bbox 390 2041 569 2103; x_wconf 76' lang='lat' dir='ltr'><strong>venerabilis</strong></span> <span class='ocrx_word' id='word_1_216' title='bbox 590 2062 686 2104; x_wconf 86' lang='lat' dir='ltr'><strong>senex</strong></span> <span class='ocrx_word' id='word_1_217' title='bbox 704 2041 745 2102; x_wconf 88' lang='lat' dir='ltr'><strong>ad</strong></span> <span class='ocrx_word' id='word_1_218' title='bbox 764 2062 813 2103; x_wconf 91' lang='lat' dir='ltr'><strong>mo</strong></span> <span class='ocrx_word' id='word_1_219' title='bbox 837 2041 906 2124; x_wconf 85' lang='lat' dir='ltr'><strong>Epi·</strong></span> <span class='ocrx_word' id='word_1_220' title='bbox 934 2076 936 2087; x_wconf 82' lang='lat'><em>=</em></span> <span class='ocrx_word' id='word_1_221' title='bbox 963 2064 1042 2104; x_wconf 88' lang='lat' dir='ltr'><strong>marn</strong></span> <span class='ocrx_word' id='word_1_222' title='bbox 1064 2045 1219 2125; x_wconf 78' lang='lat' dir='ltr'><strong>l&#39;irgineur,</strong></span> <span class='ocrx_word' id='word_1_223' title='bbox 1238 2052 1424 2125; x_wconf 79' lang='lat' dir='ltr'><strong>sanctosque</strong></span> <span class='ocrx_word' id='word_1_224' title='bbox 1444 2066 1569 2110; x_wconf 85' lang='lat' dir='ltr'><strong>omnes</strong></span> <span class='ocrx_word' id='word_1_225' title='bbox 1594 2048 1705 2111; x_wconf 75' lang='lat' dir='ltr'><strong>Domini</strong></span> <span class='ocrx_word' id='word_1_226' title='bbox 1717 2046 1749 2107; x_wconf 77' lang='lat' dir='ltr'><strong>od</strong></span> 
     </span>
     <span class='ocr_line' id='line_1_21' title="bbox 101 2135 1751 2223; baseline 0.005 -26"><span class='ocrx_word' id='word_1_227' title='bbox 101 2153 261 2216; x_wconf 89' lang='lat' dir='ltr'><strong>scopomm</strong></span> <span class='ocrx_word' id='word_1_228' title='bbox 292 2135 422 2195; x_wconf 71' lang='lat' dir='ltr'><strong>omnium</strong></span> <span class='ocrx_word' id='word_1_229' title='bbox 454 2136 603 2197; x_wconf 78' lang='lat' dir='ltr'><strong>minimum</strong></span> <span class='ocrx_word' id='word_1_230' title='bbox 635 2156 803 2197; x_wconf 81' lang='lat' dir='ltr'><strong>sermonem</strong></span> <span class='ocrx_word' id='word_1_231' title='bbox 838 2157 905 2195; x_wconf 92' lang='lat' dir='ltr'><strong>con·</strong></span> <span class='ocrx_word' id='word_1_232' title='bbox 963 2143 1059 2209; x_wconf 89' lang='lat' dir='ltr'><strong>tores,</strong></span> <span class='ocrx_word' id='word_1_233' title='bbox 1086 2139 1225 2217; x_wconf 84' lang='lat' dir='ltr'><strong>gloriam,</strong></span> <span class='ocrx_word' id='word_1_234' title='bbox 1255 2144 1287 2200; x_wconf 90' lang='lat' dir='ltr'><strong>et</strong></span> <span class='ocrx_word' id='word_1_235' title='bbox 1322 2137 1486 2216; x_wconf 68' lang='lat' dir='ltr'><strong>bonorem,</strong></span> <span class='ocrx_word' id='word_1_236' title='bbox 1524 2145 1627 2223; x_wconf 76' lang='lat' dir='ltr'><strong>atque</strong></span> <span class='ocrx_word' id='word_1_237' title='bbox 1654 2158 1751 2205; x_wconf 72' lang='lat' dir='ltr'><strong>eoru·</strong></span> 
     </span>
     <span class='ocr_line' id='line_1_22' title="bbox 102 2226 1751 2313; baseline 0.005 -23"><span class='ocrx_word' id='word_1_238' title='bbox 102 2229 199 2290; x_wconf 82' lang='lat' dir='ltr'><strong>vertit.</strong></span> <span class='ocrx_word' id='word_1_239' title='bbox 221 2226 401 2300; x_wconf 84' lang='lat' dir='ltr'><strong>Humillime,</strong></span> <span class='ocrx_word' id='word_1_240' title='bbox 421 2229 472 2304; x_wconf 89' lang='lat' dir='ltr'><strong>ait,</strong></span> <span class='ocrx_word' id='word_1_241' title='bbox 493 2228 644 2311; x_wconf 76' lang='lat' dir='ltr'><strong>Episcopo</strong></span> <span class='ocrx_word' id='word_1_242' title='bbox 671 2228 840 2306; x_wconf 64' lang='lat' dir='ltr'><strong>massonis,</strong></span> <span class='ocrx_word' id='word_1_243' title='bbox 860 2250 906 2292; x_wconf 86' lang='lat' dir='ltr'><strong>ce·</strong></span> <span class='ocrx_word' id='word_1_244' title='bbox 934 2252 937 2279; x_wconf 79' lang='lat'><em>¹</em></span> <span class='ocrx_word' id='word_1_245' title='bbox 963 2232 1147 2312; x_wconf 86' lang='lat' dir='ltr'><strong>promeritos,</strong></span> <span class='ocrx_word' id='word_1_246' title='bbox 1167 2233 1262 2311; x_wconf 80' lang='lat' dir='ltr'><strong>gratia</strong></span> <span class='ocrx_word' id='word_1_247' title='bbox 1282 2232 1399 2308; x_wconf 84' lang='lat' dir='ltr'><strong>valetis,</strong></span> <span class='ocrx_word' id='word_1_248' title='bbox 1426 2239 1462 2293; x_wconf 90' lang='lat' dir='ltr'><strong>et</strong></span> <span class='ocrx_word' id='word_1_249' title='bbox 1480 2254 1562 2295; x_wconf 80' lang='lat' dir='ltr'><strong>curs</strong></span> <span class='ocrx_word' id='word_1_250' title='bbox 1587 2238 1628 2298; x_wconf 89' lang='lat' dir='ltr'><strong>iis</strong></span> <span class='ocrx_word' id='word_1_251' title='bbox 1645 2236 1751 2313; x_wconf 61' lang='grc' dir='ltr'><strong>εοΙΙιῄ</strong></span> 
     </span>
     <span class='ocr_line' id='line_1_23' title="bbox 102 2321 1752 2406; baseline 0.005 -25"><span class='ocrx_word' id='word_1_252' title='bbox 102 2321 320 2384; x_wconf 86' lang='lat' dir='ltr'><strong>lobratissimae</strong></span> <span class='ocrx_word' id='word_1_253' title='bbox 337 2321 485 2400; x_wconf 82' lang='lat' dir='ltr'><strong>regionis,</strong></span> <span class='ocrx_word' id='word_1_254' title='bbox 515 2342 593 2403; x_wconf 87' lang='lat' dir='ltr'><strong>quae</strong></span> <span class='ocrx_word' id='word_1_255' title='bbox 620 2344 711 2405; x_wconf 90' lang='lat' dir='ltr'><strong>prope</strong></span> <span class='ocrx_word' id='word_1_256' title='bbox 738 2322 906 2399; x_wconf 85' lang='lat' dir='ltr'><strong>Helladem,</strong></span> <span class='ocrx_word' id='word_1_257' title='bbox 963 2323 1115 2397; x_wconf 83' lang='lat' dir='ltr'><strong>confertis,</strong></span> <span class='ocrx_word' id='word_1_258' title='bbox 1136 2346 1187 2385; x_wconf 92' lang='lat' dir='ltr'><strong>oro</strong></span> <span class='ocrx_word' id='word_1_259' title='bbox 1206 2345 1277 2397; x_wconf 84' lang='lat' dir='ltr'><strong>ros,</strong></span> <span class='ocrx_word' id='word_1_260' title='bbox 1302 2324 1509 2406; x_wconf 79' lang='lat' dir='ltr'><strong>obtestorque</strong></span> <span class='ocrx_word' id='word_1_261' title='bbox 1541 2330 1676 2389; x_wconf 73' lang='lat' dir='ltr'><strong>mxima</strong></span> <span class='ocrx_word' id='word_1_262' title='bbox 1695 2328 1752 2389; x_wconf 69' lang='lat' dir='ltr'><strong>ui</strong></span> 
     </span>
     <span class='ocr_line' id='line_1_24' title="bbox 102 2413 1779 2501; baseline 0.005 -25"><span class='ocrx_word' id='word_1_263' title='bbox 102 2414 153 2477; x_wconf 92' lang='lat' dir='ltr'><strong>ubi</strong></span> <span class='ocrx_word' id='word_1_264' title='bbox 174 2414 340 2496; x_wconf 80' lang='lat' dir='ltr'><strong>sapientum</strong></span> <span class='ocrx_word' id='word_1_265' title='bbox 365 2413 473 2493; x_wconf 79' lang='lat' dir='ltr'><strong>gloria,</strong></span> <span class='ocrx_word' id='word_1_266' title='bbox 500 2424 531 2476; x_wconf 87' lang='lat' dir='ltr'><strong>et</strong></span> <span class='ocrx_word' id='word_1_267' title='bbox 556 2422 705 2476; x_wconf 87' lang='lat' dir='ltr'><strong>oratomm</strong></span> <span class='ocrx_word' id='word_1_268' title='bbox 731 2415 841 2492; x_wconf 90' lang='lat' dir='ltr'><strong>deeus,</strong></span> <span class='ocrx_word' id='word_1_269' title='bbox 865 2417 906 2478; x_wconf 90' lang='lat' dir='ltr'><strong>ad</strong></span> <span class='ocrx_word' id='word_1_270' title='bbox 963 2419 1154 2479; x_wconf 74' lang='lat' dir='ltr'><strong>veneratione</strong></span> <span class='ocrx_word' id='word_1_271' title='bbox 1183 2423 1274 2500; x_wconf 86' lang='lat' dir='ltr'><strong>alque</strong></span> <span class='ocrx_word' id='word_1_272' title='bbox 1294 2418 1395 2479; x_wconf 75' lang='lat' dir='ltr'><strong>lutino</strong></span> <span class='ocrx_word' id='word_1_273' title='bbox 1429 2418 1545 2482; x_wconf 87' lang='lat' dir='ltr'><strong>cordis</strong></span> <span class='ocrx_word' id='word_1_274' title='bbox 1580 2424 1703 2501; x_wconf 75' lang='lat' dir='ltr'><strong>genitu.</strong></span> <span class='ocrx_word' id='word_1_275' title='bbox 1723 2440 1779 2499; x_wconf 70' lang='lat' dir='ltr'><strong>p.</strong></span> 
     </span>
     <span class='ocr_line' id='line_1_25' title="bbox 102 2505 1754 2592; baseline 0.002 -24"><span class='ocrx_word' id='word_1_276' title='bbox 102 2506 199 2592; x_wconf 88' lang='lat' dir='ltr'><strong>pedes</strong></span> <span class='ocrx_word' id='word_1_277' title='bbox 232 2526 337 2585; x_wconf 83' lang='lat' dir='ltr'><strong>nempe</strong></span> <span class='ocrx_word' id='word_1_278' title='bbox 370 2505 509 2590; x_wconf 77' lang='lat' dir='ltr'><strong>Olumpi,</strong></span> <span class='ocrx_word' id='word_1_279' title='bbox 541 2507 747 2570; x_wconf 86' lang='lat' dir='ltr'><strong>Occidentalis</strong></span> <span class='ocrx_word' id='word_1_280' title='bbox 779 2508 906 2589; x_wconf 79' lang='lat' dir='ltr'><strong>quidem,</strong></span> <span class='ocrx_word' id='word_1_281' title='bbox 963 2509 1059 2590; x_wconf 78' lang='lat' dir='ltr'><strong>Rogo,</strong></span> <span class='ocrx_word' id='word_1_282' title='bbox 1078 2532 1115 2572; x_wconf 90' lang='lat' dir='ltr'><strong>ao</strong></span> <span class='ocrx_word' id='word_1_283' title='bbox 1135 2530 1189 2592; x_wconf 93' lang='lat' dir='ltr'><strong>pro</strong></span> <span class='ocrx_word' id='word_1_284' title='bbox 1210 2530 1259 2571; x_wconf 90' lang='lat' dir='ltr'><strong>me</strong></span> <span class='ocrx_word' id='word_1_285' title='bbox 1278 2511 1557 2575; x_wconf 67' lang='lat' dir='ltr'><strong>minitans-strum</strong></span> <span class='ocrx_word' id='word_1_286' title='bbox 1582 2512 1754 2577; x_wconf 68' lang='lat' dir='ltr'><strong>onuinih</strong></span> 
     </span>
     <span class='ocr_line' id='line_1_26' title="bbox 102 2598 1755 2690; baseline 0 -27"><span class='ocrx_word' id='word_1_287' title='bbox 102 2622 161 2663; x_wconf 87' lang='lat' dir='ltr'><strong>uon</strong></span> <span class='ocrx_word' id='word_1_288' title='bbox 181 2621 252 2665; x_wconf 81' lang='lat' dir='ltr'><strong>vero</strong></span> <span class='ocrx_word' id='word_1_289' title='bbox 271 2598 409 2660; x_wconf 73' lang='lat' dir='ltr'><strong>Asiatici.</strong></span> <span class='ocrx_word' id='word_1_290' title='bbox 443 2600 528 2660; x_wconf 91' lang='lat' dir='ltr'><strong>lrene</strong></span> <span class='ocrx_word' id='word_1_291' title='bbox 549 2599 696 2673; x_wconf 88' lang='lat' dir='ltr'><strong>Orientis,</strong></span> <span class='ocrx_word' id='word_1_292' title='bbox 716 2606 805 2682; x_wconf 87' lang='lat' dir='ltr'><strong>atquo</strong></span> <span class='ocrx_word' id='word_1_293' title='bbox 818 2600 906 2663; x_wconf 84' lang='lat' dir='ltr'><strong>Occi·</strong></span> <span class='ocrx_word' id='word_1_294' title='bbox 963 2603 1081 2682; x_wconf 80' lang='lat' dir='ltr'><strong>Regina</strong></span> <span class='ocrx_word' id='word_1_295' title='bbox 1093 2602 1191 2663; x_wconf 86' lang='lat' dir='ltr'><strong>Deum</strong></span> <span class='ocrx_word' id='word_1_296' title='bbox 1213 2604 1290 2664; x_wconf 83' lang='lat' dir='ltr'><strong>ouini</strong></span> <span class='ocrx_word' id='word_1_297' title='bbox 1311 2602 1410 2664; x_wconf 92' lang='lat' dir='ltr'><strong>studio</strong></span> <span class='ocrx_word' id='word_1_298' title='bbox 1432 2610 1538 2677; x_wconf 84' lang='lat' dir='ltr'><strong>orate,</strong></span> <span class='ocrx_word' id='word_1_299' title='bbox 1561 2614 1599 2668; x_wconf 87' lang='lat' dir='ltr'><strong>ut</strong></span> <span class='ocrx_word' id='word_1_300' title='bbox 1619 2626 1755 2690; x_wconf 65' lang='lat' dir='ltr'><strong>precare</strong></span> 
     </span>
     <span class='ocr_line' id='line_1_27' title="bbox 101 2690 1755 2780; baseline 0.001 -23"><span class='ocrx_word' id='word_1_301' title='bbox 101 2693 218 2770; x_wconf 87' lang='lat' dir='ltr'><strong>dentis,</strong></span> <span class='ocrx_word' id='word_1_302' title='bbox 257 2690 493 2765; x_wconf 86' lang='lat' dir='ltr'><strong>Volodimeriae,</strong></span> <span class='ocrx_word' id='word_1_303' title='bbox 529 2692 715 2765; x_wconf 77' lang='lat' dir='ltr'><strong>Moscoriae,</strong></span> <span class='ocrx_word' id='word_1_304' title='bbox 755 2696 906 2776; x_wconf 81' lang='lat' dir='ltr'><strong>totiusque</strong></span> <span class='ocrx_word' id='word_1_305' title='bbox 963 2703 1043 2758; x_wconf 89' lang='lat' dir='ltr'><strong>stras</strong></span> <span class='ocrx_word' id='word_1_306' title='bbox 1063 2695 1191 2775; x_wconf 78' lang='lat' dir='ltr'><strong>benigne</strong></span> <span class='ocrx_word' id='word_1_307' title='bbox 1211 2697 1364 2777; x_wconf 82' lang='lat' dir='ltr'><strong>excipiens</strong></span> <span class='ocrx_word' id='word_1_308' title='bbox 1390 2697 1483 2757; x_wconf 88' lang='lat' dir='ltr'><strong>nobis</strong></span> <span class='ocrx_word' id='word_1_309' title='bbox 1512 2699 1596 2762; x_wconf 86' lang='lat' dir='ltr'><strong>liliis</strong></span> <span class='ocrx_word' id='word_1_310' title='bbox 1620 2702 1714 2780; x_wconf 62' lang='lat' dir='ltr'><strong>uticus</strong></span> <span class='ocrx_word' id='word_1_311' title='bbox 1727 2718 1755 2757; x_wconf 79' lang='lat' dir='ltr'><strong>re</strong></span> 
     </span>
     <span class='ocr_line' id='line_1_28' title="bbox 101 2784 1758 2875; baseline 0.002 -24"><span class='ocrx_word' id='word_1_312' title='bbox 101 2787 235 2851; x_wconf 79' lang='lat' dir='ltr'><strong>Russlae</strong></span> <span class='ocrx_word' id='word_1_313' title='bbox 253 2784 372 2864; x_wconf 76' lang='lat' dir='ltr'><strong>Regina</strong></span> <span class='ocrx_word' id='word_1_314' title='bbox 399 2786 529 2865; x_wconf 89' lang='lat' dir='ltr'><strong>plurimis</strong></span> <span class='ocrx_word' id='word_1_315' title='bbox 561 2793 592 2848; x_wconf 90' lang='lat' dir='ltr'><strong>to</strong></span> <span class='ocrx_word' id='word_1_316' title='bbox 622 2788 786 2863; x_wconf 82' lang='lat' dir='ltr'><strong>beneficiis,</strong></span> <span class='ocrx_word' id='word_1_317' title='bbox 816 2795 906 2868; x_wconf 85' lang='lat' dir='ltr'><strong>alque</strong></span> <span class='ocrx_word' id='word_1_318' title='bbox 963 2791 1034 2851; x_wconf 87' lang='lat' dir='ltr'><strong>stris</strong></span> <span class='ocrx_word' id='word_1_319' title='bbox 1056 2795 1154 2850; x_wconf 82' lang='lat' dir='ltr'><strong>natura</strong></span> <span class='ocrx_word' id='word_1_320' title='bbox 1183 2787 1343 2860; x_wconf 85' lang='lat' dir='ltr'><strong>concedat,</strong></span> <span class='ocrx_word' id='word_1_321' title='bbox 1372 2808 1666 2875; x_wconf 70' lang='lat' dir='ltr'><strong>successoremque</strong></span> <span class='ocrx_word' id='word_1_322' title='bbox 1693 2792 1758 2873; x_wconf 66' lang='lat' dir='ltr'><strong>h&#39;p</strong></span> 
     </span>
     <span class='ocr_line' id='line_1_29' title="bbox 99 2880 1757 2968; baseline 0.002 -25"><span class='ocrx_word' id='word_1_323' title='bbox 99 2881 273 2944; x_wconf 74' lang='lat' dir='ltr'><strong>munoribus</strong></span> <span class='ocrx_word' id='word_1_324' title='bbox 293 2884 427 2955; x_wconf 86' lang='lat' dir='ltr'><strong>exornat,</strong></span> <span class='ocrx_word' id='word_1_325' title='bbox 447 2883 480 2938; x_wconf 91' lang='lat' dir='ltr'><strong>ut</strong></span> <span class='ocrx_word' id='word_1_326' title='bbox 505 2900 559 2960; x_wconf 93' lang='lat' dir='ltr'><strong>pro</strong></span> <span class='ocrx_word' id='word_1_327' title='bbox 585 2902 651 2953; x_wconf 86' lang='lat' dir='ltr'><strong>sua,</strong></span> <span class='ocrx_word' id='word_1_328' title='bbox 677 2880 833 2961; x_wconf 83' lang='lat' dir='ltr'><strong>Regisque</strong></span> <span class='ocrx_word' id='word_1_329' title='bbox 859 2902 906 2943; x_wconf 92' lang='lat' dir='ltr'><strong>sa·</strong></span> <span class='ocrx_word' id='word_1_330' title='bbox 963 2884 1062 2962; x_wconf 82' lang='lat' dir='ltr'><strong>Regni</strong></span> <span class='ocrx_word' id='word_1_331' title='bbox 1076 2881 1303 2957; x_wconf 86' lang='lat' dir='ltr'><strong>l&#39;olodimoriae,</strong></span> <span class='ocrx_word' id='word_1_332' title='bbox 1315 2881 1508 2955; x_wconf 69' lang='lat' dir='ltr'><strong>Memoriae,</strong></span> <span class='ocrx_word' id='word_1_333' title='bbox 1530 2884 1757 2968; x_wconf 73' lang='lat' dir='ltr'><strong>totiasqneli*</strong></span> 
     </span>
     <span class='ocr_line' id='line_1_30' title="bbox 101 2972 1758 3055; baseline 0.003 -18"><span class='ocrx_word' id='word_1_334' title='bbox 101 2975 163 3037; x_wconf 89' lang='lat' dir='ltr'><strong>luto</strong></span> <span class='ocrx_word' id='word_1_335' title='bbox 182 2973 320 3055; x_wconf 79' lang='lat' dir='ltr'><strong>precibus</strong></span> <span class='ocrx_word' id='word_1_336' title='bbox 340 2974 401 3033; x_wconf 89' lang='lat' dir='ltr'><strong>tuis</strong></span> <span class='ocrx_word' id='word_1_337' title='bbox 420 2972 498 3053; x_wconf 89' lang='lat' dir='ltr'><strong>apud</strong></span> <span class='ocrx_word' id='word_1_338' title='bbox 518 2973 618 3036; x_wconf 88' lang='lat' dir='ltr'><strong>Deum</strong></span> <span class='ocrx_word' id='word_1_339' title='bbox 645 2975 752 3038; x_wconf 91' lang='lat' dir='ltr'><strong>instes.</strong></span> <span class='ocrx_word' id='word_1_340' title='bbox 792 2976 906 3055; x_wconf 82' lang='lat' dir='ltr'><strong>Argen·</strong></span> <span class='ocrx_word' id='word_1_341' title='bbox 964 2977 1038 3037; x_wconf 87' lang='lat' dir='ltr'><strong>siae.</strong></span> <span class='ocrx_word' id='word_1_342' title='bbox 1082 2973 1355 3035; x_wconf 83' lang='lat' dir='ltr'><strong>vehementissimo</strong></span> <span class='ocrx_word' id='word_1_343' title='bbox 1375 2977 1455 3037; x_wconf 75' lang='lat' dir='ltr'><strong>eni·</strong></span> <span class='ocrx_word' id='word_1_344' title='bbox 1476 2977 1607 3052; x_wconf 83' lang='lat' dir='ltr'><strong>dolore,</strong></span> <span class='ocrx_word' id='word_1_345' title='bbox 1629 2982 1758 3042; x_wconf 60' lang='lat' dir='ltr'><strong>narslilb</strong></span> 
     </span>
     <span class='ocr_line' id='line_1_31' title="bbox 100 3065 1758 3150; baseline 0 -20"><span class='ocrx_word' id='word_1_346' title='bbox 100 3075 182 3130; x_wconf 88' lang='lat' dir='ltr'><strong>teum</strong></span> <span class='ocrx_word' id='word_1_347' title='bbox 201 3067 254 3129; x_wconf 84' lang='lat' dir='ltr'><strong>tibi</strong></span> <span class='ocrx_word' id='word_1_348' title='bbox 274 3065 397 3128; x_wconf 81' lang='lat' dir='ltr'><strong>calicem</strong></span> <span class='ocrx_word' id='word_1_349' title='bbox 419 3067 647 3145; x_wconf 73' lang='lat' dir='ltr'><strong>praegrandem,</strong></span> <span class='ocrx_word' id='word_1_350' title='bbox 674 3072 765 3147; x_wconf 89' lang='lat' dir='ltr'><strong>alque</strong></span> <span class='ocrx_word' id='word_1_351' title='bbox 784 3067 905 3130; x_wconf 88' lang='lat' dir='ltr'><strong>deaura·</strong></span> <span class='ocrx_word' id='word_1_352' title='bbox 963 3090 1023 3150; x_wconf 87' lang='lat' dir='ltr'><strong>que</strong></span> <span class='ocrx_word' id='word_1_353' title='bbox 1043 3070 1208 3146; x_wconf 90' lang='lat' dir='ltr'><strong>promimur,</strong></span> <span class='ocrx_word' id='word_1_354' title='bbox 1228 3068 1475 3148; x_wconf 76' lang='lat' dir='ltr'><strong>incendimurque</strong></span> <span class='ocrx_word' id='word_1_355' title='bbox 1494 3072 1543 3133; x_wconf 86' lang='lat' dir='ltr'><strong>ob</strong></span> <span class='ocrx_word' id='word_1_356' title='bbox 1572 3094 1640 3136; x_wconf 85' lang='lat' dir='ltr'><strong>esar</strong></span> <span class='ocrx_word' id='word_1_357' title='bbox 1664 3092 1758 3133; x_wconf 68' lang='lat' dir='ltr'><strong>canu</strong></span> 
     </span>
     <span class='ocr_line' id='line_1_32' title="bbox 100 3158 1757 3248; baseline 0.003 -25"><span class='ocrx_word' id='word_1_358' title='bbox 100 3168 173 3238; x_wconf 78' lang='lat' dir='ltr'><strong>bum,</strong></span> <span class='ocrx_word' id='word_1_359' title='bbox 192 3165 320 3240; x_wconf 87' lang='lat' dir='ltr'><strong>apioque</strong></span> <span class='ocrx_word' id='word_1_360' title='bbox 341 3158 439 3235; x_wconf 93' lang='lat' dir='ltr'><strong>modo,</strong></span> <span class='ocrx_word' id='word_1_361' title='bbox 466 3165 555 3242; x_wconf 87' lang='lat' dir='ltr'><strong>alque</strong></span> <span class='ocrx_word' id='word_1_362' title='bbox 581 3169 708 3222; x_wconf 85' lang='lat' dir='ltr'><strong>venusto</strong></span> <span class='ocrx_word' id='word_1_363' title='bbox 737 3167 905 3239; x_wconf 86' lang='lat' dir='ltr'><strong>coopertum</strong></span> <span class='ocrx_word' id='word_1_364' title='bbox 962 3183 1082 3234; x_wconf 88' lang='lat' dir='ltr'><strong>omnes,</strong></span> <span class='ocrx_word' id='word_1_365' title='bbox 1102 3170 1161 3221; x_wconf 73' lang='lat' dir='ltr'><strong>tn·</strong></span> <span class='ocrx_word' id='word_1_366' title='bbox 1182 3161 1267 3235; x_wconf 83' lang='lat' dir='ltr'><strong>Rex,</strong></span> <span class='ocrx_word' id='word_1_367' title='bbox 1287 3181 1375 3241; x_wconf 83' lang='lat' dir='ltr'><strong>quarn</strong></span> <span class='ocrx_word' id='word_1_368' title='bbox 1395 3181 1467 3240; x_wconf 74' lang='lat' dir='ltr'><strong>ego,</strong></span> <span class='ocrx_word' id='word_1_369' title='bbox 1489 3170 1658 3248; x_wconf 77' lang='lat' dir='ltr'><strong>ceterique</strong></span> <span class='ocrx_word' id='word_1_370' title='bbox 1674 3186 1757 3239; x_wconf 60' lang='lat' dir='ltr'><strong>cerae</strong></span> 
     </span>
     <span class='ocr_line' id='line_1_33' title="bbox 101 3253 1800 3343; baseline -0.001 -26"><span class='ocrx_word' id='word_1_371' title='bbox 101 3256 156 3317; x_wconf 84' lang='lat' dir='ltr'><strong>tibi</strong></span> <span class='ocrx_word' id='word_1_372' title='bbox 182 3254 312 3332; x_wconf 81' lang='lat' dir='ltr'><strong>largitur,</strong></span> <span class='ocrx_word' id='word_1_373' title='bbox 342 3273 460 3332; x_wconf 86' lang='lat' dir='ltr'><strong>unaque</strong></span> <span class='ocrx_word' id='word_1_374' title='bbox 492 3254 677 3336; x_wconf 87' lang='lat' dir='ltr'><strong>praeclamm</strong></span> <span class='ocrx_word' id='word_1_375' title='bbox 709 3274 746 3313; x_wconf 84' lang='lat' dir='ltr'><strong>ex</strong></span> <span class='ocrx_word' id='word_1_376' title='bbox 774 3254 906 3315; x_wconf 88' lang='lat' dir='ltr'><strong>l&#39;enetiis</strong></span> <span class='ocrx_word' id='word_1_377' title='bbox 932 3282 936 3301; x_wconf 89' lang='lat'><strong>·</strong></span> <span class='ocrx_word' id='word_1_378' title='bbox 963 3277 1060 3328; x_wconf 87' lang='lat' dir='ltr'><strong>neres,</strong></span> <span class='ocrx_word' id='word_1_379' title='bbox 1081 3255 1207 3323; x_wconf 87' lang='lat' dir='ltr'><strong>nobiles,</strong></span> <span class='ocrx_word' id='word_1_380' title='bbox 1227 3261 1258 3315; x_wconf 85' lang='lat' dir='ltr'><strong>et</strong></span> <span class='ocrx_word' id='word_1_381' title='bbox 1277 3254 1363 3317; x_wconf 87' lang='lat' dir='ltr'><strong>aulae</strong></span> <span class='ocrx_word' id='word_1_382' title='bbox 1379 3253 1561 3339; x_wconf 74' lang='lat' dir='ltr'><strong>Principes,</strong></span> <span class='ocrx_word' id='word_1_383' title='bbox 1574 3258 1752 3339; x_wconf 55' lang='lat' dir='ltr'><strong>&amp;miri</strong></span> <span class='ocrx_word' id='word_1_384' title='bbox 1796 3292 1800 3343; x_wconf 65' lang='grc'>1</span> 
     </span>
     <span class='ocr_line' id='line_1_34' title="bbox 100 3345 1800 3429; baseline 0.001 -20"><span class='ocrx_word' id='word_1_385' title='bbox 100 3348 238 3409; x_wconf 82' lang='lat' dir='ltr'><strong>villosum</strong></span> <span class='ocrx_word' id='word_1_386' title='bbox 258 3347 397 3418; x_wconf 89' lang='lat' dir='ltr'><strong>sericum,</strong></span> <span class='ocrx_word' id='word_1_387' title='bbox 417 3352 448 3407; x_wconf 86' lang='lat' dir='ltr'><strong>et</strong></span> <span class='ocrx_word' id='word_1_388' title='bbox 467 3368 594 3425; x_wconf 85' lang='lat' dir='ltr'><strong>pannum</strong></span> <span class='ocrx_word' id='word_1_389' title='bbox 614 3346 741 3406; x_wconf 87' lang='lat' dir='ltr'><strong>sericum</strong></span> <span class='ocrx_word' id='word_1_390' title='bbox 761 3346 906 3409; x_wconf 88' lang='lat' dir='ltr'><strong>adinstar</strong></span> <span class='ocrx_word' id='word_1_391' title='bbox 962 3347 1057 3410; x_wconf 86' lang='lat' dir='ltr'><strong>rodes</strong></span> <span class='ocrx_word' id='word_1_392' title='bbox 1076 3348 1169 3407; x_wconf 89' lang='lat' dir='ltr'><strong>totius</strong></span> <span class='ocrx_word' id='word_1_393' title='bbox 1190 3346 1297 3427; x_wconf 78' lang='lat' dir='ltr'><strong>Regni.</strong></span> <span class='ocrx_word' id='word_1_394' title='bbox 1330 3345 1449 3409; x_wconf 79' lang='lat' dir='ltr'><strong>Onnes</strong></span> <span class='ocrx_word' id='word_1_395' title='bbox 1476 3349 1574 3413; x_wconf 85' lang='lat' dir='ltr'><strong>bisce</strong></span> <span class='ocrx_word' id='word_1_396' title='bbox 1593 3350 1759 3414; x_wconf 79' lang='lat' dir='ltr'><strong>ruorbusal</strong></span> <span class='ocrx_word' id='word_1_397' title='bbox 1795 3346 1800 3429; x_wconf 76' lang='lat' dir='ltr'><strong>l</strong></span> 
     </span>
     <span class='ocr_line' id='line_1_35' title="bbox 101 3436 1758 3520; baseline 0.006 -20"><span class='ocrx_word' id='word_1_398' title='bbox 101 3440 234 3501; x_wconf 76' lang='lat' dir='ltr'><strong>contexti</strong></span> <span class='ocrx_word' id='word_1_399' title='bbox 254 3458 294 3499; x_wconf 87' lang='lat' dir='ltr'><strong>ox</strong></span> <span class='ocrx_word' id='word_1_400' title='bbox 319 3436 398 3497; x_wconf 80' lang='lat' dir='ltr'><strong>uillis</strong></span> <span class='ocrx_word' id='word_1_401' title='bbox 419 3440 564 3516; x_wconf 87' lang='lat' dir='ltr'><strong>caprinis,</strong></span> <span class='ocrx_word' id='word_1_402' title='bbox 586 3444 616 3498; x_wconf 90' lang='lat' dir='ltr'><strong>et</strong></span> <span class='ocrx_word' id='word_1_403' title='bbox 636 3458 752 3514; x_wconf 82' lang='lat' dir='ltr'><strong>rasum,</strong></span> <span class='ocrx_word' id='word_1_404' title='bbox 774 3444 803 3499; x_wconf 85' lang='lat' dir='ltr'><strong>et</strong></span> <span class='ocrx_word' id='word_1_405' title='bbox 823 3460 905 3500; x_wconf 88' lang='lat' dir='ltr'><strong>more</strong></span> <span class='ocrx_word' id='word_1_406' title='bbox 962 3440 1061 3501; x_wconf 77' lang='lat' dir='ltr'><strong>fletum</strong></span> <span class='ocrx_word' id='word_1_407' title='bbox 1080 3442 1151 3500; x_wconf 90' lang='lat' dir='ltr'><strong>moti</strong></span> <span class='ocrx_word' id='word_1_408' title='bbox 1171 3460 1243 3520; x_wconf 85' lang='lat' dir='ltr'><strong>prae</strong></span> <span class='ocrx_word' id='word_1_409' title='bbox 1266 3440 1368 3501; x_wconf 92' lang='lat' dir='ltr'><strong>dolore</strong></span> <span class='ocrx_word' id='word_1_410' title='bbox 1398 3440 1550 3507; x_wconf 72' lang='lat' dir='ltr'><strong>lacni-as</strong></span> <span class='ocrx_word' id='word_1_411' title='bbox 1582 3446 1758 3513; x_wconf 61' lang='lat' dir='ltr'><strong>mommo</strong></span> 
     </span>
     <span class='ocr_line' id='line_1_36' title="bbox 99 3528 1757 3618; baseline 0.004 -23"><span class='ocrx_word' id='word_1_412' title='bbox 99 3532 289 3595; x_wconf 79' lang='lat' dir='ltr'><strong>Damasceuo</strong></span> <span class='ocrx_word' id='word_1_413' title='bbox 311 3529 487 3601; x_wconf 75' lang='lat' dir='ltr'><strong>coniectum,</strong></span> <span class='ocrx_word' id='word_1_414' title='bbox 516 3535 607 3610; x_wconf 87' lang='lat' dir='ltr'><strong>alque</strong></span> <span class='ocrx_word' id='word_1_415' title='bbox 630 3528 755 3606; x_wconf 74' lang='lat' dir='ltr'><strong>studio,</strong></span> <span class='ocrx_word' id='word_1_416' title='bbox 777 3531 906 3609; x_wconf 87' lang='lat' dir='ltr'><strong>pulcras·</strong></span> <span class='ocrx_word' id='word_1_417' title='bbox 961 3539 1102 3613; x_wconf 84' lang='lat' dir='ltr'><strong>tauquam</strong></span> <span class='ocrx_word' id='word_1_418' title='bbox 1128 3555 1187 3594; x_wconf 91' lang='lat' dir='ltr'><strong>uno</strong></span> <span class='ocrx_word' id='word_1_419' title='bbox 1209 3554 1261 3593; x_wconf 88' lang='lat' dir='ltr'><strong>oro</strong></span> <span class='ocrx_word' id='word_1_420' title='bbox 1285 3535 1331 3594; x_wconf 87' lang='lat' dir='ltr'><strong>sic</strong></span> <span class='ocrx_word' id='word_1_421' title='bbox 1357 3533 1448 3594; x_wconf 88' lang='lat' dir='ltr'><strong>locuti</strong></span> <span class='ocrx_word' id='word_1_422' title='bbox 1475 3556 1603 3601; x_wconf 79' lang='lat' dir='ltr'><strong>sumus.</strong></span> <span class='ocrx_word' id='word_1_423' title='bbox 1643 3540 1757 3618; x_wconf 60' lang='lat' dir='ltr'><strong>neap</strong></span> 
     </span>
     <span class='ocr_line' id='line_1_37' title="bbox 100 3622 1757 3710; baseline 0.004 -23"><span class='ocrx_word' id='word_1_424' title='bbox 100 3647 159 3709; x_wconf 81' lang='lat' dir='ltr'><strong>que</strong></span> <span class='ocrx_word' id='word_1_425' title='bbox 179 3625 269 3684; x_wconf 82' lang='lat' dir='ltr'><strong>muris</strong></span> <span class='ocrx_word' id='word_1_426' title='bbox 288 3622 407 3684; x_wconf 86' lang='lat' dir='ltr'><strong>Pontici</strong></span> <span class='ocrx_word' id='word_1_427' title='bbox 435 3623 530 3704; x_wconf 87' lang='lat' dir='ltr'><strong>pelles</strong></span> <span class='ocrx_word' id='word_1_428' title='bbox 560 3645 598 3685; x_wconf 85' lang='lat' dir='ltr'><strong>ex</strong></span> <span class='ocrx_word' id='word_1_429' title='bbox 624 3624 751 3686; x_wconf 79' lang='lat' dir='ltr'><strong>Siberis.</strong></span> <span class='ocrx_word' id='word_1_430' title='bbox 792 3624 905 3688; x_wconf 83' lang='lat' dir='ltr'><strong>llultas</strong></span> <span class='ocrx_word' id='word_1_431' title='bbox 962 3626 1050 3688; x_wconf 87' lang='lat' dir='ltr'><strong>Deus</strong></span> <span class='ocrx_word' id='word_1_432' title='bbox 1069 3627 1215 3708; x_wconf 87' lang='lat' dir='ltr'><strong>optimus,</strong></span> <span class='ocrx_word' id='word_1_433' title='bbox 1246 3632 1277 3686; x_wconf 92' lang='lat' dir='ltr'><strong>ct</strong></span> <span class='ocrx_word' id='word_1_434' title='bbox 1304 3627 1444 3688; x_wconf 86' lang='lat' dir='ltr'><strong>altissimi</strong></span> <span class='ocrx_word' id='word_1_435' title='bbox 1467 3628 1585 3703; x_wconf 78' lang='lat' dir='ltr'><strong>Mater,</strong></span> <span class='ocrx_word' id='word_1_436' title='bbox 1621 3648 1757 3710; x_wconf 61' lang='lat' dir='ltr'><strong>panop</strong></span> 
     </span>
     <span class='ocr_line' id='line_1_38' title="bbox 99 3716 1754 3801; baseline 0.002 -20"><span class='ocrx_word' id='word_1_437' title='bbox 99 3721 222 3801; x_wconf 87' lang='lat' dir='ltr'><strong>insuper</strong></span> <span class='ocrx_word' id='word_1_438' title='bbox 241 3716 401 3797; x_wconf 78' lang='lat' dir='ltr'><strong>Negratias</strong></span> <span class='ocrx_word' id='word_1_439' title='bbox 420 3719 563 3797; x_wconf 76' lang='lat' dir='ltr'><strong>pecunias</strong></span> <span class='ocrx_word' id='word_1_440' title='bbox 590 3739 629 3779; x_wconf 88' lang='lat' dir='ltr'><strong>ex</strong></span> <span class='ocrx_word' id='word_1_441' title='bbox 656 3725 778 3798; x_wconf 81' lang='lat' dir='ltr'><strong>argento</strong></span> <span class='ocrx_word' id='word_1_442' title='bbox 811 3721 899 3800; x_wconf 88' lang='lat' dir='ltr'><strong>puris</strong></span> <span class='ocrx_word' id='word_1_443' title='bbox 963 3720 1067 3781; x_wconf 88' lang='lat' dir='ltr'><strong>Sancti</strong></span> <span class='ocrx_word' id='word_1_444' title='bbox 1096 3741 1156 3780; x_wconf 87' lang='lat' dir='ltr'><strong>una</strong></span> <span class='ocrx_word' id='word_1_445' title='bbox 1185 3739 1253 3779; x_wconf 92' lang='lat' dir='ltr'><strong>curn</strong></span> <span class='ocrx_word' id='word_1_446' title='bbox 1278 3720 1479 3783; x_wconf 74' lang='lat' dir='ltr'><strong>Praecursore</strong></span> <span class='ocrx_word' id='word_1_447' title='bbox 1517 3724 1667 3788; x_wconf 80' lang='lat' dir='ltr'><strong>lacrimas</strong></span> <span class='ocrx_word' id='word_1_448' title='bbox 1698 3740 1754 3784; x_wconf 76' lang='lat' dir='ltr'><strong>taur</strong></span> 
     </span>
     <span class='ocr_line' id='line_1_39' title="bbox 101 3811 1752 3897; baseline 0.003 -22"><span class='ocrx_word' id='word_1_449' title='bbox 101 3816 175 3876; x_wconf 77' lang='lat' dir='ltr'><strong>sino</strong></span> <span class='ocrx_word' id='word_1_450' title='bbox 194 3811 290 3890; x_wconf 75' lang='lat' dir='ltr'><strong>Regis</strong></span> <span class='ocrx_word' id='word_1_451' title='bbox 311 3816 385 3891; x_wconf 86' lang='lat' dir='ltr'><strong>typo</strong></span> <span class='ocrx_word' id='word_1_452' title='bbox 409 3829 582 3891; x_wconf 89' lang='lat' dir='ltr'><strong>percussas,</strong></span> <span class='ocrx_word' id='word_1_453' title='bbox 613 3817 646 3872; x_wconf 89' lang='lat' dir='ltr'><strong>ut</strong></span> <span class='ocrx_word' id='word_1_454' title='bbox 675 3813 815 3893; x_wconf 86' lang='lat' dir='ltr'><strong>precibus</strong></span> <span class='ocrx_word' id='word_1_455' title='bbox 844 3815 905 3875; x_wconf 88' lang='lat' dir='ltr'><strong>tuis</strong></span> <span class='ocrx_word' id='word_1_456' title='bbox 964 3822 1156 3892; x_wconf 82' lang='lat' dir='ltr'><strong>nostrumque</strong></span> <span class='ocrx_word' id='word_1_457' title='bbox 1174 3814 1304 3873; x_wconf 89' lang='lat' dir='ltr'><strong>omnium</strong></span> <span class='ocrx_word' id='word_1_458' title='bbox 1328 3834 1382 3896; x_wconf 92' lang='lat' dir='ltr'><strong>pro</strong></span> <span class='ocrx_word' id='word_1_459' title='bbox 1403 3821 1434 3875; x_wconf 89' lang='lat' dir='ltr'><strong>te</strong></span> <span class='ocrx_word' id='word_1_460' title='bbox 1472 3814 1702 3897; x_wconf 71' lang='lat' dir='ltr'><strong>deprecantium</strong></span> <span class='ocrx_word' id='word_1_461' title='bbox 1720 3836 1752 3895; x_wconf 57' lang='grc' dir='ltr'><strong>μ</strong></span> 
     </span>
     <span class='ocr_line' id='line_1_40' title="bbox 100 3903 1753 4007; baseline 0.002 -37"><span class='ocrx_word' id='word_1_462' title='bbox 100 3908 199 3970; x_wconf 84' lang='lat' dir='ltr'><strong>Deum</strong></span> <span class='ocrx_word' id='word_1_463' title='bbox 226 3924 348 3974; x_wconf 82' lang='lat' dir='ltr'><strong>exores,</strong></span> <span class='ocrx_word' id='word_1_464' title='bbox 374 3904 424 3984; x_wconf 87' lang='lat' dir='ltr'><strong>qui</strong></span> <span class='ocrx_word' id='word_1_465' title='bbox 449 3903 626 3983; x_wconf 74' lang='lat' dir='ltr'><strong>longaevam</strong></span> <span class='ocrx_word' id='word_1_466' title='bbox 650 3908 755 3978; x_wconf 81' lang='lat' dir='ltr'><strong>vitam,</strong></span> <span class='ocrx_word' id='word_1_467' title='bbox 781 3906 904 3967; x_wconf 82' lang='lat' dir='ltr'><strong>{irmaru-</strong></span> <span class='ocrx_word' id='word_1_468' title='bbox 930 3938 934 4007; x_wconf 56' lang='lat' dir='ltr'><strong>p</strong></span> <span class='ocrx_word' id='word_1_469' title='bbox 961 3907 1052 3967; x_wconf 92' lang='lat' dir='ltr'><strong>mitus</strong></span> <span class='ocrx_word' id='word_1_470' title='bbox 1073 3906 1267 3986; x_wconf 84' lang='lat' dir='ltr'><strong>conspiciant,</strong></span> <span class='ocrx_word' id='word_1_471' title='bbox 1287 3913 1318 3967; x_wconf 92' lang='lat' dir='ltr'><strong>et</strong></span> <span class='ocrx_word' id='word_1_472' title='bbox 1338 3907 1412 3967; x_wconf 84' lang='lat' dir='ltr'><strong>laxit</strong></span> <span class='ocrx_word' id='word_1_473' title='bbox 1427 3904 1519 3969; x_wconf 87' lang='lat' dir='ltr'><strong>Deus</strong></span> <span class='ocrx_word' id='word_1_474' title='bbox 1539 3914 1753 3975; x_wconf 69' lang='lat' dir='ltr'><strong>omniumr«-</strong></span> 
     </span>
     <span class='ocr_line' id='line_1_41' title="bbox 99 3997 1751 4083; baseline 0.003 -20"><span class='ocrx_word' id='word_1_475' title='bbox 99 4022 159 4083; x_wconf 84' lang='lat' dir='ltr'><strong>que</strong></span> <span class='ocrx_word' id='word_1_476' title='bbox 178 3998 377 4062; x_wconf 82' lang='lat' dir='ltr'><strong>valetudinem</strong></span> <span class='ocrx_word' id='word_1_477' title='bbox 397 3998 466 4078; x_wconf 86' lang='lat' dir='ltr'><strong>ipsi,</strong></span> <span class='ocrx_word' id='word_1_478' title='bbox 474 3997 612 4079; x_wconf 77' lang='lat' dir='ltr'><strong>liegiquo</strong></span> <span class='ocrx_word' id='word_1_479' title='bbox 631 4004 770 4080; x_wconf 87' lang='lat' dir='ltr'><strong>praestet,</strong></span> <span class='ocrx_word' id='word_1_480' title='bbox 783 4005 813 4060; x_wconf 93' lang='lat' dir='ltr'><strong>et</strong></span> <span class='ocrx_word' id='word_1_481' title='bbox 827 4001 903 4061; x_wconf 85' lang='lat' dir='ltr'><strong>rotis</strong></span> <span class='ocrx_word' id='word_1_482' title='bbox 930 4012 934 4081; x_wconf 70' lang='grc' dir='ltr'>ξ</span> <span class='ocrx_word' id='word_1_483' title='bbox 962 4004 1092 4073; x_wconf 89' lang='lat' dir='ltr'><strong>creator,</strong></span> <span class='ocrx_word' id='word_1_484' title='bbox 1112 4008 1146 4058; x_wconf 90' lang='lat' dir='ltr'><strong>ut</strong></span> <span class='ocrx_word' id='word_1_485' title='bbox 1166 4004 1234 4059; x_wconf 83' lang='lat' dir='ltr'><strong>vola</strong></span> <span class='ocrx_word' id='word_1_486' title='bbox 1259 4005 1324 4070; x_wconf 87' lang='lat' dir='ltr'><strong>tua,</strong></span> <span class='ocrx_word' id='word_1_487' title='bbox 1350 4000 1614 4079; x_wconf 75' lang='lat' dir='ltr'><strong>quemadmodum</strong></span> <span class='ocrx_word' id='word_1_488' title='bbox 1648 4006 1751 4067; x_wconf 71' lang='lat' dir='ltr'><strong>dirrht</strong></span> 
     </span>
     <span class='ocr_line' id='line_1_42' title="bbox 100 4088 1749 4203; baseline 0.001 -47"><span class='ocrx_word' id='word_1_489' title='bbox 100 4096 161 4156; x_wconf 87' lang='lat' dir='ltr'><strong>tuis</strong></span> <span class='ocrx_word' id='word_1_490' title='bbox 179 4112 317 4156; x_wconf 83' lang='lat' dir='ltr'><strong>annuens</strong></span> <span class='ocrx_word' id='word_1_491' title='bbox 337 4095 433 4161; x_wconf 91' lang='lat' dir='ltr'><strong>natos,</strong></span> <span class='ocrx_word' id='word_1_492' title='bbox 453 4096 599 4170; x_wconf 88' lang='lat' dir='ltr'><strong>natasque</strong></span> <span class='ocrx_word' id='word_1_493' title='bbox 612 4092 768 4155; x_wconf 83' lang='lat' dir='ltr'><strong>concedat.</strong></span> <span class='ocrx_word' id='word_1_494' title='bbox 930 4088 934 4203; x_wconf 51' lang='grc' dir='ltr'>ξ</span> <span class='ocrx_word' id='word_1_495' title='bbox 960 4093 1142 4173; x_wconf 87' lang='lat' dir='ltr'><strong>impleantur.</strong></span> <span class='ocrx_word' id='word_1_496' title='bbox 1162 4092 1319 4153; x_wconf 84' lang='lat' dir='ltr'><strong>Allissimo</strong></span> <span class='ocrx_word' id='word_1_497' title='bbox 1341 4092 1441 4168; x_wconf 84' lang='lat' dir='ltr'><strong>Deus,</strong></span> <span class='ocrx_word' id='word_1_498' title='bbox 1465 4097 1561 4177; x_wconf 87' lang='lat' dir='ltr'><strong>eujus</strong></span> <span class='ocrx_word' id='word_1_499' title='bbox 1589 4101 1688 4161; x_wconf 77' lang='lat' dir='ltr'><strong>oeulis</strong></span> <span class='ocrx_word' id='word_1_500' title='bbox 1707 4096 1749 4157; x_wconf 64' lang='grc' dir='ltr'><strong>ιδ</strong></span> 
     </span>
     <span class='ocr_line' id='line_1_43' title="bbox 177 4185 1744 4272; baseline 0.001 -23"><span class='ocrx_word' id='word_1_501' title='bbox 177 4187 264 4249; x_wconf 82' lang='lat' dir='ltr'><strong>Tunc</strong></span> <span class='ocrx_word' id='word_1_502' title='bbox 284 4206 340 4264; x_wconf 87' lang='lat' dir='ltr'><strong>ego</strong></span> <span class='ocrx_word' id='word_1_503' title='bbox 361 4185 490 4245; x_wconf 90' lang='lat' dir='ltr'><strong>elatisin</strong></span> <span class='ocrx_word' id='word_1_504' title='bbox 507 4185 622 4245; x_wconf 90' lang='lat' dir='ltr'><strong>coelum</strong></span> <span class='ocrx_word' id='word_1_505' title='bbox 643 4185 746 4257; x_wconf 89' lang='lat' dir='ltr'><strong>oculis,</strong></span> <span class='ocrx_word' id='word_1_506' title='bbox 759 4186 903 4264; x_wconf 82' lang='lat' dir='ltr'><strong>Reginae,</strong></span> <span class='ocrx_word' id='word_1_507' title='bbox 930 4214 934 4247; x_wconf 82' lang='lat' dir='ltr'><strong>l</strong></span> <span class='ocrx_word' id='word_1_508' title='bbox 956 4188 1039 4267; x_wconf 86' lang='lat' dir='ltr'><strong>jecta</strong></span> <span class='ocrx_word' id='word_1_509' title='bbox 1060 4192 1129 4246; x_wconf 92' lang='lat' dir='ltr'><strong>suut</strong></span> <span class='ocrx_word' id='word_1_510' title='bbox 1150 4187 1257 4256; x_wconf 87' lang='lat' dir='ltr'><strong>omnia,</strong></span> <span class='ocrx_word' id='word_1_511' title='bbox 1278 4187 1579 4263; x_wconf 80' lang='lat' dir='ltr'><strong>beneficentissimo,</strong></span> <span class='ocrx_word' id='word_1_512' title='bbox 1606 4193 1696 4272; x_wconf 73' lang='lat' dir='ltr'><strong>gloria</strong></span> <span class='ocrx_word' id='word_1_513' title='bbox 1710 4192 1744 4249; x_wconf 76' lang='lat' dir='ltr'><strong>tib</strong></span> 
     </span>
     <span class='ocr_line' id='line_1_44' title="bbox 99 4260 1749 4365; baseline 0.004 -24"><span class='ocrx_word' id='word_1_514' title='bbox 99 4280 290 4359; x_wconf 72' lang='lat' dir='ltr'><strong>Maximoque</strong></span> <span class='ocrx_word' id='word_1_515' title='bbox 312 4278 391 4357; x_wconf 79' lang='lat' dir='ltr'><strong>Regi</strong></span> <span class='ocrx_word' id='word_1_516' title='bbox 414 4277 515 4338; x_wconf 84' lang='lat' dir='ltr'><strong>leuata</strong></span> <span class='ocrx_word' id='word_1_517' title='bbox 535 4284 672 4355; x_wconf 72' lang='lat' dir='ltr'><strong>precatus</strong></span> <span class='ocrx_word' id='word_1_518' title='bbox 692 4299 769 4351; x_wconf 92' lang='lat' dir='ltr'><strong>sum,</strong></span> <span class='ocrx_word' id='word_1_519' title='bbox 790 4289 823 4340; x_wconf 89' lang='lat' dir='ltr'><strong>ut</strong></span> <span class='ocrx_word' id='word_1_520' title='bbox 842 4280 903 4339; x_wconf 92' lang='lat' dir='ltr'><strong>diu·</strong></span> <span class='ocrx_word' id='word_1_521' title='bbox 930 4260 933 4285; x_wconf 68' lang='lat'><strong>¹</strong></span> <span class='ocrx_word' id='word_1_522' title='bbox 959 4288 1051 4360; x_wconf 87' lang='lat' dir='ltr'><strong>atquo</strong></span> <span class='ocrx_word' id='word_1_523' title='bbox 1075 4279 1232 4356; x_wconf 88' lang='lat' dir='ltr'><strong>gratiarum</strong></span> <span class='ocrx_word' id='word_1_524' title='bbox 1252 4280 1329 4339; x_wconf 91' lang='lat' dir='ltr'><strong>actio</strong></span> <span class='ocrx_word' id='word_1_525' title='bbox 1349 4281 1378 4338; x_wconf 94' lang='lat' dir='ltr'><strong>in</strong></span> <span class='ocrx_word' id='word_1_526' title='bbox 1398 4300 1489 4341; x_wconf 85' lang='lat' dir='ltr'><strong>smne</strong></span> <span class='ocrx_word' id='word_1_527' title='bbox 1510 4287 1683 4361; x_wconf 72' lang='lat' dir='ltr'><strong>suendum,</strong></span> <span class='ocrx_word' id='word_1_528' title='bbox 1699 4294 1749 4365; x_wconf 65' lang='lat' dir='ltr'><strong>qul</strong></span> 
     </span>
     <span class='ocr_line' id='line_1_45' title="bbox 98 4370 1752 4461; baseline 0.002 -26"><span class='ocrx_word' id='word_1_529' title='bbox 98 4379 185 4435; x_wconf 83' lang='lat' dir='ltr'><strong>trrrua</strong></span> <span class='ocrx_word' id='word_1_530' title='bbox 215 4374 291 4444; x_wconf 84' lang='lat' dir='ltr'><strong>vita,</strong></span> <span class='ocrx_word' id='word_1_531' title='bbox 322 4372 491 4452; x_wconf 85' lang='lat' dir='ltr'><strong>optimaque</strong></span> <span class='ocrx_word' id='word_1_532' title='bbox 521 4370 690 4432; x_wconf 85' lang='lat' dir='ltr'><strong>valetudine</strong></span> <span class='ocrx_word' id='word_1_533' title='bbox 728 4373 902 4433; x_wconf 79' lang='lat' dir='ltr'><strong>lnrtrcntur.</strong></span> <span class='ocrx_word' id='word_1_534' title='bbox 960 4371 1097 4450; x_wconf 79' lang='lat' dir='ltr'><strong>Regnum</strong></span> <span class='ocrx_word' id='word_1_535' title='bbox 1108 4371 1166 4432; x_wconf 89' lang='lat' dir='ltr'><strong>lroc</strong></span> <span class='ocrx_word' id='word_1_536' title='bbox 1185 4371 1296 4433; x_wconf 78' lang='lat' dir='ltr'><strong>divitiis</strong></span> <span class='ocrx_word' id='word_1_537' title='bbox 1316 4375 1534 4451; x_wconf 67' lang='lat' dir='ltr'><strong>cumular’cris3</strong></span> <span class='ocrx_word' id='word_1_538' title='bbox 1556 4378 1601 4442; x_wconf 72' lang='lat' dir='ltr'><strong>du</strong></span> <span class='ocrx_word' id='word_1_539' title='bbox 1621 4387 1752 4461; x_wconf 58' lang='lat' dir='ltr'><strong>puers</strong></span> 
     </span>
     <span class='ocr_line' id='line_1_46' title="bbox 97 4465 1753 4551; baseline 0.004 -23"><span class='ocrx_word' id='word_1_540' title='bbox 97 4466 200 4537; x_wconf 87' lang='lat' dir='ltr'><strong>Deus,</strong></span> <span class='ocrx_word' id='word_1_541' title='bbox 232 4465 368 4545; x_wconf 87' lang='lat' dir='ltr'><strong>iuquam,</strong></span> <span class='ocrx_word' id='word_1_542' title='bbox 399 4466 529 4543; x_wconf 89' lang='lat' dir='ltr'><strong>optimus</strong></span> <span class='ocrx_word' id='word_1_543' title='bbox 556 4466 703 4525; x_wconf 82' lang='lat' dir='ltr'><strong>maximus</strong></span> <span class='ocrx_word' id='word_1_544' title='bbox 729 4466 766 4524; x_wconf 92' lang='lat' dir='ltr'><strong>iis</strong></span> <span class='ocrx_word' id='word_1_545' title='bbox 794 4467 904 4546; x_wconf 80' lang='lat' dir='ltr'><strong>ubique</strong></span> <span class='ocrx_word' id='word_1_546' title='bbox 961 4465 1041 4545; x_wconf 88' lang='lat' dir='ltr'><strong>quod</strong></span> <span class='ocrx_word' id='word_1_547' title='bbox 1073 4466 1232 4526; x_wconf 83' lang='lat' dir='ltr'><strong>maximum</strong></span> <span class='ocrx_word' id='word_1_548' title='bbox 1269 4467 1399 4527; x_wconf 90' lang='lat' dir='ltr'><strong>omnium</strong></span> <span class='ocrx_word' id='word_1_549' title='bbox 1437 4476 1498 4541; x_wconf 79' lang='lat' dir='ltr'><strong>est,</strong></span> <span class='ocrx_word' id='word_1_550' title='bbox 1533 4472 1634 4535; x_wconf 78' lang='lat' dir='ltr'><strong>tiliun</strong></span> <span class='ocrx_word' id='word_1_551' title='bbox 1665 4469 1753 4551; x_wconf 70' lang='lat' dir='ltr'><strong>lapi</strong></span> 
     </span>
     <span class='ocr_line' id='line_1_47' title="bbox 99 4557 1099 4639; baseline -0.002 -18"><span class='ocrx_word' id='word_1_552' title='bbox 99 4559 187 4634; x_wconf 87' lang='lat' dir='ltr'><strong>adsit,</strong></span> <span class='ocrx_word' id='word_1_553' title='bbox 220 4558 371 4639; x_wconf 85' lang='lat' dir='ltr'><strong>multaque</strong></span> <span class='ocrx_word' id='word_1_554' title='bbox 400 4557 460 4617; x_wconf 84' lang='lat' dir='ltr'><strong>alia</strong></span> <span class='ocrx_word' id='word_1_555' title='bbox 486 4578 525 4617; x_wconf 84' lang='lat' dir='ltr'><strong>ex</strong></span> <span class='ocrx_word' id='word_1_556' title='bbox 547 4559 644 4618; x_wconf 86' lang='lat' dir='ltr'><strong>auimo</strong></span> <span class='ocrx_word' id='word_1_557' title='bbox 665 4557 799 4639; x_wconf 88' lang='lat' dir='ltr'><strong>prolatus</strong></span> <span class='ocrx_word' id='word_1_558' title='bbox 825 4580 904 4631; x_wconf 88' lang='lat' dir='ltr'><strong>sum,</strong></span> <span class='ocrx_word' id='word_1_559' title='bbox 961 4557 1099 4629; x_wconf 75' lang='lat' dir='ltr'><strong>heredem</strong></span> 
     </span>
     <span class='ocr_line' id='line_1_48' title="bbox 97 4648 1754 4737; baseline -0.001 -21"><span class='ocrx_word' id='word_1_560' title='bbox 97 4674 176 4737; x_wconf 83' lang='lat' dir='ltr'><strong>quae</strong></span> <span class='ocrx_word' id='word_1_561' title='bbox 194 4654 307 4715; x_wconf 86' lang='lat' dir='ltr'><strong>utinam</strong></span> <span class='ocrx_word' id='word_1_562' title='bbox 326 4671 470 4733; x_wconf 90' lang='lat' dir='ltr'><strong>prospero</strong></span> <span class='ocrx_word' id='word_1_563' title='bbox 489 4648 641 4713; x_wconf 80' lang='lat' dir='ltr'><strong>cederent.</strong></span> <span class='ocrx_word' id='word_1_564' title='bbox 680 4650 753 4712; x_wconf 86' lang='lat' dir='ltr'><strong>lllox</strong></span> <span class='ocrx_word' id='word_1_565' title='bbox 774 4650 904 4712; x_wconf 89' lang='lat' dir='ltr'><strong>debiturn</strong></span> <span class='ocrx_word' id='word_1_566' title='bbox 1037 4653 1112 4712; x_wconf 85' lang='lat' dir='ltr'><strong>Post</strong></span> <span class='ocrx_word' id='word_1_567' title='bbox 1131 4652 1207 4712; x_wconf 85' lang='lat' dir='ltr'><strong>baec</strong></span> <span class='ocrx_word' id='word_1_568' title='bbox 1225 4673 1329 4713; x_wconf 88' lang='lat' dir='ltr'><strong>omncs</strong></span> <span class='ocrx_word' id='word_1_569' title='bbox 1348 4653 1386 4714; x_wconf 87' lang='lat' dir='ltr'><strong>alr</strong></span> <span class='ocrx_word' id='word_1_570' title='bbox 1405 4653 1476 4716; x_wconf 88' lang='lat' dir='ltr'><strong>aula</strong></span> <span class='ocrx_word' id='word_1_571' title='bbox 1492 4654 1754 4723; x_wconf 70' lang='lat' dir='ltr'><strong>discessiaaal&#39;r</strong></span> 
     </span>
     <span class='ocr_line' id='line_1_49' title="bbox 97 4743 1754 4835; baseline 0.004 -25"><span class='ocrx_word' id='word_1_572' title='bbox 97 4748 207 4810; x_wconf 79' lang='lat' dir='ltr'><strong>cultum</strong></span> <span class='ocrx_word' id='word_1_573' title='bbox 227 4745 361 4820; x_wconf 82' lang='lat' dir='ltr'><strong>exhibui,</strong></span> <span class='ocrx_word' id='word_1_574' title='bbox 381 4752 471 4825; x_wconf 89' lang='lat' dir='ltr'><strong>caput</strong></span> <span class='ocrx_word' id='word_1_575' title='bbox 490 4744 529 4806; x_wconf 90' lang='lat' dir='ltr'><strong>ad</strong></span> <span class='ocrx_word' id='word_1_576' title='bbox 556 4746 654 4805; x_wconf 90' lang='lat' dir='ltr'><strong>solum</strong></span> <span class='ocrx_word' id='word_1_577' title='bbox 677 4765 775 4825; x_wconf 80' lang='lat' dir='ltr'><strong>usque</strong></span> <span class='ocrx_word' id='word_1_578' title='bbox 802 4744 904 4806; x_wconf 74' lang='lat' dir='ltr'><strong>‹lenit-</strong></span> <span class='ocrx_word' id='word_1_579' title='bbox 960 4743 1097 4816; x_wconf 85' lang='lat' dir='ltr'><strong>triarcba,</strong></span> <span class='ocrx_word' id='word_1_580' title='bbox 1117 4745 1194 4816; x_wconf 82' lang='lat' dir='ltr'><strong>Rex,</strong></span> <span class='ocrx_word' id='word_1_581' title='bbox 1216 4754 1246 4804; x_wconf 90' lang='lat' dir='ltr'><strong>et</strong></span> <span class='ocrx_word' id='word_1_582' title='bbox 1266 4745 1408 4827; x_wconf 82' lang='lat' dir='ltr'><strong>Episcopi</strong></span> <span class='ocrx_word' id='word_1_583' title='bbox 1429 4749 1580 4821; x_wconf 75' lang='lat' dir='ltr'><strong>universi,</strong></span> <span class='ocrx_word' id='word_1_584' title='bbox 1602 4762 1637 4815; x_wconf 80' lang='lat' dir='ltr'><strong>et</strong></span> <span class='ocrx_word' id='word_1_585' title='bbox 1654 4752 1754 4835; x_wconf 66' lang='lat' dir='ltr'><strong>iptfl‘l</strong></span> 
     </span>
     <span class='ocr_line' id='line_1_50' title="bbox 97 4836 1753 4922; baseline 0.004 -20"><span class='ocrx_word' id='word_1_586' title='bbox 97 4846 183 4918; x_wconf 87' lang='lat' dir='ltr'><strong>tens,</strong></span> <span class='ocrx_word' id='word_1_587' title='bbox 203 4838 284 4920; x_wconf 82' lang='lat' dir='ltr'><strong>quod</strong></span> <span class='ocrx_word' id='word_1_588' title='bbox 304 4843 368 4899; x_wconf 87' lang='lat' dir='ltr'><strong>erat</strong></span> <span class='ocrx_word' id='word_1_589' title='bbox 390 4839 611 4917; x_wconf 73' lang='lat' dir='ltr'><strong>pulcerrimum,</strong></span> <span class='ocrx_word' id='word_1_590' title='bbox 632 4836 766 4899; x_wconf 90' lang='lat' dir='ltr'><strong>Persicis</strong></span> <span class='ocrx_word' id='word_1_591' title='bbox 786 4840 901 4900; x_wconf 86' lang='lat' dir='ltr'><strong>aulacis</strong></span> <span class='ocrx_word' id='word_1_592' title='bbox 961 4838 1113 4900; x_wconf 82' lang='lat' dir='ltr'><strong>lllaximus</strong></span> <span class='ocrx_word' id='word_1_593' title='bbox 1134 4839 1201 4900; x_wconf 73' lang='lat' dir='ltr'><strong>lies</strong></span> <span class='ocrx_word' id='word_1_594' title='bbox 1227 4847 1312 4899; x_wconf 85' lang='lat' dir='ltr'><strong>extra</strong></span> <span class='ocrx_word' id='word_1_595' title='bbox 1335 4840 1430 4901; x_wconf 86' lang='lat' dir='ltr'><strong>uulura</strong></span> <span class='ocrx_word' id='word_1_596' title='bbox 1462 4862 1523 4904; x_wconf 90' lang='lat' dir='ltr'><strong>nes</strong></span> <span class='ocrx_word' id='word_1_597' title='bbox 1550 4844 1652 4913; x_wconf 80' lang='lat' dir='ltr'><strong>duait.</strong></span> <span class='ocrx_word' id='word_1_598' title='bbox 1676 4846 1753 4922; x_wconf 69' lang='lat' dir='ltr'><strong>ibitpt</strong></span> 
     </span>
     <span class='ocr_line' id='line_1_51' title="bbox 97 4931 1752 5014; baseline 0.002 -19"><span class='ocrx_word' id='word_1_599' title='bbox 97 4932 523 5011; x_wconf 68' lang='lat' dir='ltr'><strong>sericnauroquecontextis</strong></span> <span class='ocrx_word' id='word_1_600' title='bbox 544 4936 725 5011; x_wconf 79' lang='lat' dir='ltr'><strong>coopertum,</strong></span> <span class='ocrx_word' id='word_1_601' title='bbox 746 4933 904 5011; x_wconf 85' lang='lat' dir='ltr'><strong>inquibus</strong></span> <span class='ocrx_word' id='word_1_602' title='bbox 962 4931 1085 4993; x_wconf 85' lang='lat' dir='ltr'><strong>dimisit.</strong></span> <span class='ocrx_word' id='word_1_603' title='bbox 1125 4932 1274 5003; x_wconf 83' lang='lat' dir='ltr'><strong>Quocirca</strong></span> <span class='ocrx_word' id='word_1_604' title='bbox 1295 4952 1413 4994; x_wconf 88' lang='lat' dir='ltr'><strong>summa</strong></span> <span class='ocrx_word' id='word_1_605' title='bbox 1432 4934 1515 5014; x_wconf 77' lang='lat' dir='ltr'><strong>Regi</strong></span> <span class='ocrx_word' id='word_1_606' title='bbox 1537 4942 1705 5001; x_wconf 80' lang='lat' dir='ltr'><strong>rerereub&#39;a</strong></span> <span class='ocrx_word' id='word_1_607' title='bbox 1718 4931 1752 4993; x_wconf 73' lang='lat' dir='ltr'><strong>al</strong></span> 
     </span>
     <span class='ocr_line' id='line_1_52' title="bbox 96 5023 1753 5109; baseline 0.003 -22"><span class='ocrx_word' id='word_1_608' title='bbox 96 5046 188 5109; x_wconf 86' lang='lat' dir='ltr'><strong>opere</strong></span> <span class='ocrx_word' id='word_1_609' title='bbox 207 5024 333 5108; x_wconf 80' lang='lat' dir='ltr'><strong>phrygio</strong></span> <span class='ocrx_word' id='word_1_610' title='bbox 353 5025 453 5107; x_wconf 84' lang='lat' dir='ltr'><strong>pictae</strong></span> <span class='ocrx_word' id='word_1_611' title='bbox 472 5024 616 5105; x_wconf 87' lang='lat' dir='ltr'><strong>plurimae</strong></span> <span class='ocrx_word' id='word_1_612' title='bbox 637 5023 719 5086; x_wconf 79' lang='lat' dir='ltr'><strong>ferae</strong></span> <span class='ocrx_word' id='word_1_613' title='bbox 738 5027 904 5106; x_wconf 87' lang='lat' dir='ltr'><strong>conspicie-</strong></span> <span class='ocrx_word' id='word_1_614' title='bbox 962 5025 1113 5087; x_wconf 81' lang='lat' dir='ltr'><strong>bibitaad</strong></span> <span class='ocrx_word' id='word_1_615' title='bbox 1134 5023 1335 5086; x_wconf 83' lang='lat' dir='ltr'><strong>Patriarclurlo</strong></span> <span class='ocrx_word' id='word_1_616' title='bbox 1354 5027 1499 5104; x_wconf 80' lang='lat' dir='ltr'><strong>palatium</strong></span> <span class='ocrx_word' id='word_1_617' title='bbox 1525 5036 1753 5095; x_wconf 69' lang='lat' dir='ltr'><strong>reversim</strong></span> 
     </span>
     <span class='ocr_line' id='line_1_53' title="bbox 94 5116 1751 5200; baseline -0.001 -17"><span class='ocrx_word' id='word_1_618' title='bbox 94 5118 219 5189; x_wconf 60' lang='grc' dir='ltr'><strong>Ἦν,</strong></span> <span class='ocrx_word' id='word_1_619' title='bbox 237 5120 360 5190; x_wconf 88' lang='lat' dir='ltr'><strong>leones,</strong></span> <span class='ocrx_word' id='word_1_620' title='bbox 381 5118 477 5189; x_wconf 79' lang='lat' dir='ltr'><strong>cervi,</strong></span> <span class='ocrx_word' id='word_1_621' title='bbox 503 5118 582 5199; x_wconf 90' lang='lat' dir='ltr'><strong>lupi,</strong></span> <span class='ocrx_word' id='word_1_622' title='bbox 608 5116 731 5189; x_wconf 87' lang='lat' dir='ltr'><strong>damae,</strong></span> <span class='ocrx_word' id='word_1_623' title='bbox 758 5118 905 5200; x_wconf 82' lang='lat' dir='ltr'><strong>simulque</strong></span> <span class='ocrx_word' id='word_1_624' title='bbox 962 5120 1012 5179; x_wconf 91' lang='lat' dir='ltr'><strong>ubi</strong></span> <span class='ocrx_word' id='word_1_625' title='bbox 1033 5117 1072 5179; x_wconf 89' lang='lat' dir='ltr'><strong>ad</strong></span> <span class='ocrx_word' id='word_1_626' title='bbox 1094 5140 1227 5179; x_wconf 72' lang='lat' dir='ltr'><strong>mensam</strong></span> <span class='ocrx_word' id='word_1_627' title='bbox 1250 5120 1450 5191; x_wconf 70' lang='lat' dir='ltr'><strong>consedi-us,</strong></span> <span class='ocrx_word' id='word_1_628' title='bbox 1470 5140 1566 5199; x_wconf 83' lang='lat' dir='ltr'><strong>quam</strong></span> <span class='ocrx_word' id='word_1_629' title='bbox 1597 5146 1695 5189; x_wconf 80' lang='lat' dir='ltr'><strong>noras</strong></span> <span class='ocrx_word' id='word_1_630' title='bbox 1715 5120 1751 5182; x_wconf 76' lang='lat' dir='ltr'><strong>ta-</strong></span> 
     </span>
    </p>
   </div>
   <div class='ocr_carea' id='block_1_4' title="bbox 142 5210 1752 5297">
    <p class='ocr_par' dir='ltr' id='par_1_4' title="bbox 142 5210 1752 5297">
     <span class='ocr_line' id='line_1_54' title="bbox 142 5210 1752 5297; baseline 0.003 -25"><span class='ocrx_word' id='word_1_631' title='bbox 142 5214 268 5287; x_wconf 68' lang='lat' dir='ltr'><strong>ntares,</strong></span> <span class='ocrx_word' id='word_1_632' title='bbox 286 5211 337 5291; x_wconf 75' lang='lat' dir='ltr'><strong>qui</strong></span> <span class='ocrx_word' id='word_1_633' title='bbox 356 5210 439 5275; x_wconf 84' lang='lat' dir='ltr'><strong>ieras</strong></span> <span class='ocrx_word' id='word_1_634' title='bbox 457 5211 700 5292; x_wconf 75' lang='lat' dir='ltr'><strong>insequebantur,</strong></span> <span class='ocrx_word' id='word_1_635' title='bbox 709 5211 848 5287; x_wconf 87' lang='lat' dir='ltr'><strong>arcubus,</strong></span> <span class='ocrx_word' id='word_1_636' title='bbox 859 5232 904 5275; x_wconf 81' lang='lat' dir='ltr'><strong>sa·</strong></span> <span class='ocrx_word' id='word_1_637' title='bbox 962 5211 1092 5276; x_wconf 87' lang='lat' dir='ltr'><strong>triarcba</strong></span> <span class='ocrx_word' id='word_1_638' title='bbox 1130 5220 1298 5294; x_wconf 60' lang='lat' dir='ltr'><strong>paraveram</strong></span> <span class='ocrx_word' id='word_1_639' title='bbox 1345 5212 1561 5297; x_wconf 79' lang='lat' dir='ltr'><strong>blaximusrpus</strong></span> <span class='ocrx_word' id='word_1_640' title='bbox 1602 5212 1752 5283; x_wconf 79' lang='lat' dir='ltr'><strong>Patriarotr</strong></span> 
     </span>
    </p>
   </div>
   <div class='ocr_carea' id='block_1_5' title="bbox 0 0 1876 5626">
    <p class='ocr_par' dir='ltr' id='par_1_5' title="bbox 0 0 1876 5626">
     <span class='ocr_line' id='line_1_55' title="bbox 0 0 1876 5626; baseline 0 0"><span class='ocrx_word' id='word_1_641' title='bbox 0 0 1876 5626; x_wconf 95' lang='lat' dir='ltr'><strong> </strong></span> 
     </span>
    </p>
   </div>
  </div>
 </body>
</html>
