3734 5610
93 208 130 265 8
684 204 813 262 RERUM
831 204 1162 262 noscovrncannn

96 364 249 424 multorum
269 360 336 420 vilis
356 358 535 419 conditionis
555 356 713 418 bominum.
758 356 897 418 Procura·
956 360 1143 437 ingressurus
1170 356 1315 437 quispiam
1337 356 1488 418 demittere
1508 378 1543 418 so
1563 363 1595 418 et
1615 356 1757 419 inclinare

96 463 177 516 tores
211 454 362 514 rarissimo
391 451 594 519 admittuntur,
628 451 752 529 quisquc
779 470 899 512 causam
957 456 1085 531 cogatur.

98 569 182 609 suam
202 546 333 627 exponit.
373 542 536 624 Princeps,
556 562 721 623 quanquam
743 544 898 604 severissi-
1032 542 1186 604 blauuario
1220 542 1268 619 qui
1301 542 1401 602 vivunt
1434 543 1550 613 labore,
1584 549 1615 602 et
1639 564 1758 624 operam

97 641 236 711 inussit,
269 637 457 698 nihilominus
476 642 574 697 tanen
594 638 689 695 omnis
707 639 837 715 iustitia,
870 642 900 696 et
958 658 1040 698 suam
1072 636 1217 705 rendunt,
1249 635 1412 695 mercedem
1441 637 1527 696 unius
1548 633 1607 694 dici
1628 637 1759 696 referunt

97 734 196 815 palam
215 733 292 803 scre,
312 732 426 791 venalis
446 736 503 790 est.
537 729 646 789 Audiri
667 729 812 808 quendam
833 750 899 790 con·
958 730 1083 809 dengnur
1109 749 1175 788 cum
1196 727 1329 789 dimidia:
1360 729 1463 789 artifex
1483 728 1573 801 duas3
1611 749 1705 807 neqrre
1728 731 1758 789 hi

99 827 254 897 siliarium,
287 824 336 904 qui
358 823 483 907 iudiciis
503 830 651 900 praeerat,
682 823 777 882 luisse
797 823 900 904 depre·
957 829 1076 883 strenue
1096 820 1246 891 laborant,
1272 823 1329 881 nisi
1348 822 1425 880 berre
1446 822 1599 881 verberati.
1648 821 1758 882 Audiri

98 918 240 990 baasam,
269 916 349 996 quod
375 917 413 977 ab
438 922 560 995 utraque
580 917 703 996 partium
722 918 752 975 in
773 916 899 995 quadam
958 918 1118 977 servitores
1138 914 1296 993 aliquando
1316 918 1513 994 conquestos,
1533 912 1613 993 quod
1634 915 1759 975 adomi-

100 1032 192 1074 eausa
221 1030 340 1072 munera
364 1011 547 1090 accepisset:
579 1014 610 1068 et
634 1030 686 1086 pro
706 1009 816 1079 altero,
851 1010 899 1089 qui
958 1011 1006 1070 nis
1035 1029 1091 1068 non
1126 1017 1230 1068 essent
1254 1008 1345 1087 probe
1365 1007 1519 1067 verberati.
1569 1006 1701 1067 Credunt
1722 1028 1759 1067 se

100 1104 315 1188 plusdederat‚
330 1103 516 1186 judicassct3
537 1101 749 1187 quodfactum,
769 1101 899 1163 adPrin·
958 1105 1024 1162 suis
1044 1102 1171 1161 dominis
1192 1100 1366 1182 displicere:
1394 1103 1571 1178 signumque
1591 1120 1662 1160 esse
1684 1100 1758 1160 iudi·

99 1202 192 1280 cipem
218 1197 348 1267 delatus,
379 1217 439 1256 non
464 1196 608 1274 negabat:
638 1194 734 1266 illum,
768 1215 898 1275 proquo
958 1196 1121 1274 guntionis,
1141 1196 1169 1254 si
1189 1214 1245 1254 nou
1267 1195 1468 1255 verberentur.

94 1292 279 1376 judicasset,
308 1289 454 1349 hominem
474 1289 593 1348 dicebat
613 1287 750 1357 divitem,
773 1286 899 1348 bonosio

99 1388 180 1457 loco,
211 1388 300 1462 atque
330 1382 399 1441 ideo
423 1384 519 1463 magis
546 1381 616 1446 buic
640 1402 725 1460 quam
751 1380 793 1440 illi
819 1382 899 1462 inopi
1699 1450 1704 1459 .

99 1486 130 1540 et
151 1480 268 1561 abjecto
289 1475 476 1536 credendum.
509 1474 655 1545 Tandem,
675 1475 808 1555 quamuis
820 1475 899 1534 Prin·
957 1451 1019 1549 iili}
1039 1447 1261 1548 {NGRRSSU
1279 1450 1324 1547 [N
1340 1446 1565 1547 fliminis
1581 1445 1761 1543 iiiibiiiffl,

101 1592 173 1653 ceps
193 1570 369 1631 sententiam
388 1573 574 1637 revocasset,
602 1567 704 1628 ridens
724 1572 839 1636 tamen,
869 1568 900 1627 il·

99 1668 157 1727 lnm
179 1667 295 1744 impune
315 1662 434 1722 dimisit.
478 1661 622 1722 Fortasse
641 1665 741 1721 tantae
760 1662 900 1721 avaritiae
1035 1665 1069 1724 lu
1089 1667 1214 1744 singulis
1231 1665 1355 1725 aedibus
1365 1668 1395 1723 e't
1407 1661 1636 1722 habitationibus
1647 1660 1758 1720 babent

98 1780 134 1821 ae
167 1757 361 1838 improbitatis
394 1774 487 1816 causa
517 1760 563 1815 cst
590 1756 657 1833 ipsa
677 1756 813 1832 egestas,
843 1773 901 1832 qua
958 1759 1102 1837 imagines
1131 1764 1315 1829 sanctorum,
1346 1757 1457 1836 pictas,
1487 1760 1537 1816 aut
1562 1755 1661 1826 susas,
1692 1755 1758 1814 loco

98 1873 171 1914 snos
191 1872 256 1911 cum
275 1852 352 1910 sciat
371 1849 513 1925 Princeps
533 1866 706 1926 oppressos,
728 1846 767 1906 ad
786 1846 900 1907 illorum
958 1850 1230 1923 honorificentiore,
1262 1860 1293 1910 et
1323 1870 1387 1910 cunr
1417 1849 1494 1908 alius
1521 1850 1607 1909 alium
1632 1846 1760 1919 accedit,

98 1946 232 2007 facinora
255 1948 343 2022 atque
362 1941 593 2023 improbitatem,
626 1939 710 2017 quasi
730 1940 901 2021 impunitate
958 1947 1112 2023 ingressus
1139 1943 1353 2024 babitaculum,
1384 1943 1521 2001 continuo
1547 1947 1634 2019 caput
1655 1942 1759 2020 aperit,

98 2038 266 2121 proposita,
287 2036 433 2095 connivet.
486 2032 672 2113 Pauperibus
692 2052 750 2092 non
771 2038 853 2113 patet
871 2054 901 2093 a·
959 2058 995 2098 ae
1013 2039 1062 2097 ubi
1082 2039 1177 2114 imago
1199 2038 1254 2109 sit,
1287 2035 1500 2115 circumspicit:
1532 2056 1589 2115 qua
1610 2036 1689 2106 visa,
1713 2040 1760 2094 ter

97 2130 180 2191 ditus
206 2129 245 2191 ad
263 2128 447 2207 Principem,
478 2126 534 2186 sed
553 2125 592 2187 ad
612 2127 695 2207 ipsos
716 2127 900 2187 consiliarios
959 2152 994 2192 se
1023 2133 1119 2191 crucis
1145 2130 1230 2207 signo
1250 2132 1355 2199 munit,
1387 2137 1533 2208 caputque
1553 2127 1699 2187 inclinans
1717 2128 1758 2186 irr-

99 2230 227 2293 taotum,
247 2219 416 2301 etquidem
437 2219 635 2283 difficillimus.
959 2226 1037 2304 quit:
1058 2224 1184 2284 Domine
1203 2224 1353 2284 miserere.
1382 2220 1460 2280 Dein
1481 2221 1589 2280 salutat
1603 2220 1758 2302 hospitem,

177 2313 324 2375 Ocolnielr
343 2332 500 2393 personam
520 2312 684 2382 Praetoris,
710 2330 766 2371 seu
784 2310 900 2373 Judicis
958 2317 1006 2378 his
1026 2317 1141 2376 verbis:
1160 2314 1247 2375 Deus
1266 2315 1317 2375 det
1337 2314 1500 2374 sanitatem.
1530 2313 1599 2374 lilox
1616 2315 1759 2395 porrectis

99 2430 119 2471 a
138 2407 274 2485 Principe
301 2407 451 2466 constituti
476 2407 620 2466 sustinet:
650 2404 725 2464 alias
746 2425 900 2485 supremus
959 2411 1108 2479 manibus,
1129 2408 1340 2467 deosculamur
1359 2428 1394 2466 se
1412 2416 1527 2480 mutuo,
1548 2407 1704 2486 capitaque
1716 2407 1756 2465 io-

100 2501 306 2571 consiiiarius,
338 2499 388 2579 qui
417 2518 533 2577 sempor
557 2496 635 2576 apud
656 2495 820 2578 Principem
839 2518 901 2557 rer·
958 2503 1083 2575 elinant3
1114 2501 1181 2571 dein
1213 2502 1350 2561 continno
1376 2502 1449 2560 alter
1473 2500 1595 2560 alterum
1619 2498 1757 2568 intuatur,

101 2601 196 2666 satur,
215 2582 267 2654 ¹eu
293 2594 410 2654 nomina
441 2596 571 2650 rncahrr.
621 2590 819 2661 Nedelsnick,
854 2597 901 2651 cst
959 2602 1023 2656 uter
1051 2595 1185 2654 nimirum
1210 2614 1245 2653 se
1271 2595 1364 2672 magis
1383 2593 1549 2663 inclinaret,
1581 2590 1757 2650 demitteret-

101 2709 254 2752 commune
275 2686 419 2767 quoddam
435 2682 683 2756 eorumolbeium,
703 2683 900 2763 quibomiues
959 2708 1032 2768 que:
1062 2697 1151 2767 atque
1182 2688 1221 2746 ita
1248 2692 1293 2745 ter
1307 2693 1467 2766 quaterque
1488 2683 1648 2746 alternatim
1669 2690 1757 2762 caput

101 2785 131 2844 in
150 2785 203 2865 jus
214 2786 335 2851 vocant,
354 2777 559 2840 malefactores
569 2778 702 2857 capiunt,
722 2778 900 2837 carceribus·
959 2782 1144 2851 inclinantes
1165 2779 1363 2857 honoremque
1373 2787 1473 2840 mutuo
1485 2776 1669 2846 exhibentes,
1686 2796 1757 2854 quo·

99 2897 157 2957 quc
185 2878 337 2936 coercebit
365 2877 454 2951 ntqnc
473 2869 505 2930 hi
524 2870 674 2930 Nobilium
695 2890 813 2930 nuncin
834 2889 900 2929 con·
960 2875 1114 2935 dammodo
1134 2878 1311 2935 concertant.
1347 2872 1421 2934 Post
1441 2870 1560 2939 sedent,
1580 2871 1759 2948 negotioque

100 2971 240 3030 tinentnr.
353 2976 371 3009 ⁰
959 2990 1014 3029 suo
1035 2969 1188 3041 conlecto,
1219 2967 1331 3046 hospes
1351 2972 1432 3026 recta
1451 2966 1480 3023 iu
1502 2962 1627 3023 medium
1648 2961 1758 3021 habita-

180 3059 286 3121 Coioni
313 3077 369 3119 sex
389 3056 454 3117 dics
475 3056 504 3116 in
524 3057 689 3138 septimana
709 3054 825 3114 domina
844 3075 899 3115 nnn
960 3061 1017 3121 culi
1038 3061 1184 3143 procedit,
1206 3061 1283 3120 facie
1303 3059 1340 3119 ad
1357 3060 1509 3137 imaginem
1521 3073 1679 3116 conversa:
1699 3073 1758 3113 rur·

102 3157 249 3226 laborant,
269 3154 414 3232 septimus
432 3171 503 3211 vero
522 3149 589 3210 dies
610 3151 720 3227 privato
731 3149 824 3208 labori
834 3167 901 3207 cou-
960 3174 1073 3234 susque
1103 3159 1148 3213 ter
1173 3156 1259 3231 signo
1286 3172 1321 3212 se
1346 3153 1442 3211 crucis
1467 3151 1571 3220 munit,
1605 3150 1757 3226 prioraque

103 3247 224 3317 ceditur,
255 3245 374 3306 Habent
392 3245 508 3326 niinnnn
526 3245 671 3325 privam,
694 3248 724 3302 ni
743 3241 901 3302 niominis
960 3249 1050 3309 rerba
1074 3247 1328 3322 inclinato·capite
1349 3245 1466 3326 repetit.
1516 3242 1669 3302 Postremo
1689 3238 1758 3298 data

102 3344 167 3403 suis
195 3340 350 3402 attributos
380 3356 483 3415 ngrnn,
512 3341 542 3396 ni
568 3343 651 3414 Pinin
676 3355 714 3395 0¹
735 3334 842 3414 quibus
861 3333 901 3393 vi·
960 3344 1141 3421 acceptaque
1167 3337 1310 3419 prioribus
1336 3339 1434 3399 verbis
1459 3338 1570 3407 salute,
1603 3335 1673 3394 aluit.
1725 3334 1759 3391 si

101 3441 188 3495 vuntt
218 3432 328 3513 reliqua
358 3432 454 3490 omnia
485 3434 555 3488 sunt
580 3426 772 3487 dominorum.
825 3426 902 3486 Snnt
960 3438 1008 3493 est
1028 3432 1154 3514 alicujus
1173 3432 1355 3492 auctoritatis
1375 3433 1433 3502 vir,
1466 3430 1546 3489 illum
1565 3435 1626 3487 turn
1648 3425 1760 3504 hospes

103 3536 253 3608 praeterea
274 3526 451 3585 miserrimae
472 3521 668 3591 conditionis,
689 3520 766 3600 quod
787 3519 901 3579 illorum
960 3527 1086 3604 loquitur
1105 3524 1144 3585 ad
1159 3524 1268 3603 gradus
1279 3546 1390 3606 usque:
1412 3525 1457 3583 sin
1471 3522 1676 3603 praestantior,
1698 3520 1758 3579 lon·

102 3623 195 3693 bona,
230 3617 368 3680 nobilium
397 3636 433 3676 nn
468 3614 588 3674 miiitum
617 3612 744 3692 praedae
769 3614 902 3695 exposita
960 3620 1026 3697 gius
1059 3619 1225 3688 comitatur,
1257 3618 1357 3678 habita
1384 3624 1413 3679 et
1438 3617 1593 3679 observata
1615 3615 1759 3694 cujusque

102 3719 185 3775 sunt:
205 3734 223 3772 a
243 3711 351 3791 quibus
370 3709 460 3767 ntinnn
480 3728 531 3785 pcr
546 3707 730 3785 ignominiam
742 3705 902 3767 Christiani
960 3712 1113 3791 dignitato.
1133 3710 1285 3771 Mirabiles
1298 3712 1457 3771 observant
1468 3707 1666 3779 ceremonias3
1687 3707 1758 3766 nulli

101 3813 152 3869 aut
171 3806 245 3884 nigri
265 3801 479 3863 homunciones
501 3806 650 3872 vnnnninn
961 3806 1069 3866 etenim
1105 3806 1249 3885 tenujoris
1280 3804 1414 3864 fortunae
1444 3801 1552 3861 bomini
1582 3800 1650 3860 licet
1682 3801 1758 3860 intra

177 3896 309 3965 Nobili&
338 3895 525 3972 nunninmiin
550 3914 662 3976 [inniti
686 3894 787 3964 suerii,
817 3899 902 3973 innpn
959 3903 1072 3980 portam
1112 3897 1217 3957 domus
1256 3898 1382 3979 alicujus
1420 3895 1643 3977 praestantioris
1679 3895 1757 3972 equi-

103 3992 162 4052 sibi
180 3988 561 4066 tamenaeignominiosum
577 4008 649 4049 csse
661 3991 757 4066 putat,
777 3987 803 4046 si
816 4004 902 4045 mann
959 3997 1032 4054 tare,
1075 3990 1214 4051 Difficilis
1240 4009 1357 4069 quoquc
1382 3989 1601 4067 pauperioribus
1621 4007 1656 4046 ac
1679 3987 1758 4065 iguo-

101 4084 258 4144 laboraret.
309 4080 376 4141 lloc
407 4086 504 4141 autem
528 4086 614 4162 turpe
639 4102 698 4142 uon
724 4100 794 4141 csse
814 4080 902 4151 ducit,
959 4086 999 4145 tis
1018 4084 1118 4144 aditus
1138 4087 1199 4154 est,
1235 4081 1380 4142 etiamad
1400 4082 1536 4161 vulgares
1557 4081 1688 4142 nobiles:
1709 4082 1757 4160 qui

26 4240 30 4249 ,
102 4175 246 4244 cortices,
266 4193 321 4234 scu
341 4175 487 4254 putamina
507 4174 668 4245 fructuum,
688 4175 902 4255 etpraesertim
959 4180 1007 4238 vel
1039 4177 1097 4237 boe
1128 4177 1245 4235 nomine
1269 4176 1364 4235 rarius
1389 4177 1417 4235 in
1437 4176 1584 4257 publicum
1606 4175 1757 4254 prodeunt,

103 4267 263 4338 melonum,
284 4267 347 4337 alii,
369 4287 405 4328 ac
426 4287 596 4345 caeparum,
615 4288 633 4326 a
654 4269 742 4328 nobis
762 4274 793 4328 et
811 4268 900 4329 lamu-

103 4363 142 4422 lis
162 4360 273 4419 uostris
292 4359 423 4441 abjecta,
443 4360 481 4420 de
501 4367 577 4419 terra
597 4359 901 4422 levareacderorare.

105 4454 260 4514 Caeterum
280 4453 368 4512 sicuti
388 4453 455 4511 cibo
475 4472 578 4532 parce,
609 4453 654 4511 sle
672 4459 761 4534 potu,
783 4456 901 4514 ubieun-

102 4567 160 4627 que
195 4566 230 4606 se
266 4548 385 4607 occasio
417 4544 515 4616 offert,
553 4545 742 4606 immoderate
774 4553 901 4607 utuntur.

104 4640 220 4702 Omnes
241 4639 304 4700 lero
323 4639 397 4701 tardi
417 4638 454 4698 ad
475 4640 560 4708 iram,
580 4640 650 4699 item
664 4640 783 4720 superbi
793 4642 821 4698 in
832 4662 904 4720 pau-

104 4741 233 4815 perlate:
266 4736 350 4794 cuius
370 4752 486 4811 gravem
507 4726 642 4793 comitem
664 4733 789 4804 habeut,
814 4735 903 4792 servi·

103 4833 202 4890 tutem.
237 4829 344 4888 Vestes
364 4826 522 4904 oblongas,
544 4826 642 4907 pileos
663 4826 748 4887 albos
768 4828 902 4904 apicatos

106 4940 145 4979 ex
166 4920 230 4980 lana
251 4927 369 4992 coacta,
390 4941 448 5000 qua
467 4920 593 4998 penulas
615 4919 783 4979 barbaricas
805 4919 901 4979 conie-

105 5018 170 5072 ctas
195 5010 347 5083 videmus,
377 5012 551 5094 solidosque
576 5035 612 5074 ex
639 5013 758 5073 officina
776 5019 902 5091 gestant.

108 5104 258 5165 i'estibula
277 5104 393 5163 aedium
413 5109 489 5168 satis
509 5106 627 5186 quidem
646 5107 757 5189 ampla,
779 5115 807 5167 et
827 5108 902 5168 alta:

105 5199 186 5267 tarrae
206 5218 275 5257 vero
295 5194 503 5259 habitationum
523 5199 649 5263 humiles
669 5201 793 5266 habent.
813 5203 855 5262 ila
870 5206 902 5261 ut

960 4292 1018 4351 qun
1038 4272 1178 4353 majorem
1198 4269 1398 4328 auctoritatem
1418 4271 1523 4351 suique
1543 4266 1755 4330 observantiam

959 4365 1114 4428 retineant.
1153 4361 1262 4424 Nullus
1284 4363 1371 4422 etiam
1394 4363 1514 4435 nobilis,
1540 4364 1588 4443 qui
1608 4357 1693 4439 paulo
1715 4353 1755 4412 di-

959 4458 1016 4515 tior
1036 4462 1097 4528 est,
1117 4455 1156 4515 ad
1176 4461 1306 4536 quartam
1325 4455 1372 4515 vel
1393 4459 1522 4536 quintam
1535 4455 1648 4512 domurn
1663 4448 1756 4527 pedes

959 4549 1159 4630 progreditur,
1189 4550 1248 4609 nisi
1269 4549 1468 4629 subsequatur
1489 4565 1590 4625 equus.
1629 4541 1757 4621 Hycnris

947 4648 1056 4700 'nmen
1077 4648 1221 4720 tempore,
1252 4663 1316 4702 cum
1338 4645 1439 4723 equis,
1466 4640 1559 4699 soleis
1579 4638 1756 4706 carentibus,

960 4739 1078 4815 propter
1102 4736 1239 4814 glaciem,
1266 4738 1380 4817 absque
1400 4731 1531 4815 periculo
1551 4731 1670 4790 utinen
1692 4749 1757 4807 pos·

961 4832 1044 4888 sunt:
1065 4839 1115 4889 aut
1137 4829 1357 4909 quandoaulam
1372 4824 1532 4903 Principis,
1552 4828 1604 4882 aut
1616 4822 1756 4882 Diuorum

961 4923 1068 5002 templa
1088 4922 1162 4984 sorte
1183 4923 1396 5003 ingrediuntur,
1422 4923 1483 4976 turn
1504 4937 1598 4995 equos
1618 4917 1694 4975 domi
1714 4937 1757 4976 re·

959 5014 1090 5096 linquere
1110 5018 1216 5078 solent.

1038 5109 1157 5171 Domini
1183 5112 1258 5170 intra
1277 5106 1405 5184 privatos
1425 5104 1555 5181 parietes
1575 5124 1691 5183 semper
1711 5123 1757 5162 se-

962 5202 1048 5274 dent,
1067 5224 1133 5266 raro
1151 5207 1204 5265 aut
1224 5218 1370 5275 nunquam
1386 5197 1591 5261 inambulando
1604 5198 1758 5278 quiequam
