3742 5626
509 208 637 274 nucis
656 208 892 287 POLONIAE,
911 207 965 273 BT
984 206 1239 273 MOSCOVIAE
1258 207 1398 273 Ducis.
1751 210 1790 271 ru

122 380 280 459 protestari
301 395 337 436 se
356 395 455 435 coram
476 378 543 456 ipso
564 376 714 449 Antonio,
735 390 789 454 per
808 392 844 433 se
864 391 924 433 non
952 368 957 433 l
986 372 1014 431 ei
1033 372 1077 430 rei
1097 389 1190 451 posse
1210 372 1375 445 assentire,
1401 373 1533 434 crastina
1556 368 1605 432 die
1624 370 1789 445 rediturum

123 472 262 544 stetisse,
294 470 362 549 quin
389 489 447 549 pax
474 469 583 529 eoiret:
615 474 718 549 petere
740 464 867 547 denique
887 463 925 527 ab
952 466 956 481 ¹
985 465 1034 523 siu
1053 466 1161 534 minus,
1181 483 1254 525 sese
1274 460 1467 524 discessuros
1487 466 1618 525 omnino.

123 563 191 638 illo,
217 570 250 623 nt
271 562 463 621 Comitiorum
488 570 639 642 tempere,
666 579 742 640 qrrae
761 557 928 620 Varsariae
1061 554 1161 616 Nocte
1187 558 1356 635 insequenti
1388 576 1455 616 eum
1481 575 1516 617 ae
1543 558 1640 618 Mosei
1659 560 1792 641 aperuis-

124 656 307 717 inlllurtium
328 674 459 715 mensem
477 661 561 715 erant
581 650 703 728 indicta,
723 672 782 733 quo
795 644 946 731 tempore¹
986 655 1070 723 serit,
1101 668 1137 708 sc
1163 648 1243 710 rrrrlla
1270 651 1384 709 ratione
1407 647 1526 709 Velisio
1552 669 1646 730 porse
1672 650 1791 729 cedere,

125 750 226 809 lorsan
247 768 284 808 ex
304 745 461 807 Moscovia
488 765 524 807 eo
546 747 698 808 ⁴latonius
719 752 802 805 essct
819 740 951 823 reditu-n
986 739 1042 802 sed
1060 744 1087 801 si
1108 739 1197 820 Regii
1217 741 1342 812 vellent,
1369 760 1405 801 ae
1425 740 1537 821 reliqna
1566 744 1645 803 omni
1664 743 1792 807 Lirouiu

125 861 192 913 rus,
221 839 294 900 velit
313 838 509 920 Reipublicae
536 858 573 900 ae
591 838 698 917 Regno
719 856 818 898 eorum
840 834 928 897 iidem
956 812 959 915 l
987 853 1144 907 cessuros,
1174 842 1286 895 tantum
1308 830 1529 912 Novogardiam
1554 837 1730 911 retinerent,
1761 846 1794 901 et

125 936 239 995 testari.
279 932 384 1013 ltaque
403 951 438 992 se
458 931 575 993 llloscis
595 929 782 1004 valedicere,
801 950 838 991 ac
857 926 929 989 dare
956 926 959 943 '
986 926 1074 1005 Regii
1095 925 1260 997 Velisium,
1288 922 1357 986 dum
1384 925 1422 986 ab
1444 934 1569 1007 utroque
1588 926 1729 1011 Principe
1748 951 1792 995 ι..

126 1026 280 1097 «lenens,
304 1022 382 1085 idom
404 1044 470 1085 curn
490 1026 624 1087 Arrtonio
644 1024 782 1106 sequenti
804 1021 853 1082 die
872 1019 929 1082 sal·
957 1082 960 1099 Ξ
986 1038 1130 1101 sponsum
1151 1027 1372 1100 expectaretur,
1403 1038 1497 1098 eaqrra
1520 1040 1571 1083 res
1596 1041 1654 1083 nec
1675 1020 1793 1100 damno,

126 1128 186 1181 tem
206 1138 261 1200 per
279 1119 394 1180 litteras
413 1117 556 1180 lecturos.
957 1104 960 1173 l
987 1133 1043 1174 uec
1062 1110 1157 1173 iraudi
1182 1112 1354 1173 alterutrius
1383 1114 1477 1192 partis
1504 1112 1642 1175 eederet:
1669 1135 1794 1178 corruere

203 1210 279 1273 Tum
300 1211 401 1273 Mosei
426 1214 530 1292 paucis
551 1208 622 1287 (sed
641 1230 718 1291 qrrae
737 1208 829 1269 altum
850 1204 931 1267 dolo·
957 1182 961 1309 l
986 1212 1036 1266 tus
1057 1205 1174 1267 solutus
1195 1212 1250 1264 est
1290 1203 1377 1280 Quae
1402 1224 1473 1264 vero
1501 1226 1567 1266 cum
1592 1208 1734 1286 Legatis,
1764 1216 1795 1271 et

128 1326 188 1366 rem
209 1302 424 1380 ostendebant)
444 1314 617 1364 conuertere
638 1323 673 1363 se
695 1299 734 1363 ad
757 1302 932 1373 Antonium,
959 1370 961 1375 Α
988 1296 1055 1357 aliis
1077 1299 1226 1358 Antonius
1252 1300 1418 1376 praestilit,
1447 1305 1482 1358 ut
1506 1297 1604 1359 adhuc
1630 1304 1716 1381 pacis
1736 1310 1793 1364 tra·

127 1398 287 1481 dicereque
306 1417 341 1459 se
361 1395 400 1457 ad
421 1394 590 1457 mandatum
610 1399 705 1477 ipsius
725 1392 850 1454 biennia
868 1408 932 1451 ces·
959 1400 961 1461 ζ
988 1390 1080 1451 etatio
1101 1397 1207 1457 staret,
1227 1410 1262 1449 ea
1283 1410 1318 1450 cr
1338 1389 1446 1451 litteris
1465 1393 1588 1473 scriptis
1609 1390 1649 1453 ad
1668 1392 1794 1473 Regios,

127 1495 226 1553 sisse:
246 1490 425 1551 lllichacleur
440 1486 646 1550 llaralrurdam
661 1486 829 1565 intelligere
845 1502 932 1554 nune,
958 1542 962 1565 ,
989 1490 1079 1562 atque
1099 1478 1138 1541 ad
1158 1480 1290 1559 Regem,
1319 1482 1443 1560 intelligi
1464 1492 1608 1564 possunt:
1635 1506 1713 1567 quae
1733 1491 1794 1569 qui·

127 1606 165 1646 an
187 1604 257 1644 vera
277 1603 312 1644 ca
332 1582 480 1657 lusissent,
500 1602 576 1663 quae
597 1577 725 1641 dixisset
743 1581 844 1651 initio,
864 1596 932 1636 eum
958 1614 962 1657 ἰ
989 1571 1057 1633 dem
1078 1593 1137 1633 non
1157 1575 1268 1633 minimi
1292 1582 1364 1635 sunt
1382 1580 1539 1653 momenti,
1573 1576 1612 1641 ed
1638 1588 1731 1642 totum
1751 1584 1794 1642 rei

127 1676 166 1739 ad
192 1677 347 1740 liconiam
372 1672 546 1736 tradendam
579 1672 647 1733 illos
678 1670 860 1743 humaretur,
891 1672 932 1728 in·
959 1662 961 1681 ⁵
989 1674 1100 1728 statum
1122 1664 1375 1744 cognoscendum.
1812 1660 1819 1675 '

129 1772 244 1852 quiens,
264 1790 299 1830 ea
319 1767 405 1829 trabe
424 1768 568 1829 Lironiae
588 1763 743 1833 surbmota,
763 1762 932 1842 complana·
958 1752 962 1783 ⁸

129 1872 190 1924 tum
212 1865 246 1922 iri
266 1865 343 1922 viam
371 1859 408 1921 ad
433 1859 546 1938 reliqna
575 1860 688 1918 emnia:
716 1876 788 1919 sese
814 1852 932 1935 quidem
959 1884 961 1913 ι
1102 1862 1106 1867 “

129 1958 254 2019 livonia
275 1951 396 2026 cedere,
418 1952 594 2023 etfacisse,
614 1971 651 2012 ac
671 1969 728 2009 non
750 1948 846 2028 loquis
874 1942 961 2007 Re·¹
1008 1966 1124 2041 Dm
1153 1942 1343 2040 XXVm
1380 1967 1768 2050 DEOEMBMS

129 2052 196 2129 gion
222 2056 319 2108 autem
345 2046 441 2127 loqui,
465 2052 497 2106 et
520 2065 579 2103 non
605 2043 722 2115 lacere,
749 2036 873 2122 proinde
898 2059 934 2100 se
1766 2032 1776 2073 ²

129 2146 200 2204 item
221 2140 318 2202 Deum
339 2142 458 2214 testari,
489 2157 543 2218 per
562 2155 598 2196 ae
618 2155 677 2196 non
697 2137 837 2208 stetisse,
864 2134 933 2212 quin
961 2170 964 2205 3
1304 2108 1432 2157 ³⁸⁸⁸¹⁰
1453 2112 1481 2158 ¹·

129 2254 187 2316 pax
207 2231 306 2293 lieret:
326 2230 470 2305 riderent,
491 2249 582 2311 snper
594 2248 669 2309 qrres
689 2234 789 2288 tantus
811 2227 935 2303 sanguis

131 2335 215 2387 esset
234 2344 370 2387 casuros.
401 2323 550 2403 Denique,
569 2320 620 2381 ubi
640 2317 786 2400 quaedam
806 2316 934 2380 Michael
962 2300 964 2335 ¹
1069 2322 1144 2384 (lum
1171 2343 1207 2384 aa
1233 2321 1282 2384 dia
1310 2324 1397 2404 Regii
1420 2328 1484 2407 jam
1503 2346 1576 2388 sese
1600 2331 1631 2390 in
1649 2333 1727 2392 viam
1747 2331 1797 2395 da-

131 2415 308 2481 llaraburda
330 2418 367 2477 iis
378 2413 593 2497 respondisset,
616 2433 692 2495 quac
709 2420 797 2474 antea
818 2430 935 2492 quoque
962 2432 965 2451 ι
991 2424 1076 2478 turos
1097 2414 1262 2492 dixissent,
1293 2425 1324 2478 et
1349 2419 1446 2479 Mosei
1474 2418 1521 2481 bia
1542 2424 1610 2502 ejus
1630 2421 1688 2484 diei
1709 2435 1798 2488 nacta

131 2512 249 2572 fererant
268 2508 363 2580 dicta,
385 2511 537 2571 Arrionius
557 2507 615 2567 sibi
637 2504 756 2587 quidem
777 2498 936 2566 essedixil
963 2566 965 2577 ,
992 2511 1163 2590 superiore,
1195 2530 1261 2571 eum
1288 2510 1433 2584 lacrimis,
1465 2511 1515 2573 diu
1535 2513 1615 2595 apud
1634 2518 1797 2579 Antania.

132 2606 367 2686 optatissimum,
393 2611 427 2662 nt
445 2622 504 2684 pax
523 2599 621 2661 lieret:
647 2618 748 2659 rerum
774 2616 840 2657 cnm
866 2615 936 2657 neu·
963 2616 965 2643 ¹
993 2601 1137 2672 luissent,
1164 2611 1198 2663 ut
1217 2601 1255 2665 de
1276 2602 1413 2678 Velisio,
1440 2602 1511 2684 quid
1531 2613 1615 2669 esset
1635 2606 1798 2673 deliberan-

132 2707 207 2760 tram
229 2704 341 2779 partem
363 2714 470 2773 eogere
491 2700 607 2775 posset,
627 2699 662 2752 ut
680 2690 749 2753 fidei
770 2710 841 2768 erga
861 2707 936 2749 snos
994 2692 1079 2770 dum,
1105 2704 1284 2775 quaererent
1311 2696 1353 2770 (si
1380 2698 1458 2755 errim
1478 2696 1555 2777 Regi
1575 2701 1800 2782 relinqueretur,

98 2776 115 2809 '
132 2791 290 2871 Principes
311 2786 430 2849 debitae.
451 2783 602 2856 deessent,
621 2804 699 2844 rrunc
712 2780 830 2863 quidem
843 2778 937 2841 rideri
994 2785 1052 2846 sibi
1073 2787 1111 2847 ab
1131 2806 1187 2847 suro
1207 2786 1348 2867 Principe
1369 2788 1458 2847 vitain
1480 2787 1648 2872 ademptum
1669 2796 1720 2853 iri:
1750 2800 1799 2859 sin

133 2884 208 2955 sibi,
235 2890 267 2941 ut
285 2879 448 2940 Zarolocia
473 2900 491 2938 a
518 2877 673 2958 Stephano
694 2874 780 2952 Rege
799 2877 937 2935 restitua-
994 2899 1053 2959 pax
1071 2878 1110 2939 ob
1130 2896 1218 2939 unam
1239 2878 1319 2939 illam
1340 2898 1439 2938 arcem
1464 2878 1544 2942 lraud
1564 2897 1799 2966 componerem,

133 2987 197 3046 tur,
229 2968 467 3055 quandoquidem
493 2967 619 3029 naculum
645 2969 822 3029 senitentiam
844 2963 883 3026 de
902 2984 938 3027 ea
995 2971 1160 3051 intelligere
1186 2990 1236 3043 se,
1265 2990 1343 3031 novo
1373 2970 1451 3032 bello
1470 2977 1612 3054 repetito,
1644 2982 1800 3045 maximnm

134 3069 380 3153 pronunciasset:
411 3071 542 3124 ceterum
569 3080 692 3142 sperare
715 3078 766 3135 se,
799 3066 852 3120 aut
871 3077 938 3119 ean·
965 3062 967 3069 ’
995 3063 1060 3124 iore
1091 3066 1246 3144 sanguinis
1284 3060 1473 3140 effusionem)
1503 3068 1655 3131 numnius
1690 3075 1801 3139 nullan

134 3161 201 3222 dem
222 3179 326 3241 pacem
347 3155 475 3237 deniquo
494 3162 673 3223 secuturam,
693 3160 746 3214 aut
763 3154 821 3212 nisi
834 3172 938 3232 seque·
965 3166 968 3171 '
995 3156 1054 3219 sibi
1079 3160 1225 3219 rationem
1249 3175 1411 3237 superesse
1440 3156 1529 3235 dixit,
1559 3170 1631 3243 post
1654 3169 1700 3226 tot
1723 3166 1800 3231 alias

133 3262 232 3328 retur,
263 3258 380 3331 tempus
406 3247 536 3311 nondum
563 3249 742 3328 appetiisse,
775 3252 809 3305 ut
833 3241 938 3306 eadem
965 3226 968 3263 ¹
996 3269 1099 3311 omnes
1120 3257 1267 3323 taciturna,
1296 3249 1354 3309 nisi
1379 3257 1412 3311 ut
1429 3252 1512 3333 qm,
1535 3272 1594 3334 quo
1619 3255 1801 3337 Legum„

135 3365 271 3408 essemus
298 3342 389 3423 (ligni.
437 3338 527 3419 Quod
553 3342 580 3399 si
607 3346 729 3421 propter
757 3335 833 3399 duas
859 3340 938 3418 ejus·
965 3324 968 3425 l
994 3345 1075 3404 vitae
1104 3348 1294 3424 parceretur,
1324 3344 1483 3425 unicuique
1508 3345 1624 3408 illorum
1654 3350 1801 3433 chiragra.

135 3439 214 3501 modi
235 3456 321 3499 arces
342 3438 438 3497 neutri
459 3432 567 3495 cedere
586 3432 706 3507 vellent,
728 3429 864 3492 viderent
880 3429 937 3490 lle·
964 3438 967 3531 p
994 3436 1085 3518 phnm
1105 3438 1203 3515 signo,
1225 3454 1284 3515 quo
1304 3433 1452 3507 utebatur,
1470 3457 1527 3499 suo
1543 3444 1685 3505 munitum
1705 3446 1802 3511 trade-

136 3536 193 3614 gii,
224 3551 293 3591 num
326 3529 429 3592 decem
460 3525 574 3587 dierum
608 3523 793 3585 intervallum
823 3522 938 3583 lloscis
965 3566 968 3617 ,
995 3537 1051 3606 ret,
1070 3548 1129 3610 qno
1150 3526 1239 3590 fidem
1259 3526 1382 3600 faceret,
1400 3549 1436 3591 η
1456 3531 1524 3593 1110,
1544 3531 1584 3596 ,d
1604 3556 1670 3598 em
1690 3536 1801 3603 Μὴ,

136 3635 262 3709 possent
287 3621 468 3695 concedere,
497 3627 531 3680 ut
557 3618 705 3696 aliaque
726 3616 829 3690 Duce,
860 3618 940 3676 sicut
965 3680 968 3723 Ι
995 3625 1141 3682 rationem
1166 3619 1324 3700 adegisse:
1354 3629 1485 3684 cetemm
1516 3644 1552 3686 se
1577 3627 1684 3690 Mosco
1712 3642 1804 3713 capnt

136 3718 288 3802 petebant,
307 3734 483 3796 responsum
504 3732 541 3772 ea
553 3709 591 3770 de
602 3730 635 3770 re
646 3712 827 3791 acciperent.
849 3705 940 3784 Quod
995 3734 1081 3775 annm
1092 3713 1257 3785 allaturum,
1278 3722 1312 3775 ut
1328 3713 1450 3791 laceret,
1471 3716 1551 3797 quod
1563 3720 1662 3793 vellet,
1681 3724 1709 3781 si
1721 3722 1802 3803 qnid,

137 3833 203 3873 cum
224 3833 258 3872 se
280 3830 371 3891 posse
394 3803 559 3867 concedere
579 3802 666 3881 Regii
688 3808 859 3881 negassent,
879 3808 940 3860 tum
966 3808 968 3863 l
996 3805 1036 3869 ad
1071 3810 1141 3868 novi
1176 3805 1248 3867 belli
1281 3810 1531 3871 eorrunuationem
1562 3811 1802 3892 praecidendas,

135 3907 233 3965 Mosei
256 3924 290 3962 se
310 3900 435 3979 Derpati
462 3899 694 3969 rerstitutionem,
720 3902 751 3955 et
770 3894 828 3955 alia
848 3913 940 3973 supra
966 3968 969 3979 Ι
997 3895 1141 3961 audacius
1160 3897 1272 3960 laetum
1293 3899 1332 3960 alr
1353 3900 1487 3963 Antonio
1508 3902 1604 3964 luisse
1623 3903 1802 3983 judicasset.

136 3995 184 4071 id,
214 3992 295 4078 qnod
315 3999 468 4072 poterant,
498 3988 648 4070 pollicitos
675 3987 769 4048 inissa
789 3985 941 4050 dixeruntr
966 4044 970 4063 ,
997 3991 1092 4052 Porro
1112 3994 1172 4052 nisi
1193 3990 1275 4055 alind
1294 3995 1437 4072 consequi
1458 4004 1581 4073 pomp,
1602 4017 1638 4058 ,θ
1657 4021 1676 4062 ι
1696 3999 1804 4081 Μὴ

137 4089 240 4148 dolere
262 4084 364 4156 modo,
397 4082 476 4165 quod
497 4103 563 4144 cnm
583 4102 661 4164 pena
682 4078 877 4161 quadraginta
896 4077 941 4139 ar'·
996 4091 1187 4155 tentaturum,
1208 4091 1242 4143 ut
1260 4082 1409 4146 Velisium
1430 4086 1497 4147 selo
1517 4100 1703 4171 aequaretur.
1726 4093 1803 4157 Tam

137 4202 191 4242 ces
217 4176 388 4239 reddendae
413 4180 489 4251 sint,
521 4175 560 4237 ob
591 4173 666 4236 duas
697 4182 826 4248 tantum,
856 4176 941 4255 pacis
967 4166 970 4239 l
997 4179 1095 4239 Mosei
1114 4196 1159 4249 se,
1180 4175 1307 4237 salutem
1328 4197 1423 4255 suam,
1441 4176 1589 4244 Velisium
1605 4181 1733 4269 denique
1751 4190 1803 4264 ita,

137 4271 286 4335 vinculum
324 4277 408 4330 esset
443 4266 677 4330 dissolvendum.
733 4266 820 4346 Regii
860 4286 942 4341 roro,
968 4272 970 4279 ’
997 4279 1031 4332 ut
1051 4270 1158 4332 saltem
1178 4277 1376 4346 everteretur,
1395 4271 1562 4355 relinquere
1582 4281 1612 4339 in
1633 4298 1721 4343 manu
1739 4282 1802 4345 An·

138 4363 275 4449 quando,
310 4363 459 4443 inquiunt,
489 4382 581 4443 supra
606 4360 652 4437 id,
683 4358 763 4442 qued
789 4362 943 4441 potuistis,
998 4364 1072 4425 tonii
1095 4360 1247 4424 direnmtr
1272 4370 1386 4425 tantum
1411 4366 1632 4444 recordaretur,
1662 4381 1698 4434 ut
1722 4374 1805 4456 apud

138 4459 337 4543 promisistis;
362 4453 461 4515 adhue
480 4462 511 4515 et
531 4456 588 4516 lmc
608 4454 714 4516 lacite:
740 4474 795 4515 vos
816 4451 854 4514 de
874 4473 942 4525 uua,
998 4457 1138 4536 Magnum
1158 4456 1272 4517 Ducem
1295 4455 1371 4519 lraec
1395 4478 1446 4521 res
1471 4480 1510 4521 ne
1529 4462 1589 4523 silui
1609 4466 1685 4545 ipris
1706 4467 1804 4527 interi·

138 4574 195 4615 nos
216 4549 254 4611 de
274 4550 368 4610 altera
389 4568 426 4607 ex
445 4546 571 4623 donabus,
592 4547 754 4629 dequibus
775 4556 942 4609 controver·
998 4558 1060 4611 tum
1085 4549 1212 4612 efferret.
1253 4548 1341 4627 Quae
1366 4570 1433 4611 curn
1458 4561 1527 4614 aeta
1553 4564 1671 4627 essent,
1702 4576 1805 4637 ruper-

138 4648 187 4708 sia
208 4652 263 4716 est,
284 4643 408 4705 Antonii
426 4638 542 4721 jndicio
563 4648 692 4703 ammos:
714 4650 812 4703 atros
831 4641 942 4721 uagam
998 4662 1108 4707 verrere
1128 4643 1236 4722 Legati
1258 4641 1363 4723 Regis,
1383 4642 1490 4706 abituri
1510 4646 1639 4725 longius,
1659 4657 1690 4708 et
1709 4650 1805 4711 Anto·

138 4740 225 4808 Deci,
246 4757 302 4796 nos
323 4733 558 4814 Regideniqne,
578 4754 613 4795 ea
626 4754 659 4795 re
679 4738 709 4795 in
722 4742 943 4816 nossuecepta,
1000 4741 1050 4799 nio
1074 4739 1200 4818 primum
1224 4734 1416 4805 valedicenti,
1448 4735 1505 4798 sed
1533 4746 1597 4798 tota
1628 4759 1661 4798 re
1693 4737 1805 4816 audita,
1847 4735 1858 4754 ⁸

140 4834 283 4893 rationem
304 4827 474 4890 reddamus.
514 4825 573 4887 llic
599 4845 665 4886 cum
685 4827 836 4888 Antcmius
857 4827 943 4887 obse·
1000 4832 1058 4911 ipsi
1077 4832 1140 4910 jam
1160 4848 1196 4889 se
1216 4826 1365 4887 Velisium
1385 4826 1505 4890 tradere
1526 4831 1659 4891 Antonio
1679 4832 1805 4914 polliciti

142 4932 259 4987 orasset
285 4922 418 5003 Regios,
447 4928 481 4980 ut
508 4918 626 4980 Moscis
656 4916 695 4980 ad
723 4917 945 4980 deliberandum
1001 4930 1087 4998 sunt,
1114 4924 1160 4981 cui
1181 4927 1265 4980 essct
1287 4923 1433 4999 integrum
1454 4940 1491 4980 eo
1512 4923 1678 5002 imponere,
1698 4931 1748 5009 qui
1770 4950 1807 4991 ex

141 5025 260 5078 noctem
292 5036 357 5077 eam
393 5014 490 5077 adlrnc
520 5010 734 5074 concederent:
772 5012 860 5091 liegii
899 5031 946 5072 as·
1002 5017 1069 5095 ejus
1097 5016 1239 5073 comitatu
1265 5020 1363 5085 erant,
1392 5020 1426 5072 ut
1445 5008 1574 5095 denique
1592 5016 1640 5077 vel
1660 5017 1737 5098 Regi
1762 5041 1806 5083 ra.

143 5117 320 5183 aenscmnt,
355 5129 391 5169 ea
421 5108 503 5187 lege,
532 5113 566 5165 ut
598 5104 747 5181 dicerent,
779 5107 807 5165 si
838 5106 877 5165 iis
906 5102 946 5165 alr
1003 5107 1193 5186 linqueretur,
1214 5104 1262 5166 vel
1278 5102 1309 5165 id
1321 5103 1413 5179 lieret,
1434 5103 1514 5187 quod
1531 5105 1714 5188 judicasset.
1737 5112 1806 5175 sibi

144 5204 279 5265 Antonio
297 5198 493 5280 significatum
514 5199 623 5263 luisset
633 5206 702 5260 ante
712 5196 800 5270 diem,
821 5197 947 5263 lloscos
1003 5206 1102 5262 autem
1124 5215 1183 5259 non
1202 5216 1273 5261 esse
1292 5194 1331 5261 de
1351 5199 1411 5263 rita
1429 5197 1638 5275 dubitandum,
1670 5207 1698 5266 si
1717 5226 1754 5265 ea
1775 5207 1806 5266 in
