<?xml version="1.0" encoding="UTF-8"?>
<!DOCTYPE html PUBLIC "-//W3C//DTD XHTML 1.0 Transitional//EN"
    "http://www.w3.org/TR/xhtml1/DTD/xhtml1-transitional.dtd">
<html xmlns="http://www.w3.org/1999/xhtml" xml:lang="en" lang="en">
 <head>
  <title>
</title>
<meta http-equiv="Content-Type" content="text/html;charset=utf-8" />
  <meta name='ocr-system' content='tesseract 3.04.00' />
  <meta name='ocr-capabilities' content='ocr_page ocr_carea ocr_par ocr_line ocrx_word'/>
</head>
<body>
  <div class='ocr_page' id='page_1' title='image "./historiaeruthen00stargoog_0690.png"; bbox 0 0 3734 5610; ppageno 0'>
   <div class='ocr_carea' id='block_1_1' title="bbox 542 219 1731 293">
    <p class='ocr_par' dir='ltr' id='par_1_1' title="bbox 542 219 1731 293">
     <span class='ocr_line' id='line_1_1' title="bbox 542 219 1731 293; baseline 0.002 -8"><span class='ocrx_word' id='word_1_1' title='bbox 542 246 549 285; x_wconf 83' lang='grc' dir='ltr'>ι</span> <span class='ocrx_word' id='word_1_2' title='bbox 591 221 671 289; x_wconf 69' lang='lat' dir='ltr'>·OE</span> <span class='ocrx_word' id='word_1_3' title='bbox 691 220 832 293; x_wconf 67' lang='lat' dir='ltr'>REBUS</span> <span class='ocrx_word' id='word_1_4' title='bbox 852 219 1187 289; x_wconf 70' lang='lat' dir='ltr'>mosoevmtase</span> <span class='ocrx_word' id='word_1_5' title='bbox 1213 248 1233 275; x_wconf 77' lang='lat'>›·</span> <span class='ocrx_word' id='word_1_6' title='bbox 1254 242 1302 287; x_wconf 84' lang='grc' dir='ltr'>ι.-·</span> <span class='ocrx_word' id='word_1_7' title='bbox 1353 240 1418 285; x_wconf 80' lang='grc'><strong>;·.·</strong></span> <span class='ocrx_word' id='word_1_8' title='bbox 1671 225 1731 287; x_wconf 59' lang='grc' dir='ltr'>Νι</span> 
     </span>
    </p>
   </div>
   <div class='ocr_carea' id='block_1_2' title="bbox 62 383 1731 1588">
    <p class='ocr_par' dir='ltr' id='par_1_2' title="bbox 62 383 1731 1588">
     <span class='ocr_line' id='line_1_2' title="bbox 68 383 1729 471; baseline 0.003 -24"><span class='ocrx_word' id='word_1_9' title='bbox 68 388 170 449; x_wconf 88' lang='lat' dir='ltr'>tierem</span> <span class='ocrx_word' id='word_1_10' title='bbox 190 385 342 457; x_wconf 65' lang='lat' dir='ltr'>faeiatld</span> <span class='ocrx_word' id='word_1_11' title='bbox 362 384 462 447; x_wconf 81' lang='lat' dir='ltr'>tersae</span> <span class='ocrx_word' id='word_1_12' title='bbox 483 385 646 449; x_wconf 84' lang='lat' dir='ltr'>rationibus</span> <span class='ocrx_word' id='word_1_13' title='bbox 666 386 764 467; x_wconf 85' lang='lat' dir='ltr'>ipsius</span> <span class='ocrx_word' id='word_1_14' title='bbox 783 403 867 451; x_wconf 80' lang='lat' dir='ltr'>exer·</span> <span class='ocrx_word' id='word_1_15' title='bbox 890 412 894 417; x_wconf 95' lang='lat'>·</span> <span class='ocrx_word' id='word_1_16' title='bbox 924 384 1058 451; x_wconf 79' lang='lat' dir='ltr'>Restant</span> <span class='ocrx_word' id='word_1_17' title='bbox 1075 383 1213 471; x_wconf 75' lang='lat' dir='ltr'>deusde</span> <span class='ocrx_word' id='word_1_18' title='bbox 1230 386 1369 466; x_wconf 82' lang='lat' dir='ltr'>eaptiris·</span> <span class='ocrx_word' id='word_1_19' title='bbox 1407 385 1509 451; x_wconf 77' lang='lat' dir='ltr'>Scene</span> <span class='ocrx_word' id='word_1_20' title='bbox 1529 388 1624 464; x_wconf 88' lang='lat' dir='ltr'>enim,</span> <span class='ocrx_word' id='word_1_21' title='bbox 1642 408 1729 467; x_wconf 75' lang='lat' dir='ltr'>quan</span> 
     </span>
     <span class='ocr_line' id='line_1_3' title="bbox 64 476 1729 566; baseline 0.001 -23"><span class='ocrx_word' id='word_1_22' title='bbox 64 481 145 543; x_wconf 83' lang='lat' dir='ltr'>uitus</span> <span class='ocrx_word' id='word_1_23' title='bbox 166 500 224 541; x_wconf 90' lang='lat' dir='ltr'>nnn</span> <span class='ocrx_word' id='word_1_24' title='bbox 244 482 301 541; x_wconf 88' lang='lat' dir='ltr'>erit</span> <span class='ocrx_word' id='word_1_25' title='bbox 318 480 547 547; x_wconf 84' lang='lat' dir='ltr'>incommodum.</span> <span class='ocrx_word' id='word_1_26' title='bbox 580 479 747 541; x_wconf 78' lang='lat' dir='ltr'>conavere</span> <span class='ocrx_word' id='word_1_27' title='bbox 766 477 867 541; x_wconf 81' lang='lat' dir='ltr'>Mosei</span> <span class='ocrx_word' id='word_1_28' title='bbox 927 479 1086 541; x_wconf 82' lang='lat' dir='ltr'>incastris</span> <span class='ocrx_word' id='word_1_29' title='bbox 1108 484 1262 563; x_wconf 67' lang='lat' dir='ltr'>statutum·</span> <span class='ocrx_word' id='word_1_30' title='bbox 1276 476 1388 551; x_wconf 84' lang='lat' dir='ltr'>suerat,</span> <span class='ocrx_word' id='word_1_31' title='bbox 1411 481 1614 562; x_wconf 73' lang='lat' dir='ltr'>nobisque-V.</span> <span class='ocrx_word' id='word_1_32' title='bbox 1631 480 1729 566; x_wconf 62' lang='grc' dir='ltr'>Μιιιὲ</span> 
     </span>
     <span class='ocr_line' id='line_1_4' title="bbox 63 569 1729 655; baseline 0.001 -21"><span class='ocrx_word' id='word_1_33' title='bbox 63 574 193 645; x_wconf 87' lang='lat' dir='ltr'>instent,</span> <span class='ocrx_word' id='word_1_34' title='bbox 221 578 253 633; x_wconf 94' lang='lat' dir='ltr'>ut</span> <span class='ocrx_word' id='word_1_35' title='bbox 277 575 383 654; x_wconf 84' lang='lat' dir='ltr'>captivi</span> <span class='ocrx_word' id='word_1_36' title='bbox 405 573 564 635; x_wconf 85' lang='lat' dir='ltr'>liberaliter</span> <span class='ocrx_word' id='word_1_37' title='bbox 583 592 688 641; x_wconf 81' lang='lat' dir='ltr'>omnes</span> <span class='ocrx_word' id='word_1_38' title='bbox 706 570 867 655; x_wconf 83' lang='lat' dir='ltr'>tradantur,</span> <span class='ocrx_word' id='word_1_39' title='bbox 925 577 992 635; x_wconf 77' lang='lat' dir='ltr'>stas</span> <span class='ocrx_word' id='word_1_40' title='bbox 1008 569 1180 644; x_wconf 75' lang='lat' dir='ltr'>dictaverat,</span> <span class='ocrx_word' id='word_1_41' title='bbox 1196 571 1414 651; x_wconf 79' lang='lat' dir='ltr'>Legati&#39;Regii</span> <span class='ocrx_word' id='word_1_42' title='bbox 1433 571 1618 639; x_wconf 70' lang='grc' dir='ltr'>ιιαιιιὲιιιιι</span> <span class='ocrx_word' id='word_1_43' title='bbox 1635 576 1729 651; x_wconf 81' lang='lat' dir='ltr'>(neve</span> 
     </span>
     <span class='ocr_line' id='line_1_5' title="bbox 64 663 1729 746; baseline 0.004 -20"><span class='ocrx_word' id='word_1_44' title='bbox 64 687 163 744; x_wconf 86' lang='lat' dir='ltr'>eaque</span> <span class='ocrx_word' id='word_1_45' title='bbox 187 686 238 731; x_wconf 85' lang='lat' dir='ltr'>res</span> <span class='ocrx_word' id='word_1_46' title='bbox 257 665 295 729; x_wconf 84' lang='lat' dir='ltr'>ad</span> <span class='ocrx_word' id='word_1_47' title='bbox 314 665 525 745; x_wconf 73' lang='lat' dir='ltr'>meabegabs</span> <span class='ocrx_word' id='word_1_48' title='bbox 537 663 751 745; x_wconf 82' lang='lat' dir='ltr'>Regiisrelata</span> <span class='ocrx_word' id='word_1_49' title='bbox 769 663 868 729; x_wconf 83' lang='lat' dir='ltr'>adbuc</span> <span class='ocrx_word' id='word_1_50' title='bbox 927 664 1064 729; x_wconf 67' lang='lat' dir='ltr'>undere</span> <span class='ocrx_word' id='word_1_51' title='bbox 1083 666 1233 746; x_wconf 76' lang='lat' dir='ltr'>accepto)</span> <span class='ocrx_word' id='word_1_52' title='bbox 1246 668 1391 745; x_wconf 80' lang='lat' dir='ltr'>oportere</span> <span class='ocrx_word' id='word_1_53' title='bbox 1415 664 1525 727; x_wconf 82' lang='lat' dir='ltr'>Hodie</span> <span class='ocrx_word' id='word_1_54' title='bbox 1535 688 1610 729; x_wconf 83' lang='lat' dir='ltr'>vero</span> <span class='ocrx_word' id='word_1_55' title='bbox 1626 669 1729 744; x_wconf 75' lang='lat' dir='ltr'>altera,</span> 
     </span>
     <span class='ocr_line' id='line_1_6' title="bbox 63 755 1731 845; baseline 0.004 -26"><span class='ocrx_word' id='word_1_56' title='bbox 63 758 191 819; x_wconf 83' lang='lat' dir='ltr'>babeat</span> <span class='ocrx_word' id='word_1_57' title='bbox 198 758 420 832; x_wconf 80' lang='lat' dir='ltr'>difficultatem,</span> <span class='ocrx_word' id='word_1_58' title='bbox 449 758 529 845; x_wconf 70' lang='lat' dir='ltr'>qued</span> <span class='ocrx_word' id='word_1_59' title='bbox 554 757 655 821; x_wconf 84' lang='lat' dir='ltr'>blosci</span> <span class='ocrx_word' id='word_1_60' title='bbox 679 758 807 833; x_wconf 89' lang='lat' dir='ltr'>diserte,</span> <span class='ocrx_word' id='word_1_61' title='bbox 831 777 867 823; x_wconf 75' lang='lat' dir='ltr'>ac</span> <span class='ocrx_word' id='word_1_62' title='bbox 926 759 955 818; x_wconf 93' lang='lat' dir='ltr'>in</span> <span class='ocrx_word' id='word_1_63' title='bbox 991 758 1181 837; x_wconf 83' lang='lat' dir='ltr'>Legatoruru</span> <span class='ocrx_word' id='word_1_64' title='bbox 1202 763 1382 832; x_wconf 83' lang='lat' dir='ltr'>eonventu,&#39;</span> <span class='ocrx_word' id='word_1_65' title='bbox 1396 755 1618 839; x_wconf 85' lang='lat' dir='ltr'>Plenipoteotia</span> <span class='ocrx_word' id='word_1_66' title='bbox 1650 763 1731 826; x_wconf 81' lang='lat' dir='ltr'>laeta</span> 
     </span>
     <span class='ocr_line' id='line_1_7' title="bbox 63 836 1729 937; baseline 0.002 -24"><span class='ocrx_word' id='word_1_67' title='bbox 63 851 202 932; x_wconf 82' lang='lat' dir='ltr'>plaeere</span> <span class='ocrx_word' id='word_1_68' title='bbox 221 851 328 916; x_wconf 81' lang='lat' dir='ltr'>litteris</span> <span class='ocrx_word' id='word_1_69' title='bbox 342 853 443 923; x_wconf 88' lang='lat' dir='ltr'>velint,</span> <span class='ocrx_word' id='word_1_70' title='bbox 460 853 527 917; x_wconf 83' lang='lat' dir='ltr'>elne</span> <span class='ocrx_word' id='word_1_71' title='bbox 547 851 620 917; x_wconf 85' lang='lat' dir='ltr'>alia</span> <span class='ocrx_word' id='word_1_72' title='bbox 627 851 783 913; x_wconf 86' lang='lat' dir='ltr'>dilatione</span> <span class='ocrx_word' id='word_1_73' title='bbox 789 836 867 937; x_wconf 76' lang='lat' dir='ltr'>berit</span> <span class='ocrx_word' id='word_1_74' title='bbox 926 855 989 927; x_wconf 87' lang='lat' dir='ltr'>est,</span> <span class='ocrx_word' id='word_1_75' title='bbox 1023 872 1110 931; x_wconf 83' lang='lat' dir='ltr'>quam</span> <span class='ocrx_word' id='word_1_76' title='bbox 1127 849 1256 913; x_wconf 73' lang='lat' dir='ltr'>Munus</span> <span class='ocrx_word' id='word_1_77' title='bbox 1275 851 1374 915; x_wconf 71' lang='lat' dir='ltr'>uisite</span> <span class='ocrx_word' id='word_1_78' title='bbox 1388 849 1593 925; x_wconf 74' lang='lat' dir='ltr'>admonitus,</span> <span class='ocrx_word' id='word_1_79' title='bbox 1590 857 1729 934; x_wconf 77' lang='lat' dir='ltr'>prinam</span> 
     </span>
     <span class='ocr_line' id='line_1_8' title="bbox 62 930 1730 1052; baseline 0.005 -48"><span class='ocrx_word' id='word_1_80' title='bbox 62 943 162 1005; x_wconf 82' lang='lat' dir='ltr'>videat</span> <span class='ocrx_word' id='word_1_81' title='bbox 195 944 237 1005; x_wconf 84' lang='grc' dir='ltr'>ι’.</span> <span class='ocrx_word' id='word_1_82' title='bbox 257 946 295 1009; x_wconf 84' lang='lat' dir='ltr'>D.</span> <span class='ocrx_word' id='word_1_83' title='bbox 321 945 366 1009; x_wconf 99' lang='grc' dir='ltr'>Μ.</span> <span class='ocrx_word' id='word_1_84' title='bbox 397 944 467 1026; x_wconf 87' lang='lat' dir='ltr'>quid</span> <span class='ocrx_word' id='word_1_85' title='bbox 487 943 713 1011; x_wconf 79' lang='lat' dir='ltr'>,Christianam</span> <span class='ocrx_word' id='word_1_86' title='bbox 726 930 867 1052; x_wconf 72' lang='lat' dir='ltr'>pietatem</span> <span class='ocrx_word' id='word_1_87' title='bbox 922 944 1084 1011; x_wconf 81' lang='lat' dir='ltr'>invalidam</span> <span class='ocrx_word' id='word_1_88' title='bbox 1114 956 1197 1011; x_wconf 77' lang='lat' dir='ltr'>esse.</span> <span class='ocrx_word' id='word_1_89' title='bbox 1226 941 1387 1031; x_wconf 74' lang='grc' dir='ltr'>ιιιιιιιιι</span> <span class='ocrx_word' id='word_1_90' title='bbox 1392 949 1454 1009; x_wconf 79' lang='lat' dir='ltr'>,est</span> <span class='ocrx_word' id='word_1_91' title='bbox 1481 947 1571 1009; x_wconf 75' lang='grc' dir='ltr'>ιιιιι.</span> <span class='ocrx_word' id='word_1_92' title='bbox 1591 945 1661 1010; x_wconf 88' lang='lat' dir='ltr'>btnc</span> <span class='ocrx_word' id='word_1_93' title='bbox 1690 952 1730 1014; x_wconf 77' lang='lat' dir='ltr'>ad</span> 
     </span>
     <span class='ocr_line' id='line_1_9' title="bbox 62 1022 1729 1127; baseline 0.004 -28"><span class='ocrx_word' id='word_1_94' title='bbox 62 1037 212 1103; x_wconf 75' lang='lat' dir='ltr'>doceat.</span> <span class='ocrx_word' id='word_1_95' title='bbox 218 1035 393 1120; x_wconf 77' lang='lat' dir='ltr'>liquidem,</span> <span class='ocrx_word' id='word_1_96' title='bbox 422 1046 508 1116; x_wconf 90' lang='lat' dir='ltr'>puto,</span> <span class='ocrx_word' id='word_1_97' title='bbox 542 1042 720 1119; x_wconf 68' lang='lat' dir='ltr'>praestaret,</span> <span class='ocrx_word' id='word_1_98' title='bbox 751 1042 806 1097; x_wconf 90' lang='grc' dir='ltr'>ιιι</span> <span class='ocrx_word' id='word_1_99' title='bbox 815 1038 868 1127; x_wconf 81' lang='lat' dir='ltr'>qui</span> <span class='ocrx_word' id='word_1_100' title='bbox 925 1039 1022 1118; x_wconf 82' lang='lat' dir='ltr'>ipsum</span> <span class='ocrx_word' id='word_1_101' title='bbox 1043 1035 1337 1116; x_wconf 67' lang='grc' dir='ltr'>Ριιιιιριιιιιιιιιιι.Ι</span> <span class='ocrx_word' id='word_1_102' title='bbox 1351 1022 1530 1118; x_wconf 68' lang='lat' dir='ltr'>Maiestatis</span> <span class='ocrx_word' id='word_1_103' title='bbox 1555 1043 1729 1122; x_wconf 76' lang='lat' dir='ltr'>exemplam,</span> 
     </span>
     <span class='ocr_line' id='line_1_10' title="bbox 63 1114 1729 1211; baseline 0.004 -18"><span class='ocrx_word' id='word_1_104' title='bbox 63 1131 174 1193; x_wconf 91' lang='lat' dir='ltr'>sunt</span> <span class='ocrx_word' id='word_1_105' title='bbox 166 1151 198 1193; x_wconf 89' lang='lat' dir='ltr'>ru</span> <span class='ocrx_word' id='word_1_106' title='bbox 223 1132 331 1193; x_wconf 69' lang='lat' dir='ltr'>matris</span> <span class='ocrx_word' id='word_1_107' title='bbox 356 1131 480 1209; x_wconf 54' lang='lat' dir='ltr'>napaei,</span> <span class='ocrx_word' id='word_1_108' title='bbox 511 1133 558 1191; x_wconf 87' lang='grc' dir='ltr'>ιιι</span> <span class='ocrx_word' id='word_1_109' title='bbox 580 1144 695 1195; x_wconf 60' lang='lat' dir='ltr'>mecum</span> <span class='ocrx_word' id='word_1_110' title='bbox 725 1114 867 1205; x_wconf 82' lang='lat' dir='ltr'>venirerit,</span> <span class='ocrx_word' id='word_1_111' title='bbox 926 1130 1003 1211; x_wconf 83' lang='lat' dir='ltr'>qood</span> <span class='ocrx_word' id='word_1_112' title='bbox 1030 1151 1089 1210; x_wconf 85' lang='lat' dir='ltr'>ego</span> <span class='ocrx_word' id='word_1_113' title='bbox 1118 1129 1296 1195; x_wconf 74' lang='lat' dir='ltr'>tradjeaa·</span> <span class='ocrx_word' id='word_1_114' title='bbox 1324 1129 1454 1195; x_wconf 76' lang='lat' dir='ltr'>Murcia.</span> <span class='ocrx_word' id='word_1_115' title='bbox 1493 1131 1570 1197; x_wconf 80' lang='lat' dir='ltr'>Cum</span> <span class='ocrx_word' id='word_1_116' title='bbox 1598 1150 1669 1197; x_wconf 80' lang='lat' dir='ltr'>vero</span> <span class='ocrx_word' id='word_1_117' title='bbox 1689 1152 1729 1200; x_wconf 81' lang='grc' dir='ltr'>ιι</span> 
     </span>
     <span class='ocr_line' id='line_1_11' title="bbox 63 1222 1726 1309; baseline 0.005 -25"><span class='ocrx_word' id='word_1_118' title='bbox 63 1222 113 1284; x_wconf 82' lang='grc' dir='ltr'>ιιι</span> <span class='ocrx_word' id='word_1_119' title='bbox 131 1229 212 1285; x_wconf 87' lang='lat' dir='ltr'>certe</span> <span class='ocrx_word' id='word_1_120' title='bbox 232 1222 359 1286; x_wconf 87' lang='lat' dir='ltr'>candide</span> <span class='ocrx_word' id='word_1_121' title='bbox 379 1223 562 1300; x_wconf 84' lang='lat' dir='ltr'>alliceretur,</span> <span class='ocrx_word' id='word_1_122' title='bbox 582 1244 620 1289; x_wconf 89' lang='lat' dir='ltr'>ee</span> <span class='ocrx_word' id='word_1_123' title='bbox 640 1223 739 1303; x_wconf 80' lang='lat' dir='ltr'>aliquo</span> <span class='ocrx_word' id='word_1_124' title='bbox 759 1223 797 1286; x_wconf 91' lang='lat' dir='ltr'>ab</span> <span class='ocrx_word' id='word_1_125' title='bbox 816 1224 867 1289; x_wconf 74' lang='lat' dir='ltr'>ni·</span> <span class='ocrx_word' id='word_1_126' title='bbox 925 1225 1051 1287; x_wconf 82' lang='lat' dir='ltr'>alierum</span> <span class='ocrx_word' id='word_1_127' title='bbox 1069 1224 1229 1289; x_wconf 76' lang='lat' dir='ltr'>litterarum</span> <span class='ocrx_word' id='word_1_128' title='bbox 1248 1225 1401 1303; x_wconf 83' lang='lat' dir='ltr'>exemplo,</span> <span class='ocrx_word' id='word_1_129' title='bbox 1417 1244 1493 1309; x_wconf 79' lang='lat' dir='ltr'>ques</span> <span class='ocrx_word' id='word_1_130' title='bbox 1505 1226 1584 1287; x_wconf 91' lang='grc' dir='ltr'>-ιιιιιιι</span> <span class='ocrx_word' id='word_1_131' title='bbox 1599 1227 1726 1303; x_wconf 77' lang='lat' dir='ltr'>Mesena</span> 
     </span>
     <span class='ocr_line' id='line_1_12' title="bbox 63 1315 1728 1404; baseline 0.005 -28"><span class='ocrx_word' id='word_1_132' title='bbox 63 1315 164 1377; x_wconf 86' lang='lat' dir='ltr'>litibus</span> <span class='ocrx_word' id='word_1_133' title='bbox 193 1317 408 1394; x_wconf 81' lang='lat' dir='ltr'>ablegarentur.</span> <span class='ocrx_word' id='word_1_134' title='bbox 459 1316 513 1379; x_wconf 81' lang='lat' dir='ltr'>Sic</span> <span class='ocrx_word' id='word_1_135' title='bbox 551 1315 671 1382; x_wconf 81' lang='lat' dir='ltr'>fidelius</span> <span class='ocrx_word' id='word_1_136' title='bbox 708 1316 869 1379; x_wconf 82' lang='lat' dir='ltr'>cumulabit</span> <span class='ocrx_word' id='word_1_137' title='bbox 926 1328 1043 1397; x_wconf 69' lang='lat' dir='ltr'>patmos</span> <span class='ocrx_word' id='word_1_138' title='bbox 1057 1324 1127 1377; x_wconf 81' lang='lat' dir='ltr'>aute</span> <span class='ocrx_word' id='word_1_139' title='bbox 1147 1315 1214 1385; x_wconf 85' lang='lat' dir='ltr'>dies</span> <span class='ocrx_word' id='word_1_140' title='bbox 1231 1317 1322 1389; x_wconf 75' lang='lat' dir='ltr'>nisit,</span> <span class='ocrx_word' id='word_1_141' title='bbox 1340 1317 1383 1377; x_wconf 89' lang='lat' dir='ltr'>sit</span> <span class='ocrx_word' id='word_1_142' title='bbox 1400 1317 1500 1380; x_wconf 80' lang='grc' dir='ltr'>ιιιιιιιιι</span> <span class='ocrx_word' id='word_1_143' title='bbox 1521 1317 1728 1404; x_wconf 60' lang='grc' dir='ltr'>,7.[Μιιιιιιι</span> 
     </span>
     <span class='ocr_line' id='line_1_13' title="bbox 64 1408 1728 1493; baseline 0.005 -23"><span class='ocrx_word' id='word_1_144' title='bbox 64 1411 203 1470; x_wconf 85' lang='lat' dir='ltr'>victorias</span> <span class='ocrx_word' id='word_1_145' title='bbox 223 1411 308 1470; x_wconf 89' lang='lat' dir='ltr'>Deus</span> <span class='ocrx_word' id='word_1_146' title='bbox 329 1412 381 1485; x_wconf 88' lang='lat' dir='ltr'>iis,</span> <span class='ocrx_word' id='word_1_147' title='bbox 407 1411 456 1488; x_wconf 88' lang='lat' dir='ltr'>qui</span> <span class='ocrx_word' id='word_1_148' title='bbox 485 1409 576 1471; x_wconf 82' lang='lat' dir='ltr'>tidem</span> <span class='ocrx_word' id='word_1_149' title='bbox 593 1409 866 1479; x_wconf 82' lang='lat' dir='ltr'>sincerioremser·</span> <span class='ocrx_word' id='word_1_150' title='bbox 925 1411 1043 1492; x_wconf 79' lang='lat' dir='ltr'>plenius</span> <span class='ocrx_word' id='word_1_151' title='bbox 1069 1409 1268 1481; x_wconf 76' lang='lat' dir='ltr'>intellectura,</span> <span class='ocrx_word' id='word_1_152' title='bbox 1298 1408 1380 1491; x_wconf 82' lang='lat' dir='ltr'>quoti</span> <span class='ocrx_word' id='word_1_153' title='bbox 1404 1411 1463 1493; x_wconf 83' lang='lat' dir='ltr'>ipal</span> <span class='ocrx_word' id='word_1_154' title='bbox 1488 1432 1529 1474; x_wconf 86' lang='lat' dir='ltr'>ex</span> <span class='ocrx_word' id='word_1_155' title='bbox 1548 1412 1728 1479; x_wconf 86' lang='lat' dir='ltr'>&#39;Biscovicio</span> 
     </span>
     <span class='ocr_line' id='line_1_14' title="bbox 63 1500 1728 1588; baseline 0.005 -26"><span class='ocrx_word' id='word_1_156' title='bbox 63 1503 181 1563; x_wconf 80' lang='lat' dir='ltr'>vuirunt.</span> <span class='ocrx_word' id='word_1_157' title='bbox 210 1500 396 1582; x_wconf 68' lang='lat' dir='ltr'>sicquidem</span> <span class='ocrx_word' id='word_1_158' title='bbox 416 1502 473 1563; x_wconf 91' lang='lat' dir='ltr'>boc</span> <span class='ocrx_word' id='word_1_159' title='bbox 493 1503 560 1562; x_wconf 90' lang='lat' dir='ltr'>anui</span> <span class='ocrx_word' id='word_1_160' title='bbox 581 1503 663 1562; x_wconf 90' lang='lat' dir='ltr'>initio</span> <span class='ocrx_word' id='word_1_161' title='bbox 683 1504 868 1563; x_wconf 86' lang='lat' dir='ltr'>conclamata</span> <span class='ocrx_word' id='word_1_162' title='bbox 925 1505 1118 1584; x_wconf 75' lang='lat' dir='ltr'>scripseram,</span> <span class='ocrx_word' id='word_1_163' title='bbox 1151 1508 1310 1583; x_wconf 88' lang='lat' dir='ltr'>propterea</span> <span class='ocrx_word' id='word_1_164' title='bbox 1333 1522 1392 1565; x_wconf 88' lang='lat' dir='ltr'>non</span> <span class='ocrx_word' id='word_1_165' title='bbox 1417 1509 1486 1581; x_wconf 79' lang='lat' dir='ltr'>est,¹</span> <span class='ocrx_word' id='word_1_166' title='bbox 1511 1507 1592 1587; x_wconf 83' lang='lat' dir='ltr'>qued</span> <span class='ocrx_word' id='word_1_167' title='bbox 1609 1508 1728 1588; x_wconf 84' lang='lat' dir='ltr'>longius</span> 
     </span>
    </p>
   </div>
   <div class='ocr_carea' id='block_1_3' title="bbox 61 1594 867 2222">
    <p class='ocr_par' dir='ltr' id='par_1_3' title="bbox 61 1594 867 2222">
     <span class='ocr_line' id='line_1_15' title="bbox 62 1594 866 1678; baseline 0 -23"><span class='ocrx_word' id='word_1_168' title='bbox 62 1616 154 1678; x_wconf 75' lang='lat' dir='ltr'>praee,</span> <span class='ocrx_word' id='word_1_169' title='bbox 175 1598 300 1676; x_wconf 90' lang='lat' dir='ltr'>partium</span> <span class='ocrx_word' id='word_1_170' title='bbox 321 1595 359 1655; x_wconf 87' lang='lat' dir='ltr'>V.</span> <span class='ocrx_word' id='word_1_171' title='bbox 382 1597 419 1655; x_wconf 82' lang='grc' dir='ltr'>ι).</span> <span class='ocrx_word' id='word_1_172' title='bbox 440 1594 485 1656; x_wconf 87' lang='grc' dir='ltr'>Μ.</span> <span class='ocrx_word' id='word_1_173' title='bbox 509 1600 606 1666; x_wconf 88' lang='lat' dir='ltr'>esset,</span> <span class='ocrx_word' id='word_1_174' title='bbox 626 1600 658 1656; x_wconf 89' lang='lat' dir='ltr'>ut</span> <span class='ocrx_word' id='word_1_175' title='bbox 678 1597 706 1655; x_wconf 92' lang='lat' dir='ltr'>in</span> <span class='ocrx_word' id='word_1_176' title='bbox 728 1594 777 1655; x_wconf 88' lang='lat' dir='ltr'>dia</span> <span class='ocrx_word' id='word_1_177' title='bbox 796 1594 866 1676; x_wconf 80' lang='lat' dir='ltr'>Epi-</span> 
     </span>
     <span class='ocr_line' id='line_1_16' title="bbox 62 1687 866 1770; baseline 0.001 -23"><span class='ocrx_word' id='word_1_178' title='bbox 62 1687 190 1770; x_wconf 88' lang='lat' dir='ltr'>pbaniac</span> <span class='ocrx_word' id='word_1_179' title='bbox 214 1691 278 1770; x_wconf 89' lang='lat' dir='ltr'>jam</span> <span class='ocrx_word' id='word_1_180' title='bbox 303 1689 586 1769; x_wconf 90' lang='lat' dir='ltr'>appropinquantis,</span> <span class='ocrx_word' id='word_1_181' title='bbox 610 1688 725 1770; x_wconf 80' lang='lat' dir='ltr'>plurimi</span> <span class='ocrx_word' id='word_1_182' title='bbox 744 1689 782 1748; x_wconf 89' lang='lat' dir='ltr'>ad</span> <span class='ocrx_word' id='word_1_183' title='bbox 803 1707 866 1766; x_wconf 85' lang='lat' dir='ltr'>gra·</span> 
     </span>
     <span class='ocr_line' id='line_1_17' title="bbox 62 1780 865 1860; baseline -0.004 -18"><span class='ocrx_word' id='word_1_184' title='bbox 62 1785 121 1842; x_wconf 90' lang='lat' dir='ltr'>tias</span> <span class='ocrx_word' id='word_1_185' title='bbox 141 1782 207 1841; x_wconf 85' lang='lat' dir='ltr'>Deo</span> <span class='ocrx_word' id='word_1_186' title='bbox 227 1782 369 1860; x_wconf 81' lang='lat' dir='ltr'>agendas,</span> <span class='ocrx_word' id='word_1_187' title='bbox 390 1781 679 1860; x_wconf 77' lang='lat' dir='ltr'>sanctissimumque</span> <span class='ocrx_word' id='word_1_188' title='bbox 692 1780 865 1842; x_wconf 86' lang='lat' dir='ltr'>Sacramen-</span> 
     </span>
     <span class='ocr_line' id='line_1_18' title="bbox 61 1873 865 1956; baseline -0.002 -22"><span class='ocrx_word' id='word_1_189' title='bbox 61 1880 122 1934; x_wconf 90' lang='lat' dir='ltr'>tum</span> <span class='ocrx_word' id='word_1_190' title='bbox 149 1875 325 1936; x_wconf 88' lang='lat' dir='ltr'>sumendum</span> <span class='ocrx_word' id='word_1_191' title='bbox 350 1873 582 1935; x_wconf 73' lang='lat' dir='ltr'>adducerentur:</span> <span class='ocrx_word' id='word_1_192' title='bbox 611 1881 643 1934; x_wconf 88' lang='grc' dir='ltr'>ιι</span> <span class='ocrx_word' id='word_1_193' title='bbox 663 1876 725 1956; x_wconf 86' lang='lat' dir='ltr'>J&#39;am</span> <span class='ocrx_word' id='word_1_194' title='bbox 752 1873 865 1934; x_wconf 85' lang='lat' dir='ltr'>Poloui·</span> 
     </span>
     <span class='ocr_line' id='line_1_19' title="bbox 62 1967 866 2047; baseline -0.004 -21"><span class='ocrx_word' id='word_1_195' title='bbox 62 1988 130 2028; x_wconf 90' lang='lat' dir='ltr'>cum</span> <span class='ocrx_word' id='word_1_196' title='bbox 149 1967 303 2047; x_wconf 78' lang='lat' dir='ltr'>Regnum,</span> <span class='ocrx_word' id='word_1_197' title='bbox 331 1969 397 2027; x_wconf 88' lang='lat' dir='ltr'>novi</span> <span class='ocrx_word' id='word_1_198' title='bbox 418 1969 486 2027; x_wconf 89' lang='lat' dir='ltr'>anni</span> <span class='ocrx_word' id='word_1_199' title='bbox 506 1973 536 2027; x_wconf 90' lang='lat' dir='ltr'>et</span> <span class='ocrx_word' id='word_1_200' title='bbox 556 1968 656 2027; x_wconf 87' lang='lat' dir='ltr'>exitus</span> <span class='ocrx_word' id='word_1_201' title='bbox 677 1969 866 2041; x_wconf 88' lang='lat' dir='ltr'>incremento,</span> 
     </span>
     <span class='ocr_line' id='line_1_20' title="bbox 62 2059 865 2144; baseline -0.003 -24"><span class='ocrx_word' id='word_1_202' title='bbox 62 2064 174 2144; x_wconf 89' lang='lat' dir='ltr'>majora</span> <span class='ocrx_word' id='word_1_203' title='bbox 194 2059 433 2121; x_wconf 78' lang='lat' dir='ltr'>benedictionum</span> <span class='ocrx_word' id='word_1_204' title='bbox 455 2060 640 2131; x_wconf 87' lang='lat' dir='ltr'>coelestium,</span> <span class='ocrx_word' id='word_1_205' title='bbox 662 2059 831 2139; x_wconf 88' lang='lat' dir='ltr'>percipiat</span> <span class='ocrx_word' id='word_1_206' title='bbox 823 2078 865 2118; x_wconf 88' lang='lat' dir='ltr'>rn-</span> 
     </span>
     <span class='ocr_line' id='line_1_21' title="bbox 61 2151 867 2222; baseline -0.005 -8"><span class='ocrx_word' id='word_1_207' title='bbox 61 2161 220 2214; x_wconf 86' lang='lat' dir='ltr'>crementa.</span> <span class='ocrx_word' id='word_1_208' title='bbox 259 2154 353 2214; x_wconf 74' lang='lat' dir='ltr'>rasus</span> <span class='ocrx_word' id='word_1_209' title='bbox 384 2154 415 2210; x_wconf 80' lang='lat' dir='ltr'>V.</span> <span class='ocrx_word' id='word_1_210' title='bbox 443 2154 481 2213; x_wconf 88' lang='lat' dir='ltr'>D.</span> <span class='ocrx_word' id='word_1_211' title='bbox 508 2152 551 2213; x_wconf 88' lang='grc' dir='ltr'>Μ.</span> <span class='ocrx_word' id='word_1_212' title='bbox 573 2171 637 2222; x_wconf 90' lang='lat' dir='ltr'>cor,</span> <span class='ocrx_word' id='word_1_213' title='bbox 663 2157 694 2211; x_wconf 90' lang='lat' dir='ltr'>et</span> <span class='ocrx_word' id='word_1_214' title='bbox 712 2151 867 2211; x_wconf 74' lang='lat' dir='ltr'>dexterum</span> 
     </span>
    </p>
   </div>
   <div class='ocr_carea' id='block_1_4' title="bbox 924 1594 1727 2246">
    <p class='ocr_par' dir='ltr' id='par_1_4' title="bbox 924 1594 1727 2246">
     <span class='ocr_line' id='line_1_22' title="bbox 924 1594 1727 1682; baseline 0.01 -25"><span class='ocrx_word' id='word_1_215' title='bbox 924 1595 1122 1678; x_wconf 89' lang='lat' dir='ltr'>respondeam</span> <span class='ocrx_word' id='word_1_216' title='bbox 1151 1594 1258 1657; x_wconf 90' lang='lat' dir='ltr'>litteris</span> <span class='ocrx_word' id='word_1_217' title='bbox 1278 1594 1316 1654; x_wconf 92' lang='lat' dir='ltr'>V.</span> <span class='ocrx_word' id='word_1_218' title='bbox 1342 1595 1514 1678; x_wconf 82' lang='lat' dir='ltr'>Majestatis</span> <span class='ocrx_word' id='word_1_219' title='bbox 1547 1602 1656 1682; x_wconf 86' lang='lat' dir='ltr'>quibus</span> <span class='ocrx_word' id='word_1_220' title='bbox 1686 1603 1727 1664; x_wconf 91' lang='lat' dir='ltr'>di·</span> 
     </span>
     <span class='ocr_line' id='line_1_23' title="bbox 925 1690 1727 1776; baseline 0.012 -27"><span class='ocrx_word' id='word_1_221' title='bbox 925 1695 1030 1768; x_wconf 88' lang='lat' dir='ltr'>guatur</span> <span class='ocrx_word' id='word_1_222' title='bbox 1050 1710 1098 1749; x_wconf 91' lang='lat' dir='ltr'>me</span> <span class='ocrx_word' id='word_1_223' title='bbox 1118 1708 1232 1766; x_wconf 85' lang='lat' dir='ltr'>urgere,</span> <span class='ocrx_word' id='word_1_224' title='bbox 1253 1698 1287 1749; x_wconf 89' lang='lat' dir='ltr'>ut</span> <span class='ocrx_word' id='word_1_225' title='bbox 1298 1709 1396 1748; x_wconf 86' lang='lat' dir='ltr'>eurem</span> <span class='ocrx_word' id='word_1_226' title='bbox 1416 1690 1564 1765; x_wconf 85' lang='lat' dir='ltr'>aMosco,</span> <span class='ocrx_word' id='word_1_227' title='bbox 1585 1695 1727 1776; x_wconf 86' lang='lat' dir='ltr'>quidquid</span> 
     </span>
     <span class='ocr_line' id='line_1_24' title="bbox 924 1782 1727 1868; baseline 0.01 -24"><span class='ocrx_word' id='word_1_228' title='bbox 924 1783 1016 1844; x_wconf 89' lang='lat' dir='ltr'>babet</span> <span class='ocrx_word' id='word_1_229' title='bbox 1044 1785 1073 1842; x_wconf 94' lang='lat' dir='ltr'>in</span> <span class='ocrx_word' id='word_1_230' title='bbox 1111 1782 1253 1857; x_wconf 82' lang='lat' dir='ltr'>Livonia,</span> <span class='ocrx_word' id='word_1_231' title='bbox 1290 1782 1383 1842; x_wconf 91' lang='lat' dir='ltr'>libere</span> <span class='ocrx_word' id='word_1_232' title='bbox 1413 1783 1498 1847; x_wconf 89' lang='lat' dir='ltr'>tradi.</span> <span class='ocrx_word' id='word_1_233' title='bbox 1550 1785 1727 1868; x_wconf 82' lang='lat' dir='ltr'>Exemplum</span> 
     </span>
     <span class='ocr_line' id='line_1_25' title="bbox 925 1875 1727 1958; baseline 0.012 -23"><span class='ocrx_word' id='word_1_234' title='bbox 925 1897 994 1936; x_wconf 83' lang='lat' dir='ltr'>vero</span> <span class='ocrx_word' id='word_1_235' title='bbox 1014 1876 1195 1936; x_wconf 77' lang='lat' dir='ltr'>novissimae</span> <span class='ocrx_word' id='word_1_236' title='bbox 1215 1875 1465 1956; x_wconf 81' lang='lat' dir='ltr'>Pleuipotcntiae,</span> <span class='ocrx_word' id='word_1_237' title='bbox 1492 1897 1580 1958; x_wconf 85' lang='lat' dir='ltr'>quam</span> <span class='ocrx_word' id='word_1_238' title='bbox 1602 1881 1727 1945; x_wconf 86' lang='lat' dir='ltr'>Moscus</span> 
     </span>
     <span class='ocr_line' id='line_1_26' title="bbox 924 1967 1727 2057; baseline 0.011 -28"><span class='ocrx_word' id='word_1_239' title='bbox 924 1970 1021 2044; x_wconf 80' lang='lat' dir='ltr'>misit,</span> <span class='ocrx_word' id='word_1_240' title='bbox 1053 1969 1109 2029; x_wconf 93' lang='lat' dir='ltr'>nlsi</span> <span class='ocrx_word' id='word_1_241' title='bbox 1130 1969 1278 2047; x_wconf 80' lang='lat' dir='ltr'>Maguibci</span> <span class='ocrx_word' id='word_1_242' title='bbox 1306 1967 1481 2029; x_wconf 88' lang='lat' dir='ltr'>Cancellarii</span> <span class='ocrx_word' id='word_1_243' title='bbox 1501 1990 1590 2052; x_wconf 90' lang='lat' dir='ltr'>puer,</span> <span class='ocrx_word' id='word_1_244' title='bbox 1620 1979 1671 2057; x_wconf 86' lang='lat' dir='ltr'>qui</span> <span class='ocrx_word' id='word_1_245' title='bbox 1697 1979 1727 2038; x_wconf 90' lang='lat' dir='ltr'>in</span> 
     </span>
     <span class='ocr_line' id='line_1_27' title="bbox 924 2063 1725 2146; baseline 0.011 -24"><span class='ocrx_word' id='word_1_246' title='bbox 924 2067 1024 2124; x_wconf 86' lang='lat' dir='ltr'>eastra</span> <span class='ocrx_word' id='word_1_247' title='bbox 1044 2066 1239 2143; x_wconf 76' lang='lat' dir='ltr'>approperat,</span> <span class='ocrx_word' id='word_1_248' title='bbox 1266 2063 1373 2141; x_wconf 91' lang='lat' dir='ltr'>poterit</span> <span class='ocrx_word' id='word_1_249' title='bbox 1391 2068 1566 2142; x_wconf 87' lang='lat' dir='ltr'>expectare,</span> <span class='ocrx_word' id='word_1_250' title='bbox 1585 2088 1637 2146; x_wconf 93' lang='lat' dir='ltr'>per</span> <span class='ocrx_word' id='word_1_251' title='bbox 1656 2070 1725 2131; x_wconf 87' lang='lat' dir='ltr'>alte-</span> 
     </span>
     <span class='ocr_line' id='line_1_28' title="bbox 924 2154 1725 2246; baseline 0.009 -30"><span class='ocrx_word' id='word_1_252' title='bbox 924 2158 986 2216; x_wconf 87' lang='grc' dir='ltr'>ιιιιιι</span> <span class='ocrx_word' id='word_1_253' title='bbox 995 2154 1090 2214; x_wconf 89' lang='lat' dir='ltr'>istuc</span> <span class='ocrx_word' id='word_1_254' title='bbox 1116 2162 1195 2214; x_wconf 83' lang='lat' dir='ltr'>reeta</span> <span class='ocrx_word' id='word_1_255' title='bbox 1222 2159 1375 2214; x_wconf 90' lang='lat' dir='ltr'>venturum</span> <span class='ocrx_word' id='word_1_256' title='bbox 1400 2154 1573 2229; x_wconf 83' lang='lat' dir='ltr'>confestim,</span> <span class='ocrx_word' id='word_1_257' title='bbox 1598 2161 1693 2220; x_wconf 89' lang='lat' dir='ltr'>Deo&#39;</span> <span class='ocrx_word' id='word_1_258' title='bbox 1679 2185 1725 2246; x_wconf 93' lang='lat' dir='ltr'>Ju-</span> 
     </span>
    </p>
   </div>
   <div class='ocr_carea' id='block_1_5' title="bbox 61 2243 867 2413">
    <p class='ocr_par' dir='ltr' id='par_1_5' title="bbox 61 2243 867 2413">
     <span class='ocr_line' id='line_1_29' title="bbox 61 2243 867 2317; baseline -0.001 -12"><span class='ocrx_word' id='word_1_259' title='bbox 61 2246 178 2306; x_wconf 81' lang='lat' dir='ltr'>Divinis</span> <span class='ocrx_word' id='word_1_260' title='bbox 198 2248 368 2305; x_wconf 84' lang='lat' dir='ltr'>numeribus</span> <span class='ocrx_word' id='word_1_261' title='bbox 390 2244 471 2304; x_wconf 84' lang='lat' dir='ltr'>ditet</span> <span class='ocrx_word' id='word_1_262' title='bbox 498 2245 547 2306; x_wconf 80' lang='lat' dir='ltr'>Ex</span> <span class='ocrx_word' id='word_1_263' title='bbox 569 2243 737 2306; x_wconf 86' lang='lat' dir='ltr'>Cbiverova</span> <span class='ocrx_word' id='word_1_264' title='bbox 756 2244 867 2317; x_wconf 86' lang='lat' dir='ltr'>ilorca,</span> 
     </span>
     <span class='ocr_line' id='line_1_30' title="bbox 62 2336 455 2413; baseline -0.005 -14"><span class='ocrx_word' id='word_1_265' title='bbox 62 2340 164 2399; x_wconf 87' lang='lat' dir='ltr'>ultima</span> <span class='ocrx_word' id='word_1_266' title='bbox 184 2338 233 2398; x_wconf 90' lang='lat' dir='ltr'>dic</span> <span class='ocrx_word' id='word_1_267' title='bbox 253 2339 349 2413; x_wconf 81' lang='lat' dir='ltr'>Anni,</span> <span class='ocrx_word' id='word_1_268' title='bbox 371 2336 455 2398; x_wconf 76' lang='lat'>1581.</span> 
     </span>
    </p>
   </div>
   <div class='ocr_carea' id='block_1_6' title="bbox 55 2245 1739 5309">
    <p class='ocr_par' dir='ltr' id='par_1_6' title="bbox 919 2245 1726 2983">
     <span class='ocr_line' id='line_1_31' title="bbox 924 2245 1725 2328; baseline 0.017 -24"><span class='ocrx_word' id='word_1_269' title='bbox 924 2253 1028 2323; x_wconf 86' lang='lat' dir='ltr'>vante,</span> <span class='ocrx_word' id='word_1_270' title='bbox 1058 2248 1177 2309; x_wconf 84' lang='lat' dir='ltr'>mittam.</span> <span class='ocrx_word' id='word_1_271' title='bbox 1216 2245 1318 2319; x_wconf 87' lang='lat' dir='ltr'>Nunc,</span> <span class='ocrx_word' id='word_1_272' title='bbox 1350 2246 1429 2325; x_wconf 88' lang='lat' dir='ltr'>qued</span> <span class='ocrx_word' id='word_1_273' title='bbox 1449 2247 1522 2309; x_wconf 89' lang='lat' dir='ltr'>ad</span> <span class='ocrx_word' id='word_1_274' title='bbox 1512 2270 1606 2328; x_wconf 90' lang='lat' dir='ltr'>rpsam</span> <span class='ocrx_word' id='word_1_275' title='bbox 1624 2260 1725 2318; x_wconf 86' lang='lat' dir='ltr'>tautae</span> 
     </span>
     <span class='ocr_line' id='line_1_32' title="bbox 923 2339 1726 2426; baseline 0.012 -25"><span class='ocrx_word' id='word_1_276' title='bbox 923 2343 1064 2402; x_wconf 86' lang='lat' dir='ltr'>victoriae</span> <span class='ocrx_word' id='word_1_277' title='bbox 1090 2339 1306 2401; x_wconf 88' lang='lat' dir='ltr'>absolutionem</span> <span class='ocrx_word' id='word_1_278' title='bbox 1333 2347 1464 2420; x_wconf 83' lang='lat' dir='ltr'>spectat,</span> <span class='ocrx_word' id='word_1_279' title='bbox 1492 2342 1670 2426; x_wconf 81' lang='lat' dir='ltr'>fortissimo,</span> <span class='ocrx_word' id='word_1_280' title='bbox 1696 2356 1726 2411; x_wconf 90' lang='lat' dir='ltr'>ot</span> 
     </span>
     <span class='ocr_line' id='line_1_33' title="bbox 924 2395 1725 2521; baseline 0.01 -25"><span class='ocrx_word' id='word_1_281' title='bbox 924 2434 1093 2496; x_wconf 89' lang='lat' dir='ltr'>Christiano</span> <span class='ocrx_word' id='word_1_282' title='bbox 1112 2432 1191 2510; x_wconf 84' lang='lat' dir='ltr'>Regi</span> <span class='ocrx_word' id='word_1_283' title='bbox 1213 2431 1337 2494; x_wconf 87' lang='lat' dir='ltr'>fidenter</span> <span class='ocrx_word' id='word_1_284' title='bbox 1356 2456 1525 2516; x_wconf 89' lang='lat' dir='ltr'>proponam.</span> <span class='ocrx_word' id='word_1_285' title='bbox 1563 2395 1725 2521; x_wconf 80' lang='lat' dir='ltr'>Derpalum</span> 
     </span>
     <span class='ocr_line' id='line_1_34' title="bbox 924 2526 1724 2615; baseline 0.013 -27"><span class='ocrx_word' id='word_1_286' title='bbox 924 2529 1057 2608; x_wconf 86' lang='lat' dir='ltr'>primaria</span> <span class='ocrx_word' id='word_1_287' title='bbox 1091 2528 1241 2587; x_wconf 86' lang='lat' dir='ltr'>civitatum</span> <span class='ocrx_word' id='word_1_288' title='bbox 1278 2526 1501 2609; x_wconf 79' lang='lat' dir='ltr'>Episcopalium</span> <span class='ocrx_word' id='word_1_289' title='bbox 1535 2536 1597 2604; x_wconf 88' lang='lat' dir='ltr'>est,</span> <span class='ocrx_word' id='word_1_290' title='bbox 1637 2556 1724 2615; x_wconf 85' lang='lat' dir='ltr'>quam</span> 
     </span>
     <span class='ocr_line' id='line_1_35' title="bbox 923 2617 1724 2708; baseline 0.009 -25"><span class='ocrx_word' id='word_1_291' title='bbox 923 2622 1007 2683; x_wconf 86' lang='lat' dir='ltr'>Deus</span> <span class='ocrx_word' id='word_1_292' title='bbox 1039 2620 1076 2685; x_wconf 92' lang='lat' dir='ltr'>V.</span> <span class='ocrx_word' id='word_1_293' title='bbox 1109 2619 1261 2703; x_wconf 83' lang='lat' dir='ltr'>Mejestati</span> <span class='ocrx_word' id='word_1_294' title='bbox 1296 2617 1433 2698; x_wconf 80' lang='lat' dir='ltr'>tradidit,</span> <span class='ocrx_word' id='word_1_295' title='bbox 1462 2642 1564 2684; x_wconf 85' lang='lat' dir='ltr'>earum</span> <span class='ocrx_word' id='word_1_296' title='bbox 1596 2627 1724 2708; x_wconf 86' lang='lat' dir='ltr'>inquam,</span> 
     </span>
     <span class='ocr_line' id='line_1_36' title="bbox 923 2712 1725 2798; baseline 0.014 -24"><span class='ocrx_word' id='word_1_297' title='bbox 923 2735 1000 2794; x_wconf 87' lang='lat' dir='ltr'>quae</span> <span class='ocrx_word' id='word_1_298' title='bbox 1026 2734 1173 2793; x_wconf 89' lang='lat' dir='ltr'>nunquam</span> <span class='ocrx_word' id='word_1_299' title='bbox 1202 2714 1231 2772; x_wconf 92' lang='lat' dir='ltr'>io</span> <span class='ocrx_word' id='word_1_300' title='bbox 1257 2712 1375 2792; x_wconf 90' lang='lat' dir='ltr'>Regum</span> <span class='ocrx_word' id='word_1_301' title='bbox 1401 2714 1545 2776; x_wconf 89' lang='lat' dir='ltr'>Poloniae</span> <span class='ocrx_word' id='word_1_302' title='bbox 1575 2726 1725 2798; x_wconf 78' lang='lat' dir='ltr'>potestate</span> 
     </span>
     <span class='ocr_line' id='line_1_37' title="bbox 923 2804 1723 2888; baseline -0.001 -21"><span class='ocrx_word' id='word_1_303' title='bbox 923 2807 1050 2867; x_wconf 86' lang='lat' dir='ltr'>luerunt.</span> <span class='ocrx_word' id='word_1_304' title='bbox 1085 2808 1118 2864; x_wconf 91' lang='lat' dir='ltr'>ln</span> <span class='ocrx_word' id='word_1_305' title='bbox 1139 2825 1176 2865; x_wconf 90' lang='lat' dir='ltr'>ea</span> <span class='ocrx_word' id='word_1_306' title='bbox 1190 2807 1252 2887; x_wconf 87' lang='lat' dir='ltr'>jam</span> <span class='ocrx_word' id='word_1_307' title='bbox 1272 2804 1415 2876; x_wconf 81' lang='lat' dir='ltr'>intellexi,</span> <span class='ocrx_word' id='word_1_308' title='bbox 1435 2809 1582 2888; x_wconf 85' lang='lat' dir='ltr'>quoduam</span> <span class='ocrx_word' id='word_1_309' title='bbox 1605 2813 1637 2874; x_wconf 89' lang='lat' dir='ltr'>V.</span> <span class='ocrx_word' id='word_1_310' title='bbox 1658 2816 1723 2878; x_wconf 75' lang='lat' dir='ltr'>Ma.</span> 
     </span>
     <span class='ocr_line' id='line_1_38' title="bbox 919 2897 1725 2983; baseline 0.014 -24"><span class='ocrx_word' id='word_1_311' title='bbox 919 2899 1024 2983; x_wconf 83' lang='lat' dir='ltr'>jestati</span> <span class='ocrx_word' id='word_1_312' title='bbox 1066 2898 1221 2957; x_wconf 89' lang='lat' dir='ltr'>consilinm</span> <span class='ocrx_word' id='word_1_313' title='bbox 1256 2897 1325 2970; x_wconf 85' lang='lat' dir='ltr'>luit;</span> <span class='ocrx_word' id='word_1_314' title='bbox 1367 2917 1504 2980; x_wconf 85' lang='lat' dir='ltr'>quasque</span> <span class='ocrx_word' id='word_1_315' title='bbox 1536 2901 1652 2966; x_wconf 87' lang='lat' dir='ltr'>litteras</span> <span class='ocrx_word' id='word_1_316' title='bbox 1686 2909 1725 2969; x_wconf 91' lang='lat' dir='ltr'>ad</span> 
     </span>
    </p>

    <p class='ocr_par' dir='ltr' id='par_1_7' title="bbox 55 2988 1739 5309">
     <span class='ocr_line' id='line_1_39' title="bbox 137 2988 1726 3078; baseline 0.003 -21"><span class='ocrx_word' id='word_1_317' title='bbox 137 2997 225 3069; x_wconf 82' lang='lat' dir='ltr'>eras</span> <span class='ocrx_word' id='word_1_318' title='bbox 245 2996 313 3057; x_wconf 85' lang='lat' dir='ltr'>mihi</span> <span class='ocrx_word' id='word_1_319' title='bbox 333 2997 432 3076; x_wconf 85' lang='lat' dir='ltr'>Regia</span> <span class='ocrx_word' id='word_1_320' title='bbox 452 2994 603 3078; x_wconf 84' lang='lat' dir='ltr'>Majestas</span> <span class='ocrx_word' id='word_1_321' title='bbox 624 2992 661 3055; x_wconf 91' lang='lat' dir='ltr'>V.</span> <span class='ocrx_word' id='word_1_322' title='bbox 682 2996 862 3076; x_wconf 83' lang='lat' dir='ltr'>Duneburgn</span> <span class='ocrx_word' id='word_1_323' title='bbox 922 2992 1096 3053; x_wconf 84' lang='lat' dir='ltr'>Pontificem</span> <span class='ocrx_word' id='word_1_324' title='bbox 1127 2988 1288 3051; x_wconf 84' lang='lat' dir='ltr'>Maximum</span> <span class='ocrx_word' id='word_1_325' title='bbox 1319 2991 1455 3070; x_wconf 80' lang='lat' dir='ltr'>scripsit:</span> <span class='ocrx_word' id='word_1_326' title='bbox 1486 2994 1615 3075; x_wconf 85' lang='lat' dir='ltr'>quidque</span> <span class='ocrx_word' id='word_1_327' title='bbox 1653 3001 1726 3065; x_wconf 92' lang='lat' dir='ltr'>mibi</span> 
     </span>
     <span class='ocr_line' id='line_1_40' title="bbox 59 3080 1725 3172; baseline 0.003 -22"><span class='ocrx_word' id='word_1_328' title='bbox 59 3090 167 3151; x_wconf 88' lang='lat' dir='ltr'>litteris</span> <span class='ocrx_word' id='word_1_329' title='bbox 193 3092 328 3172; x_wconf 80' lang='lat' dir='ltr'>scripsit,</span> <span class='ocrx_word' id='word_1_330' title='bbox 354 3111 408 3151; x_wconf 87' lang='lat' dir='ltr'>eas</span> <span class='ocrx_word' id='word_1_331' title='bbox 434 3088 498 3150; x_wconf 88' lang='lat' dir='ltr'>beri</span> <span class='ocrx_word' id='word_1_332' title='bbox 524 3091 628 3171; x_wconf 87' lang='lat' dir='ltr'>accepi</span> <span class='ocrx_word' id='word_1_333' title='bbox 657 3109 723 3150; x_wconf 90' lang='lat' dir='ltr'>cum</span> <span class='ocrx_word' id='word_1_334' title='bbox 744 3109 802 3148; x_wconf 91' lang='lat' dir='ltr'>nen</span> <span class='ocrx_word' id='word_1_335' title='bbox 821 3091 864 3150; x_wconf 86' lang='lat' dir='ltr'>ita</span> <span class='ocrx_word' id='word_1_336' title='bbox 921 3083 1082 3146; x_wconf 84' lang='lat' dir='ltr'>identidem</span> <span class='ocrx_word' id='word_1_337' title='bbox 1102 3082 1202 3143; x_wconf 90' lang='lat' dir='ltr'>dicere</span> <span class='ocrx_word' id='word_1_338' title='bbox 1230 3080 1350 3161; x_wconf 85' lang='lat' dir='ltr'>dignata</span> <span class='ocrx_word' id='word_1_339' title='bbox 1375 3094 1439 3160; x_wconf 89' lang='lat' dir='ltr'>est,</span> <span class='ocrx_word' id='word_1_340' title='bbox 1466 3104 1530 3147; x_wconf 87' lang='lat' dir='ltr'>curu</span> <span class='ocrx_word' id='word_1_341' title='bbox 1551 3094 1582 3148; x_wconf 91' lang='lat' dir='ltr'>et</span> <span class='ocrx_word' id='word_1_342' title='bbox 1599 3089 1725 3169; x_wconf 84' lang='lat' dir='ltr'>Episco-</span> 
     </span>
     <span class='ocr_line' id='line_1_41' title="bbox 60 3175 1723 3266; baseline 0.01 -36"><span class='ocrx_word' id='word_1_343' title='bbox 60 3184 151 3245; x_wconf 69' lang='lat' dir='ltr'>multo</span> <span class='ocrx_word' id='word_1_344' title='bbox 177 3191 260 3264; x_wconf 64' lang='lat' dir='ltr'>post,</span> <span class='ocrx_word' id='word_1_345' title='bbox 291 3185 369 3246; x_wconf 60' lang='lat' dir='ltr'>an„</span> <span class='ocrx_word' id='word_1_346' title='bbox 400 3204 418 3243; x_wconf 65' lang='lat' dir='ltr'>a</span> <span class='ocrx_word' id='word_1_347' title='bbox 443 3181 553 3260; x_wconf 72' lang='lat' dir='ltr'>Magno</span> <span class='ocrx_word' id='word_1_348' title='bbox 572 3181 747 3243; x_wconf 64' lang='lat' dir='ltr'>Moseoviae</span> <span class='ocrx_word' id='word_1_349' title='bbox 776 3182 862 3243; x_wconf 75' lang='lat' dir='ltr'>Duae</span> <span class='ocrx_word' id='word_1_350' title='bbox 921 3199 989 3258; x_wconf 86' lang='lat' dir='ltr'>pum</span> <span class='ocrx_word' id='word_1_351' title='bbox 1010 3175 1205 3246; x_wconf 86' lang='lat' dir='ltr'>Catholicum,</span> <span class='ocrx_word' id='word_1_352' title='bbox 1227 3181 1258 3235; x_wconf 91' lang='lat' dir='ltr'>et</span> <span class='ocrx_word' id='word_1_353' title='bbox 1277 3175 1458 3256; x_wconf 79' lang='lat' dir='ltr'>Collegium,</span> <span class='ocrx_word' id='word_1_354' title='bbox 1478 3185 1568 3259; x_wconf 86' lang='lat' dir='ltr'>atque</span> <span class='ocrx_word' id='word_1_355' title='bbox 1589 3185 1656 3266; x_wconf 89' lang='lat' dir='ltr'>ejus</span> <span class='ocrx_word' id='word_1_356' title='bbox 1675 3207 1723 3266; x_wconf 85' lang='lat' dir='ltr'>ge-</span> 
     </span>
     <span class='ocr_line' id='line_1_42' title="bbox 58 3270 1724 3358; baseline 0.004 -22"><span class='ocrx_word' id='word_1_357' title='bbox 58 3278 260 3355; x_wconf 80' lang='lat' dir='ltr'>accepissem,</span> <span class='ocrx_word' id='word_1_358' title='bbox 295 3297 372 3358; x_wconf 84' lang='lat' dir='ltr'>ques</span> <span class='ocrx_word' id='word_1_359' title='bbox 398 3276 454 3336; x_wconf 88' lang='lat' dir='ltr'>bac</span> <span class='ocrx_word' id='word_1_360' title='bbox 480 3284 586 3347; x_wconf 89' lang='lat' dir='ltr'>nocte,</span> <span class='ocrx_word' id='word_1_361' title='bbox 618 3277 707 3337; x_wconf 90' lang='lat' dir='ltr'>sicuti</span> <span class='ocrx_word' id='word_1_362' title='bbox 732 3276 861 3355; x_wconf 87' lang='lat' dir='ltr'>reliquas</span> <span class='ocrx_word' id='word_1_363' title='bbox 920 3272 1001 3331; x_wconf 91' lang='lat' dir='ltr'>neris</span> <span class='ocrx_word' id='word_1_364' title='bbox 1021 3271 1160 3350; x_wconf 86' lang='lat' dir='ltr'>pleraque</span> <span class='ocrx_word' id='word_1_365' title='bbox 1179 3270 1277 3330; x_wconf 89' lang='lat' dir='ltr'>omnia</span> <span class='ocrx_word' id='word_1_366' title='bbox 1295 3271 1431 3350; x_wconf 88' lang='lat' dir='ltr'>Derpati,</span> <span class='ocrx_word' id='word_1_367' title='bbox 1458 3292 1495 3333; x_wconf 88' lang='lat' dir='ltr'>ex</span> <span class='ocrx_word' id='word_1_368' title='bbox 1514 3273 1584 3334; x_wconf 90' lang='lat' dir='ltr'>alibi</span> <span class='ocrx_word' id='word_1_369' title='bbox 1603 3282 1724 3342; x_wconf 87' lang='lat' dir='ltr'>statuis-</span> 
     </span>
     <span class='ocr_line' id='line_1_43' title="bbox 58 3362 1722 3479; baseline 0.004 -50"><span class='ocrx_word' id='word_1_370' title='bbox 58 3391 178 3445; x_wconf 87' lang='lat' dir='ltr'>omnes,</span> <span class='ocrx_word' id='word_1_371' title='bbox 203 3372 320 3447; x_wconf 85' lang='lat' dir='ltr'>(ternas</span> <span class='ocrx_word' id='word_1_372' title='bbox 346 3372 425 3432; x_wconf 92' lang='lat' dir='ltr'>enim</span> <span class='ocrx_word' id='word_1_373' title='bbox 451 3369 500 3430; x_wconf 86' lang='lat' dir='ltr'>lric</span> <span class='ocrx_word' id='word_1_374' title='bbox 524 3370 645 3479; x_wconf 83' lang='lat' dir='ltr'>accepi)</span> <span class='ocrx_word' id='word_1_375' title='bbox 670 3367 861 3448; x_wconf 88' lang='lat' dir='ltr'>LegatisV.</span> <span class='ocrx_word' id='word_1_376' title='bbox 920 3364 1002 3425; x_wconf 82' lang='grc' dir='ltr'>ιιι</span> <span class='ocrx_word' id='word_1_377' title='bbox 994 3365 1113 3442; x_wconf 77' lang='lat' dir='ltr'>imponi.</span> <span class='ocrx_word' id='word_1_378' title='bbox 1154 3362 1188 3424; x_wconf 93' lang='lat' dir='ltr'>ld</span> <span class='ocrx_word' id='word_1_379' title='bbox 1209 3363 1296 3441; x_wconf 85' lang='lat' dir='ltr'>igitur</span> <span class='ocrx_word' id='word_1_380' title='bbox 1320 3384 1358 3424; x_wconf 89' lang='lat' dir='ltr'>co</span> <span class='ocrx_word' id='word_1_381' title='bbox 1384 3365 1441 3424; x_wconf 86' lang='lat' dir='ltr'>erit</span> <span class='ocrx_word' id='word_1_382' title='bbox 1460 3365 1579 3428; x_wconf 82' lang='lat' dir='ltr'>facilius</span> <span class='ocrx_word' id='word_1_383' title='bbox 1598 3367 1637 3431; x_wconf 88' lang='lat' dir='ltr'>V.</span> <span class='ocrx_word' id='word_1_384' title='bbox 1658 3371 1722 3435; x_wconf 85' lang='lat' dir='ltr'>Ma·</span> 
     </span>
     <span class='ocr_line' id='line_1_44' title="bbox 59 3455 1724 3549; baseline 0.004 -27"><span class='ocrx_word' id='word_1_385' title='bbox 59 3462 229 3543; x_wconf 85' lang='lat' dir='ltr'>Majestatis</span> <span class='ocrx_word' id='word_1_386' title='bbox 248 3463 392 3541; x_wconf 87' lang='lat' dir='ltr'>legendas</span> <span class='ocrx_word' id='word_1_387' title='bbox 411 3462 487 3521; x_wconf 89' lang='lat' dir='ltr'>misi.</span> <span class='ocrx_word' id='word_1_388' title='bbox 527 3460 612 3520; x_wconf 53' lang='lat' dir='ltr'>Es·</span> <span class='ocrx_word' id='word_1_389' title='bbox 595 3482 632 3521; x_wconf 89' lang='lat' dir='ltr'>ns</span> <span class='ocrx_word' id='word_1_390' title='bbox 651 3468 765 3534; x_wconf 89' lang='lat' dir='ltr'>autem,</span> <span class='ocrx_word' id='word_1_391' title='bbox 791 3468 860 3541; x_wconf 86' lang='lat' dir='ltr'>qua·</span> <span class='ocrx_word' id='word_1_392' title='bbox 915 3459 1021 3541; x_wconf 83' lang='lat' dir='ltr'>jestatl</span> <span class='ocrx_word' id='word_1_393' title='bbox 1042 3455 1136 3538; x_wconf 87' lang='lat' dir='ltr'>quod,</span> <span class='ocrx_word' id='word_1_394' title='bbox 1156 3456 1301 3537; x_wconf 88' lang='lat' dir='ltr'>equibus</span> <span class='ocrx_word' id='word_1_395' title='bbox 1318 3455 1462 3518; x_wconf 85' lang='lat' dir='ltr'>reditibus</span> <span class='ocrx_word' id='word_1_396' title='bbox 1482 3457 1617 3535; x_wconf 87' lang='lat' dir='ltr'>Vladiea,</span> <span class='ocrx_word' id='word_1_397' title='bbox 1636 3464 1724 3549; x_wconf 85' lang='lat' dir='ltr'>Popi,</span> 
     </span>
     <span class='ocr_line' id='line_1_45' title="bbox 58 3548 1723 3660; baseline 0.003 -44"><span class='ocrx_word' id='word_1_398' title='bbox 58 3577 121 3616; x_wconf 91' lang='lat' dir='ltr'>rum</span> <span class='ocrx_word' id='word_1_399' title='bbox 142 3552 303 3633; x_wconf 84' lang='lat' dir='ltr'>exemplum</span> <span class='ocrx_word' id='word_1_400' title='bbox 324 3554 416 3614; x_wconf 89' lang='lat' dir='ltr'>adV.</span> <span class='ocrx_word' id='word_1_401' title='bbox 439 3553 629 3635; x_wconf 87' lang='lat' dir='ltr'>lllajestatem</span> <span class='ocrx_word' id='word_1_402' title='bbox 641 3556 735 3626; x_wconf 89' lang='lat' dir='ltr'>mitto,</span> <span class='ocrx_word' id='word_1_403' title='bbox 754 3575 862 3634; x_wconf 87' lang='lat' dir='ltr'>eogno-</span> <span class='ocrx_word' id='word_1_404' title='bbox 919 3561 1010 3660; x_wconf 81' lang='lat' dir='ltr'>atque</span> <span class='ocrx_word' id='word_1_405' title='bbox 1035 3550 1197 3628; x_wconf 83' lang='lat' dir='ltr'>Archipopi</span> <span class='ocrx_word' id='word_1_406' title='bbox 1222 3548 1372 3610; x_wconf 86' lang='lat' dir='ltr'>aMosce</span> <span class='ocrx_word' id='word_1_407' title='bbox 1392 3551 1539 3614; x_wconf 83' lang='lat' dir='ltr'>attributis</span> <span class='ocrx_word' id='word_1_408' title='bbox 1558 3557 1723 3633; x_wconf 86' lang='lat' dir='ltr'>alebantur,</span> 
     </span>
     <span class='ocr_line' id='line_1_46' title="bbox 59 3641 1723 3728; baseline 0.003 -19"><span class='ocrx_word' id='word_1_409' title='bbox 59 3653 135 3724; x_wconf 89' lang='lat' dir='ltr'>scet,</span> <span class='ocrx_word' id='word_1_410' title='bbox 154 3654 294 3728; x_wconf 88' lang='lat' dir='ltr'>quantum</span> <span class='ocrx_word' id='word_1_411' title='bbox 316 3645 386 3705; x_wconf 82' lang='lat' dir='ltr'>milri</span> <span class='ocrx_word' id='word_1_412' title='bbox 404 3653 509 3726; x_wconf 82' lang='lat' dir='ltr'>pergat</span> <span class='ocrx_word' id='word_1_413' title='bbox 528 3647 674 3725; x_wconf 87' lang='lat' dir='ltr'>Princeps</span> <span class='ocrx_word' id='word_1_414' title='bbox 693 3645 743 3706; x_wconf 89' lang='lat' dir='ltr'>ille</span> <span class='ocrx_word' id='word_1_415' title='bbox 764 3647 862 3707; x_wconf 85' lang='lat' dir='ltr'>calcar</span> <span class='ocrx_word' id='word_1_416' title='bbox 924 3664 963 3703; x_wconf 90' lang='lat' dir='ltr'>ex</span> <span class='ocrx_word' id='word_1_417' title='bbox 982 3646 1030 3718; x_wconf 89' lang='lat' dir='ltr'>iis,</span> <span class='ocrx_word' id='word_1_418' title='bbox 1051 3662 1116 3702; x_wconf 90' lang='lat' dir='ltr'>cum</span> <span class='ocrx_word' id='word_1_419' title='bbox 1136 3641 1180 3700; x_wconf 92' lang='lat' dir='ltr'>illi</span> <span class='ocrx_word' id='word_1_420' title='bbox 1199 3646 1487 3703; x_wconf 89' lang='lat' dir='ltr'>nuncrcvocentur</span> <span class='ocrx_word' id='word_1_421' title='bbox 1479 3664 1508 3703; x_wconf 87' lang='lat' dir='ltr'>ru</span> <span class='ocrx_word' id='word_1_422' title='bbox 1528 3645 1723 3725; x_wconf 86' lang='lat' dir='ltr'>Moscoviam,</span> 
     </span>
     <span class='ocr_line' id='line_1_47' title="bbox 58 3733 1722 3820; baseline 0.002 -18"><span class='ocrx_word' id='word_1_423' title='bbox 58 3741 179 3812; x_wconf 88' lang='lat' dir='ltr'>addere,</span> <span class='ocrx_word' id='word_1_424' title='bbox 200 3744 232 3800; x_wconf 92' lang='lat' dir='ltr'>ut</span> <span class='ocrx_word' id='word_1_425' title='bbox 245 3739 329 3820; x_wconf 90' lang='lat' dir='ltr'>pacis</span> <span class='ocrx_word' id='word_1_426' title='bbox 343 3739 764 3818; x_wconf 88' lang='lat' dir='ltr'>compositionemprocurcm.</span> <span class='ocrx_word' id='word_1_427' title='bbox 784 3758 861 3818; x_wconf 83' lang='lat' dir='ltr'>quae</span> <span class='ocrx_word' id='word_1_428' title='bbox 919 3733 1049 3794; x_wconf 88' lang='lat' dir='ltr'>Divinus</span> <span class='ocrx_word' id='word_1_429' title='bbox 1079 3734 1177 3794; x_wconf 90' lang='lat' dir='ltr'>cultus</span> <span class='ocrx_word' id='word_1_430' title='bbox 1209 3735 1265 3793; x_wconf 89' lang='lat' dir='ltr'>rite</span> <span class='ocrx_word' id='word_1_431' title='bbox 1298 3736 1414 3794; x_wconf 88' lang='lat' dir='ltr'>restitui</span> <span class='ocrx_word' id='word_1_432' title='bbox 1443 3739 1559 3816; x_wconf 87' lang='lat' dir='ltr'>poterit.</span> <span class='ocrx_word' id='word_1_433' title='bbox 1612 3741 1722 3805; x_wconf 88' lang='lat' dir='ltr'>Verum</span> 
     </span>
     <span class='ocr_line' id='line_1_48' title="bbox 59 3824 1723 3911; baseline 0.004 -19"><span class='ocrx_word' id='word_1_434' title='bbox 59 3833 135 3910; x_wconf 86' lang='lat' dir='ltr'>(uisi</span> <span class='ocrx_word' id='word_1_435' title='bbox 155 3832 235 3893; x_wconf 91' lang='lat' dir='ltr'>aliud</span> <span class='ocrx_word' id='word_1_436' title='bbox 254 3834 340 3903; x_wconf 88' lang='lat' dir='ltr'>latet,</span> <span class='ocrx_word' id='word_1_437' title='bbox 367 3829 444 3911; x_wconf 88' lang='lat' dir='ltr'>quod</span> <span class='ocrx_word' id='word_1_438' title='bbox 465 3831 535 3892; x_wconf 87' lang='lat' dir='ltr'>mibi</span> <span class='ocrx_word' id='word_1_439' title='bbox 560 3832 691 3910; x_wconf 88' lang='lat' dir='ltr'>ignotum</span> <span class='ocrx_word' id='word_1_440' title='bbox 711 3829 767 3906; x_wconf 79' lang='lat' dir='ltr'>sit)</span> <span class='ocrx_word' id='word_1_441' title='bbox 786 3830 862 3891; x_wconf 90' lang='lat' dir='ltr'>intra</span> <span class='ocrx_word' id='word_1_442' title='bbox 920 3827 1059 3906; x_wconf 87' lang='lat' dir='ltr'>quoniam</span> <span class='ocrx_word' id='word_1_443' title='bbox 1083 3826 1120 3887; x_wconf 87' lang='lat' dir='ltr'>N·</span> <span class='ocrx_word' id='word_1_444' title='bbox 1146 3824 1297 3886; x_wconf 88' lang='lat' dir='ltr'>haeretico</span> <span class='ocrx_word' id='word_1_445' title='bbox 1324 3825 1363 3886; x_wconf 86' lang='lat' dir='ltr'>ad</span> <span class='ocrx_word' id='word_1_446' title='bbox 1382 3845 1439 3887; x_wconf 92' lang='lat' dir='ltr'>sua</span> <span class='ocrx_word' id='word_1_447' title='bbox 1458 3827 1616 3904; x_wconf 89' lang='lat' dir='ltr'>redeunte,</span> <span class='ocrx_word' id='word_1_448' title='bbox 1641 3839 1723 3898; x_wconf 89' lang='lat' dir='ltr'>novit</span> 
     </span>
     <span class='ocr_line' id='line_1_49' title="bbox 58 3918 1721 4000; baseline 0.003 -14"><span class='ocrx_word' id='word_1_449' title='bbox 58 3924 181 3986; x_wconf 91' lang='lat' dir='ltr'>biduum</span> <span class='ocrx_word' id='word_1_450' title='bbox 207 3924 371 3986; x_wconf 88' lang='lat' dir='ltr'>triduumve</span> <span class='ocrx_word' id='word_1_451' title='bbox 397 3924 488 3984; x_wconf 89' lang='lat' dir='ltr'>certis</span> <span class='ocrx_word' id='word_1_452' title='bbox 511 3923 730 3984; x_wconf 85' lang='lat' dir='ltr'>conditionibus</span> <span class='ocrx_word' id='word_1_453' title='bbox 752 3928 860 3984; x_wconf 84' lang='lat' dir='ltr'>statue·</span> <span class='ocrx_word' id='word_1_454' title='bbox 919 3918 1068 4000; x_wconf 84' lang='lat' dir='ltr'>Majestas</span> <span class='ocrx_word' id='word_1_455' title='bbox 1093 3918 1131 3979; x_wconf 92' lang='lat' dir='ltr'>V.</span> <span class='ocrx_word' id='word_1_456' title='bbox 1163 3923 1302 3999; x_wconf 87' lang='lat' dir='ltr'>quantum</span> <span class='ocrx_word' id='word_1_457' title='bbox 1330 3937 1388 3978; x_wconf 93' lang='lat' dir='ltr'>noo</span> <span class='ocrx_word' id='word_1_458' title='bbox 1420 3920 1505 3981; x_wconf 90' lang='lat' dir='ltr'>alteri</span> <span class='ocrx_word' id='word_1_459' title='bbox 1533 3924 1622 3985; x_wconf 90' lang='lat' dir='ltr'>modo</span> <span class='ocrx_word' id='word_1_460' title='bbox 1655 3929 1721 3990; x_wconf 86' lang='lat' dir='ltr'>Cel·</span> 
     </span>
     <span class='ocr_line' id='line_1_50' title="bbox 58 4009 1721 4102; baseline 0.004 -23"><span class='ocrx_word' id='word_1_461' title='bbox 58 4025 121 4090; x_wconf 92' lang='lat' dir='ltr'>tur,</span> <span class='ocrx_word' id='word_1_462' title='bbox 154 4021 194 4080; x_wconf 85' lang='lat' dir='ltr'>ita</span> <span class='ocrx_word' id='word_1_463' title='bbox 228 4025 259 4080; x_wconf 93' lang='lat' dir='ltr'>ut</span> <span class='ocrx_word' id='word_1_464' title='bbox 277 4018 434 4102; x_wconf 85' lang='lat' dir='ltr'>Majestati</span> <span class='ocrx_word' id='word_1_465' title='bbox 459 4015 498 4078; x_wconf 93' lang='lat' dir='ltr'>V.</span> <span class='ocrx_word' id='word_1_466' title='bbox 518 4017 645 4079; x_wconf 83' lang='lat' dir='ltr'>blesens</span> <span class='ocrx_word' id='word_1_467' title='bbox 670 4022 748 4088; x_wconf 86' lang='lat' dir='ltr'>teto,</span> <span class='ocrx_word' id='word_1_468' title='bbox 774 4037 860 4098; x_wconf 87' lang='lat' dir='ltr'>quem</span> <span class='ocrx_word' id='word_1_469' title='bbox 920 4011 998 4091; x_wconf 92' lang='lat' dir='ltr'>legio</span> <span class='ocrx_word' id='word_1_470' title='bbox 1018 4016 1129 4085; x_wconf 90' lang='lat' dir='ltr'>nostro,</span> <span class='ocrx_word' id='word_1_471' title='bbox 1149 4011 1206 4072; x_wconf 88' lang='lat' dir='ltr'>sed</span> <span class='ocrx_word' id='word_1_472' title='bbox 1224 4012 1381 4071; x_wconf 87' lang='lat' dir='ltr'>universae</span> <span class='ocrx_word' id='word_1_473' title='bbox 1396 4009 1568 4078; x_wconf 79' lang='lat' dir='ltr'>Catholicae</span> <span class='ocrx_word' id='word_1_474' title='bbox 1588 4019 1721 4100; x_wconf 84' lang='lat' dir='ltr'>religioni</span> 
     </span>
     <span class='ocr_line' id='line_1_51' title="bbox 58 4103 1721 4194; baseline -0.001 -20"><span class='ocrx_word' id='word_1_475' title='bbox 58 4112 150 4174; x_wconf 88' lang='lat' dir='ltr'>babet</span> <span class='ocrx_word' id='word_1_476' title='bbox 180 4114 210 4172; x_wconf 91' lang='lat' dir='ltr'>in</span> <span class='ocrx_word' id='word_1_477' title='bbox 240 4111 390 4181; x_wconf 89' lang='lat' dir='ltr'>munibus,</span> <span class='ocrx_word' id='word_1_478' title='bbox 424 4110 550 4172; x_wconf 86' lang='lat' dir='ltr'>Livouia</span> <span class='ocrx_word' id='word_1_479' title='bbox 579 4109 681 4187; x_wconf 86' lang='lat' dir='ltr'>cedat,</span> <span class='ocrx_word' id='word_1_480' title='bbox 713 4109 861 4171; x_wconf 90' lang='lat' dir='ltr'>Volisium</span> <span class='ocrx_word' id='word_1_481' title='bbox 919 4103 1119 4186; x_wconf 85' lang='lat' dir='ltr'>impedimenti</span> <span class='ocrx_word' id='word_1_482' title='bbox 1138 4104 1250 4166; x_wconf 89' lang='lat' dir='ltr'>illatum</span> <span class='ocrx_word' id='word_1_483' title='bbox 1266 4105 1320 4165; x_wconf 81' lang='lat' dir='ltr'>sit:</span> <span class='ocrx_word' id='word_1_484' title='bbox 1340 4104 1467 4166; x_wconf 89' lang='lat' dir='ltr'>obsecro</span> <span class='ocrx_word' id='word_1_485' title='bbox 1479 4105 1516 4166; x_wconf 94' lang='lat' dir='ltr'>V.</span> <span class='ocrx_word' id='word_1_486' title='bbox 1528 4107 1721 4194; x_wconf 84' lang='lat' dir='ltr'>Majestatem</span> 
     </span>
     <span class='ocr_line' id='line_1_52' title="bbox 58 4196 1721 4289; baseline 0.005 -26"><span class='ocrx_word' id='word_1_487' title='bbox 58 4205 130 4264; x_wconf 90' lang='lat' dir='ltr'>item</span> <span class='ocrx_word' id='word_1_488' title='bbox 150 4205 311 4285; x_wconf 87' lang='lat' dir='ltr'>relinquat,</span> <span class='ocrx_word' id='word_1_489' title='bbox 336 4210 544 4265; x_wconf 86' lang='lat' dir='ltr'>tormentorum</span> <span class='ocrx_word' id='word_1_490' title='bbox 563 4208 677 4286; x_wconf 90' lang='lat' dir='ltr'>partem</span> <span class='ocrx_word' id='word_1_491' title='bbox 703 4205 741 4265; x_wconf 89' lang='lat' dir='ltr'>iis</span> <span class='ocrx_word' id='word_1_492' title='bbox 768 4204 796 4265; x_wconf 94' lang='lat' dir='ltr'>in</span> <span class='ocrx_word' id='word_1_493' title='bbox 816 4223 861 4264; x_wconf 88' lang='lat' dir='ltr'>ar·</span> <span class='ocrx_word' id='word_1_494' title='bbox 919 4219 971 4280; x_wconf 89' lang='lat' dir='ltr'>per</span> <span class='ocrx_word' id='word_1_495' title='bbox 995 4198 1226 4260; x_wconf 88' lang='lat' dir='ltr'>misericordiam</span> <span class='ocrx_word' id='word_1_496' title='bbox 1257 4196 1385 4271; x_wconf 83' lang='lat' dir='ltr'>Christi,</span> <span class='ocrx_word' id='word_1_497' title='bbox 1415 4219 1468 4278; x_wconf 89' lang='lat' dir='ltr'>per</span> <span class='ocrx_word' id='word_1_498' title='bbox 1498 4221 1585 4281; x_wconf 88' lang='lat' dir='ltr'>quem</span> <span class='ocrx_word' id='word_1_499' title='bbox 1615 4206 1721 4289; x_wconf 82' lang='lat' dir='ltr'>Reges</span> 
     </span>
     <span class='ocr_line' id='line_1_53' title="bbox 59 4292 1720 4378; baseline 0.006 -23"><span class='ocrx_word' id='word_1_500' title='bbox 59 4296 145 4356; x_wconf 88' lang='lat' dir='ltr'>cibus</span> <span class='ocrx_word' id='word_1_501' title='bbox 165 4298 314 4377; x_wconf 88' lang='lat' dir='ltr'>quondam</span> <span class='ocrx_word' id='word_1_502' title='bbox 334 4297 372 4358; x_wconf 88' lang='lat' dir='ltr'>de</span> <span class='ocrx_word' id='word_1_503' title='bbox 393 4297 513 4358; x_wconf 86' lang='lat' dir='ltr'>Polonis</span> <span class='ocrx_word' id='word_1_504' title='bbox 539 4304 691 4378; x_wconf 88' lang='lat' dir='ltr'>ceptorum</span> <span class='ocrx_word' id='word_1_505' title='bbox 711 4298 860 4370; x_wconf 90' lang='lat' dir='ltr'>restituat;</span> <span class='ocrx_word' id='word_1_506' title='bbox 918 4296 1056 4371; x_wconf 90' lang='lat' dir='ltr'>regnant,</span> <span class='ocrx_word' id='word_1_507' title='bbox 1086 4301 1119 4353; x_wconf 91' lang='lat' dir='ltr'>ut</span> <span class='ocrx_word' id='word_1_508' title='bbox 1148 4312 1214 4353; x_wconf 91' lang='lat' dir='ltr'>cum</span> <span class='ocrx_word' id='word_1_509' title='bbox 1242 4292 1406 4364; x_wconf 85' lang='lat' dir='ltr'>sincerum,</span> <span class='ocrx_word' id='word_1_510' title='bbox 1443 4313 1541 4374; x_wconf 86' lang='lat' dir='ltr'>neque</span> <span class='ocrx_word' id='word_1_511' title='bbox 1569 4305 1720 4364; x_wconf 85' lang='lat' dir='ltr'>nutantem</span> 
     </span>
     <span class='ocr_line' id='line_1_54' title="bbox 57 4383 1721 4466; baseline 0.004 -16"><span class='ocrx_word' id='word_1_512' title='bbox 57 4391 135 4451; x_wconf 87' lang='lat' dir='ltr'>intra</span> <span class='ocrx_word' id='word_1_513' title='bbox 155 4396 224 4453; x_wconf 90' lang='lat' dir='ltr'>ecto</span> <span class='ocrx_word' id='word_1_514' title='bbox 244 4389 446 4452; x_wconf 84' lang='lat' dir='ltr'>hebdomadas</span> <span class='ocrx_word' id='word_1_515' title='bbox 464 4411 552 4452; x_wconf 91' lang='lat' dir='ltr'>arces</span> <span class='ocrx_word' id='word_1_516' title='bbox 571 4388 639 4450; x_wconf 88' lang='lat' dir='ltr'>illas</span> <span class='ocrx_word' id='word_1_517' title='bbox 659 4410 763 4451; x_wconf 87' lang='lat' dir='ltr'>omnes</span> <span class='ocrx_word' id='word_1_518' title='bbox 773 4390 860 4451; x_wconf 89' lang='lat' dir='ltr'>Livo·</span> <span class='ocrx_word' id='word_1_519' title='bbox 919 4385 1104 4446; x_wconf 86' lang='lat' dir='ltr'>Catholicum</span> <span class='ocrx_word' id='word_1_520' title='bbox 1123 4386 1177 4444; x_wconf 89' lang='lat' dir='ltr'>toti</span> <span class='ocrx_word' id='word_1_521' title='bbox 1202 4383 1346 4446; x_wconf 90' lang='lat' dir='ltr'>Livoniac</span> <span class='ocrx_word' id='word_1_522' title='bbox 1365 4385 1547 4466; x_wconf 84' lang='lat' dir='ltr'>praefecerit,</span> <span class='ocrx_word' id='word_1_523' title='bbox 1567 4396 1629 4453; x_wconf 87' lang='lat' dir='ltr'>tum</span> <span class='ocrx_word' id='word_1_524' title='bbox 1647 4399 1721 4456; x_wconf 91' lang='lat' dir='ltr'>arci·</span> 
     </span>
     <span class='ocr_line' id='line_1_55' title="bbox 56 4478 1719 4571; baseline 0.004 -27"><span class='ocrx_word' id='word_1_525' title='bbox 56 4481 265 4571; x_wconf 88' lang='lat' dir='ltr'>uieasdcdat,</span> <span class='ocrx_word' id='word_1_526' title='bbox 292 4485 421 4564; x_wconf 89' lang='lat' dir='ltr'>quaein</span> <span class='ocrx_word' id='word_1_527' title='bbox 448 4486 516 4566; x_wconf 89' lang='lat' dir='ltr'>ejus</span> <span class='ocrx_word' id='word_1_528' title='bbox 541 4486 690 4564; x_wconf 82' lang='lat' dir='ltr'>potestate</span> <span class='ocrx_word' id='word_1_529' title='bbox 709 4488 795 4558; x_wconf 83' lang='lat' dir='ltr'>sunt3</span> <span class='ocrx_word' id='word_1_530' title='bbox 821 4483 860 4543; x_wconf 89' lang='lat' dir='ltr'>ab</span> <span class='ocrx_word' id='word_1_531' title='bbox 918 4480 976 4540; x_wconf 93' lang='lat' dir='ltr'>bus</span> <span class='ocrx_word' id='word_1_532' title='bbox 997 4499 1051 4540; x_wconf 92' lang='lat' dir='ltr'>eos</span> <span class='ocrx_word' id='word_1_533' title='bbox 1069 4478 1234 4560; x_wconf 86' lang='lat' dir='ltr'>praeficiat,</span> <span class='ocrx_word' id='word_1_534' title='bbox 1254 4499 1272 4540; x_wconf 93' lang='lat' dir='ltr'>a</span> <span class='ocrx_word' id='word_1_535' title='bbox 1299 4479 1407 4558; x_wconf 84' lang='lat' dir='ltr'>quibus</span> <span class='ocrx_word' id='word_1_536' title='bbox 1427 4501 1549 4555; x_wconf 88' lang='lat' dir='ltr'>nomen,</span> <span class='ocrx_word' id='word_1_537' title='bbox 1569 4483 1719 4550; x_wconf 85' lang='lat' dir='ltr'>Ecclesia·</span> 
     </span>
     <span class='ocr_line' id='line_1_56' title="bbox 55 4569 1739 4658; baseline -0.001 -21"><span class='ocrx_word' id='word_1_538' title='bbox 55 4578 183 4658; x_wconf 87' lang='lat' dir='ltr'>ipsaque</span> <span class='ocrx_word' id='word_1_539' title='bbox 208 4578 328 4639; x_wconf 85' lang='lat' dir='ltr'>civitate</span> <span class='ocrx_word' id='word_1_540' title='bbox 347 4577 526 4654; x_wconf 77' lang='lat' dir='ltr'>llerpatensi</span> <span class='ocrx_word' id='word_1_541' title='bbox 545 4575 675 4657; x_wconf 91' lang='lat' dir='ltr'>incipiat.</span> <span class='ocrx_word' id='word_1_542' title='bbox 726 4575 763 4637; x_wconf 92' lang='lat' dir='ltr'>V.</span> <span class='ocrx_word' id='word_1_543' title='bbox 788 4595 859 4638; x_wconf 89' lang='lat' dir='ltr'>vero</span> <span class='ocrx_word' id='word_1_544' title='bbox 919 4593 977 4653; x_wconf 89' lang='lat' dir='ltr'>que</span> <span class='ocrx_word' id='word_1_545' title='bbox 998 4573 1056 4633; x_wconf 82' lang='lat' dir='ltr'>Ilei</span> <span class='ocrx_word' id='word_1_546' title='bbox 1081 4592 1140 4632; x_wconf 93' lang='lat' dir='ltr'>uon</span> <span class='ocrx_word' id='word_1_547' title='bbox 1166 4570 1395 4652; x_wconf 73' lang='lat' dir='ltr'>blasphemetur.</span> <span class='ocrx_word' id='word_1_548' title='bbox 1434 4574 1477 4633; x_wconf 84' lang='lat' dir='ltr'>At</span> <span class='ocrx_word' id='word_1_549' title='bbox 1502 4595 1572 4634; x_wconf 92' lang='lat' dir='ltr'>vero</span> <span class='ocrx_word' id='word_1_550' title='bbox 1598 4569 1739 4658; x_wconf 76' lang='lat' dir='ltr'>Derpati&#39;</span> 
     </span>
     <span class='ocr_line' id='line_1_57' title="bbox 55 4664 1719 4752; baseline 0.002 -22"><span class='ocrx_word' id='word_1_551' title='bbox 55 4667 206 4752; x_wconf 86' lang='lat' dir='ltr'>Majestas</span> <span class='ocrx_word' id='word_1_552' title='bbox 256 4668 386 4746; x_wconf 86' lang='lat' dir='ltr'>Lucum,</span> <span class='ocrx_word' id='word_1_553' title='bbox 436 4669 641 4741; x_wconf 87' lang='lat' dir='ltr'>Zavoleciam,</span> <span class='ocrx_word' id='word_1_554' title='bbox 697 4667 860 4743; x_wconf 84' lang='lat' dir='ltr'>Naveliam,</span> <span class='ocrx_word' id='word_1_555' title='bbox 919 4687 1004 4727; x_wconf 92' lang='lat' dir='ltr'>nemo</span> <span class='ocrx_word' id='word_1_556' title='bbox 1030 4665 1121 4745; x_wconf 88' lang='lat' dir='ltr'>(quod</span> <span class='ocrx_word' id='word_1_557' title='bbox 1147 4664 1257 4738; x_wconf 88' lang='lat' dir='ltr'>sciam)</span> <span class='ocrx_word' id='word_1_558' title='bbox 1287 4665 1381 4741; x_wconf 90' lang='lat' dir='ltr'>aptior</span> <span class='ocrx_word' id='word_1_559' title='bbox 1405 4665 1536 4737; x_wconf 86' lang='lat' dir='ltr'>videtur,</span> <span class='ocrx_word' id='word_1_560' title='bbox 1569 4673 1719 4748; x_wconf 83' lang='lat' dir='ltr'>quaml).</span> 
     </span>
     <span class='ocr_line' id='line_1_58' title="bbox 57 4757 1718 4845; baseline 0.002 -23"><span class='ocrx_word' id='word_1_561' title='bbox 57 4761 229 4835; x_wconf 89' lang='lat' dir='ltr'>Cbelmam,</span> <span class='ocrx_word' id='word_1_562' title='bbox 261 4782 395 4843; x_wconf 86' lang='lat' dir='ltr'>quasque</span> <span class='ocrx_word' id='word_1_563' title='bbox 415 4761 648 4824; x_wconf 87' lang='lat' dir='ltr'>Pleseovienses</span> <span class='ocrx_word' id='word_1_564' title='bbox 665 4783 752 4824; x_wconf 89' lang='lat' dir='ltr'>arces</span> <span class='ocrx_word' id='word_1_565' title='bbox 772 4784 860 4845; x_wconf 86' lang='lat' dir='ltr'>supe·</span> <span class='ocrx_word' id='word_1_566' title='bbox 916 4759 1124 4829; x_wconf 86' lang='lat' dir='ltr'>Zcbridovius,</span> <span class='ocrx_word' id='word_1_567' title='bbox 1143 4758 1193 4836; x_wconf 89' lang='lat' dir='ltr'>qui</span> <span class='ocrx_word' id='word_1_568' title='bbox 1210 4757 1394 4830; x_wconf 88' lang='lat' dir='ltr'>sexennium,</span> <span class='ocrx_word' id='word_1_569' title='bbox 1414 4777 1520 4836; x_wconf 84' lang='lat' dir='ltr'>magno</span> <span class='ocrx_word' id='word_1_570' title='bbox 1532 4761 1638 4835; x_wconf 76' lang='lat' dir='ltr'>anino,</span> <span class='ocrx_word' id='word_1_571' title='bbox 1659 4785 1718 4827; x_wconf 91' lang='lat' dir='ltr'>ma·</span> 
     </span>
     <span class='ocr_line' id='line_1_59' title="bbox 56 4849 1718 4937; baseline 0.001 -25"><span class='ocrx_word' id='word_1_572' title='bbox 56 4855 133 4914; x_wconf 90' lang='lat' dir='ltr'>riore</span> <span class='ocrx_word' id='word_1_573' title='bbox 145 4878 224 4918; x_wconf 93' lang='lat' dir='ltr'>anno</span> <span class='ocrx_word' id='word_1_574' title='bbox 244 4855 332 4937; x_wconf 90' lang='lat' dir='ltr'>cepit,</span> <span class='ocrx_word' id='word_1_575' title='bbox 354 4877 420 4917; x_wconf 89' lang='lat' dir='ltr'>cum</span> <span class='ocrx_word' id='word_1_576' title='bbox 439 4857 477 4917; x_wconf 90' lang='lat' dir='ltr'>iis</span> <span class='ocrx_word' id='word_1_577' title='bbox 496 4857 660 4925; x_wconf 86' lang='lat' dir='ltr'>tormentis,</span> <span class='ocrx_word' id='word_1_578' title='bbox 680 4876 757 4936; x_wconf 86' lang='lat' dir='ltr'>quae</span> <span class='ocrx_word' id='word_1_579' title='bbox 776 4861 860 4918; x_wconf 91' lang='lat' dir='ltr'>erant</span> <span class='ocrx_word' id='word_1_580' title='bbox 917 4855 985 4932; x_wconf 88' lang='lat' dir='ltr'>guis</span> <span class='ocrx_word' id='word_1_581' title='bbox 1005 4853 1183 4932; x_wconf 85' lang='lat' dir='ltr'>sumptibus,</span> <span class='ocrx_word' id='word_1_582' title='bbox 1203 4869 1317 4910; x_wconf 85' lang='lat' dir='ltr'>summa</span> <span class='ocrx_word' id='word_1_583' title='bbox 1337 4849 1395 4910; x_wconf 87' lang='lat' dir='ltr'>lide</span> <span class='ocrx_word' id='word_1_584' title='bbox 1417 4849 1574 4914; x_wconf 87' lang='lat' dir='ltr'>Catholica</span> <span class='ocrx_word' id='word_1_585' title='bbox 1596 4855 1632 4916; x_wconf 88' lang='lat' dir='ltr'>V.</span> <span class='ocrx_word' id='word_1_586' title='bbox 1653 4857 1718 4919; x_wconf 70' lang='lat' dir='ltr'>Ma-</span> 
     </span>
     <span class='ocr_line' id='line_1_60' title="bbox 55 4942 1718 5029; baseline 0.002 -21"><span class='ocrx_word' id='word_1_587' title='bbox 55 4942 171 5019; x_wconf 83' lang='lat' dir='ltr'>Mosei,</span> <span class='ocrx_word' id='word_1_588' title='bbox 201 4948 309 5010; x_wconf 85' lang='lat' dir='ltr'>Mosco</span> <span class='ocrx_word' id='word_1_589' title='bbox 329 4950 480 5011; x_wconf 84' lang='lat' dir='ltr'>restituat:</span> <span class='ocrx_word' id='word_1_590' title='bbox 510 4950 670 5010; x_wconf 89' lang='lat' dir='ltr'>exercitum</span> <span class='ocrx_word' id='word_1_591' title='bbox 698 4948 861 5012; x_wconf 88' lang='lat' dir='ltr'>Plescovia</span> <span class='ocrx_word' id='word_1_592' title='bbox 912 4948 1017 5029; x_wconf 84' lang='lat' dir='ltr'>jestati</span> <span class='ocrx_word' id='word_1_593' title='bbox 1035 4944 1200 5013; x_wconf 86' lang='lat' dir='ltr'>inservivit,</span> <span class='ocrx_word' id='word_1_594' title='bbox 1221 4947 1337 5020; x_wconf 87' lang='lat' dir='ltr'>praeter</span> <span class='ocrx_word' id='word_1_595' title='bbox 1356 4946 1423 5026; x_wconf 90' lang='lat' dir='ltr'>ejus</span> <span class='ocrx_word' id='word_1_596' title='bbox 1442 4947 1534 5023; x_wconf 88' lang='lat' dir='ltr'>patris</span> <span class='ocrx_word' id='word_1_597' title='bbox 1553 4950 1718 5028; x_wconf 87' lang='lat' dir='ltr'>antiquiora</span> 
     </span>
     <span class='ocr_line' id='line_1_61' title="bbox 56 5035 1718 5125; baseline 0.001 -28"><span class='ocrx_word' id='word_1_598' title='bbox 56 5037 201 5110; x_wconf 86' lang='lat' dir='ltr'>deducat,</span> <span class='ocrx_word' id='word_1_599' title='bbox 230 5051 320 5125; x_wconf 83' lang='lat' dir='ltr'>atque</span> <span class='ocrx_word' id='word_1_600' title='bbox 347 5041 386 5102; x_wconf 89' lang='lat' dir='ltr'>ad</span> <span class='ocrx_word' id='word_1_601' title='bbox 405 5063 509 5104; x_wconf 86' lang='lat' dir='ltr'>novem</span> <span class='ocrx_word' id='word_1_602' title='bbox 529 5062 625 5102; x_wconf 90' lang='lat' dir='ltr'>annos</span> <span class='ocrx_word' id='word_1_603' title='bbox 644 5062 702 5122; x_wconf 87' lang='lat' dir='ltr'>pax</span> <span class='ocrx_word' id='word_1_604' title='bbox 721 5044 858 5121; x_wconf 87' lang='lat' dir='ltr'>utrinque</span> <span class='ocrx_word' id='word_1_605' title='bbox 917 5060 987 5119; x_wconf 91' lang='lat' dir='ltr'>erga</span> <span class='ocrx_word' id='word_1_606' title='bbox 1005 5035 1231 5117; x_wconf 88' lang='lat' dir='ltr'>Rempublicam</span> <span class='ocrx_word' id='word_1_607' title='bbox 1252 5035 1362 5096; x_wconf 88' lang='lat' dir='ltr'>merita.</span> <span class='ocrx_word' id='word_1_608' title='bbox 1391 5036 1489 5108; x_wconf 81' lang='lat' dir='ltr'>Quem</span> <span class='ocrx_word' id='word_1_609' title='bbox 1508 5039 1718 5105; x_wconf 83' lang='lat' dir='ltr'>Zebridovium</span> 
     </span>
     <span class='ocr_line' id='line_1_62' title="bbox 55 5129 1716 5215; baseline 0.004 -23"><span class='ocrx_word' id='word_1_610' title='bbox 55 5131 113 5193; x_wconf 87' lang='lat' dir='ltr'>sit:</span> <span class='ocrx_word' id='word_1_611' title='bbox 137 5134 273 5211; x_wconf 90' lang='lat' dir='ltr'>quemvis</span> <span class='ocrx_word' id='word_1_612' title='bbox 293 5143 326 5195; x_wconf 93' lang='lat' dir='ltr'>ut</span> <span class='ocrx_word' id='word_1_613' title='bbox 344 5132 421 5197; x_wconf 79' lang='lat' dir='ltr'>baec</span> <span class='ocrx_word' id='word_1_614' title='bbox 445 5136 486 5196; x_wconf 88' lang='lat' dir='ltr'>sit</span> <span class='ocrx_word' id='word_1_615' title='bbox 504 5133 617 5215; x_wconf 90' lang='lat' dir='ltr'>longior</span> <span class='ocrx_word' id='word_1_616' title='bbox 637 5139 717 5209; x_wconf 91' lang='lat' dir='ltr'>(cum</span> <span class='ocrx_word' id='word_1_617' title='bbox 736 5135 814 5205; x_wconf 86' lang='lat' dir='ltr'>dixi,</span> <span class='ocrx_word' id='word_1_618' title='bbox 839 5156 858 5197; x_wconf 90' lang='lat' dir='ltr'>a</span> <span class='ocrx_word' id='word_1_619' title='bbox 916 5134 973 5195; x_wconf 89' lang='lat' dir='ltr'>etsi</span> <span class='ocrx_word' id='word_1_620' title='bbox 998 5133 1028 5192; x_wconf 93' lang='lat' dir='ltr'>in</span> <span class='ocrx_word' id='word_1_621' title='bbox 1055 5131 1163 5192; x_wconf 87' lang='lat' dir='ltr'>castris</span> <span class='ocrx_word' id='word_1_622' title='bbox 1189 5149 1342 5200; x_wconf 88' lang='lat' dir='ltr'>noveram,</span> <span class='ocrx_word' id='word_1_623' title='bbox 1368 5129 1447 5208; x_wconf 86' lang='lat' dir='ltr'>quod</span> <span class='ocrx_word' id='word_1_624' title='bbox 1474 5132 1594 5196; x_wconf 79' lang='lat' dir='ltr'>bublini</span> <span class='ocrx_word' id='word_1_625' title='bbox 1620 5137 1716 5198; x_wconf 91' lang='lat' dir='ltr'>Colle·</span> 
     </span>
     <span class='ocr_line' id='line_1_63' title="bbox 55 5222 1714 5309; baseline 0.003 -23"><span class='ocrx_word' id='word_1_626' title='bbox 55 5222 169 5303; x_wconf 81' lang='lat' dir='ltr'>Magno</span> <span class='ocrx_word' id='word_1_627' title='bbox 184 5224 268 5287; x_wconf 83' lang='lat' dir='ltr'>Duce</span> <span class='ocrx_word' id='word_1_628' title='bbox 286 5227 403 5294; x_wconf 88' lang='lat' dir='ltr'>litteras</span> <span class='ocrx_word' id='word_1_629' title='bbox 420 5231 583 5309; x_wconf 86' lang='lat' dir='ltr'>accepero)</span> <span class='ocrx_word' id='word_1_630' title='bbox 601 5232 767 5291; x_wconf 87' lang='lat' dir='ltr'>tentaturus</span> <span class='ocrx_word' id='word_1_631' title='bbox 787 5229 854 5290; x_wconf 84' lang='lat' dir='ltr'>sim.</span> <span class='ocrx_word' id='word_1_632' title='bbox 914 5228 994 5306; x_wconf 90' lang='lat' dir='ltr'>gium</span> <span class='ocrx_word' id='word_1_633' title='bbox 1013 5224 1053 5287; x_wconf 89' lang='lat' dir='ltr'>de</span> <span class='ocrx_word' id='word_1_634' title='bbox 1073 5225 1226 5287; x_wconf 81' lang='lat' dir='ltr'>Societate</span> <span class='ocrx_word' id='word_1_635' title='bbox 1247 5227 1349 5284; x_wconf 83' lang='lat' dir='ltr'>nostra</span> <span class='ocrx_word' id='word_1_636' title='bbox 1374 5243 1441 5286; x_wconf 91' lang='lat' dir='ltr'>curn</span> <span class='ocrx_word' id='word_1_637' title='bbox 1461 5226 1654 5301; x_wconf 87' lang='lat' dir='ltr'>instituisset,</span> <span class='ocrx_word' id='word_1_638' title='bbox 1684 5232 1714 5292; x_wconf 90' lang='lat' dir='ltr'>ie</span> 
     </span>
    </p>
   </div>
   <div class='ocr_carea' id='block_1_7' title="bbox 60 2599 863 2738">
    <p class='ocr_par' dir='ltr' id='par_1_8' title="bbox 60 2599 863 2738">
     <span class='ocr_line' id='line_1_64' title="bbox 60 2599 863 2738; baseline -0.001 -24"><span class='ocrx_word' id='word_1_639' title='bbox 60 2612 358 2714; x_wconf 76' lang='grc' dir='ltr'>ιιιιιιιιιο</span> <span class='ocrx_word' id='word_1_640' title='bbox 397 2599 677 2714; x_wconf 73' lang='lat' dir='ltr'>voconiae</span> <span class='ocrx_word' id='word_1_641' title='bbox 714 2637 863 2738; x_wconf 79' lang='lat' dir='ltr'>ouer,</span> 
     </span>
    </p>
   </div>
   <div class='ocr_carea' id='block_1_8' title="bbox 231 2780 691 2829">
    <p class='ocr_par' dir='ltr' id='par_1_9' title="bbox 231 2780 691 2829">
     <span class='ocr_line' id='line_1_65' title="bbox 231 2780 691 2829; baseline -0.002 -2"><span class='ocrx_word' id='word_1_642' title='bbox 231 2782 422 2828; x_wconf 73' lang='lat' dir='ltr'>amnonius</span> <span class='ocrx_word' id='word_1_643' title='bbox 448 2780 691 2829; x_wconf 78' lang='lat' dir='ltr'>POSSRVINUS.</span> 
     </span>
    </p>
   </div>
   <div class='ocr_carea' id='block_1_9' title="bbox 0 0 1872 5610">
    <p class='ocr_par' dir='ltr' id='par_1_10' title="bbox 0 0 1872 5610">
     <span class='ocr_line' id='line_1_66' title="bbox 0 0 1872 5610; baseline 0 3"><span class='ocrx_word' id='word_1_644' title='bbox 0 0 1872 5610; x_wconf 95' lang='lat' dir='ltr'> </span> 
     </span>
    </p>
   </div>
  </div>
 </body>
</html>
