3742 5626
770 166 1034 227 militet.
1722 173 1740 229 b

67 319 192 392 iberiae,
212 319 365 398 lagonae,
391 316 575 389 Pereualae,
598 316 744 389 valchso,
768 318 877 398 Belga·
935 320 1050 381 coriam
1087 340 1160 383 esse
1187 320 1358 383 rediturae.
1424 320 1655 385 dioscoritamar
1689 346 1739 387 no·

67 415 138 483 riae,
158 419 218 476 ete.
253 413 428 473 Dorrrirralor
442 418 610 490 etmagrms
624 412 771 495 Princeps
779 411 877 473 Nero·
936 431 1004 472 nen
1024 433 1133 474 reeens
1157 420 1222 476 estt
1242 433 1409 494 quanquam
1429 413 1469 474 de
1487 412 1605 477 Moscis
1623 416 1738 483 Sarna·

67 507 191 582 gradium
213 505 479 570 interioristerrae.
500 503 879 583 tierrrigoriaedlssaniec,
935 508 1029 563 tarura
1049 506 1188 567 allinibus
1206 505 1350 567 Lucanus
1368 508 1547 579 meminerit,
1572 514 1603 569 et
1622 508 1740 573 Plinius

68 596 259 669 Volotrlriae,
271 598 432 667 Reseriae,
445 596 599 669 Belclriae,
608 598 783 669 lienteriae,
794 596 877 657 Jaro·
935 593 1063 658 blesens
1098 599 1137 660 ed
1164 597 1308 661 Phasidis
1339 598 1439 661 lentes
1472 620 1565 681 supra
1588 600 1739 665 Euxinum

68 692 196 760 alariae,
219 690 399 760 llcloiamiae,
419 688 561 761 Ualeriae,
583 689 750 761 Obdoriae,
769 688 866 749 Condi
936 686 974 747 ad
995 686 1150 751 Orientem
1176 695 1344 752 constituat.
1393 688 1503 753 Eorum
1528 694 1610 770 regio
1631 692 1739 757 latissi-

69 785 205 863 nioeque,
232 789 308 845 etc·
328 782 457 843 blisistis
481 783 521 843 ad
541 804 598 843 uros
624 783 750 843 Paulum
776 785 876 843 centor·
934 800 1001 841 mos
1025 781 1117 843 babet
1141 784 1235 855 lines,
1267 794 1298 847 ct
1323 785 1363 845 ab
1380 786 1443 847 aris
1462 784 1623 847 Alexandri
1641 788 1740 866 magni

70 878 194 948 aionem,
213 878 308 936 civem
329 875 532 946 (leonensem,
552 897 619 937 cnm
645 876 747 946 literis,
768 873 877 953 quibus
934 873 1012 933 circa
1032 873 1146 937 Tanais
1166 877 1265 938 lentes
1283 876 1322 937 ad
1342 882 1474 937 extrema
1493 882 1650 950 terramm,
1680 878 1739 940 Bu·
1842 938 1856 963 ε,

69 990 128 1028 uos
153 968 297 1031 adlrortuti
323 969 409 1039 estis,
435 974 468 1028 ut
493 970 662 1040 robiscma,
687 969 877 1046 caeterisque
934 966 1102 1048 realemque
1122 965 1293 1039 Oceanum,
1312 969 1370 1029 sub
1389 969 1465 1050 ipsis
1484 969 1547 1030 iere
1557 970 1739 1051 Septentrio·

71 1061 305 1123 Christianorum
331 1062 515 1142 principibus
544 1062 669 1121 consilio
694 1082 730 1123 ac
763 1061 877 1122 viribus
936 1059 1024 1120 nibus
1048 1059 1232 1122 extenditur:
1263 1064 1441 1143 campestris
1461 1082 1567 1141 raagna
1586 1083 1625 1124 ex
1645 1069 1739 1144 parte,

68 1156 217 1236 conjuncti
247 1174 320 1213 esse
349 1154 504 1224 vellemus,
534 1154 682 1214 aolus-rsus
714 1151 878 1213 (ibristiord
936 1157 967 1210 et
996 1152 1097 1232 'rabuli
1123 1152 1242 1233 quiden
1263 1153 1362 1222 ferax,
1394 1153 1451 1214 sed
1470 1160 1586 1215 aestate
1604 1155 1739 1236 pluribus

70 1248 195 1307 nominis
225 1246 350 1317 hostes,
376 1268 414 1307 oe
440 1248 552 1307 nostris
577 1248 745 1326 vestrisque
769 1245 878 1323 legatis
936 1245 966 1303 in
986 1244 1062 1305 locis
1080 1244 1238 1307 adnodnn
1247 1246 1409 1328 palustris3
1429 1250 1739 1309 namcaomnisterra

70 1341 145 1398 ultro
165 1343 299 1418 citroque
318 1337 504 1398 commeandi
525 1342 618 1398 tutum
648 1359 685 1399 nc
709 1337 877 1419 expeditu·
934 1338 1053 1415 lagnis
1072 1338 1336 1419 sequentitarsque
1355 1340 1492 1400 amnibus
1513 1341 1662 1418 irrigatur,
1687 1342 1737 1419 qui

71 1433 127 1490 iter
145 1438 273 1512 poteret,
292 1437 324 1490 ut
344 1437 445 1490 nutrio
464 1433 613 1490 anicitiae
631 1432 740 1501 otlicio,
759 1430 798 1490 de
818 1449 877 1490 am·
934 1429 986 1489 ubi
1012 1430 1132 1491 uiribus
1154 1430 1299 1511 bybernis
1323 1431 1414 1491 arulto
1433 1432 1509 1492 solis
1528 1454 1640 1513 vapore
1659 1433 1738 1494 colti-

71 1525 172 1582 trorum
193 1523 293 1582 solute
312 1529 343 1583 et
369 1530 449 1584 statu
477 1544 569 1583 reru·
598 1524 739 1603 cognosci
770 1523 876 1602 possit.
934 1523 1050 1601 qualis,
1069 1532 1100 1581 ct
1118 1523 1252 1584 resoluta
1270 1525 1381 1602 ubique
1393 1524 1489 1601 glacie
1504 1532 1739 1593 corrtunescunt.

71 1614 140 1675 Nos
160 1622 270 1685 nortem,
292 1614 359 1675 lieo
378 1617 456 1676 benc
475 1616 876 1698 atqueieliciteradjuraum,
935 1615 1032 1695 campi
1055 1617 1168 1692 passim
1188 1617 1217 1674 in
1239 1616 1364 1695 paludes
1374 1610 1499 1687 abeunt,
1519 1621 1738 1697 cunctaqueiti·

69 1709 159 1766 sir-uti
191 1707 354 1777 hactenus,
385 1707 532 1767 adversus
556 1709 663 1789 impios
688 1707 876 1767 Christianae
935 1728 1006 1768 uera
1027 1708 1248 1769 continentibus
1268 1709 1356 1786 aquis
1375 1715 1406 1767 et
1425 1729 1558 1770 coerrosa
1577 1712 1675 1771 illuvie
1688 1711 1737 1771 de·

68 1799 222 1877 religionis
235 1801 340 1859 lrostes
356 1801 478 1878 impigr'c
488 1807 718 1881 corastantcrque
727 1801 875 1870 stetimus,
934 1799 1105 1872 foedantur,
1124 1801 1221 1860 ‹lornec
1244 1821 1337 1861 riorac
1357 1801 1474 1880 hyemis
1489 1801 1633 1863 beneficio
1647 1809 1737 1865 resta·

69 1894 110 1952 ito
128 1899 159 1951 et
179 1895 208 1952 in
228 1898 377 1973 posternae
404 1902 487 1953 stare
506 1891 700 1953 decrevimus.
741 1895 875 1972 itemque
934 1895 1054 1971 guantia
1085 1893 1218 1965 tiu-ina,
1248 1895 1392 1974 ipsaeque
1416 1893 1542 1973 paludes
1562 1895 1667 1954 iterum
1688 1916 1737 1954 co·

71 2004 138 2044 cum
152 1988 281 2044 caeteris
295 1984 475 2045 Christianis
495 1984 677 2065 principibus
695 1987 875 2057 ementire,
933 1992 1054 2065 gantur,
1074 1991 1105 2045 ct
1126 1988 1192 2047 rias
1210 1985 1395 2046 solidissimo
1414 1992 1580 2047 consuetas
1592 1989 1670 2064 gelu,
1690 1987 1737 2047 vel

69 2084 100 2138 et
119 2083 228 2159 precata
248 2079 352 2139 itinera
364 2083 527 2160 praestare,
547 2078 639 2154 parati
650 2098 767 2140 umus.
788 2077 876 2150 Quas
933 2079 1100 2139 transituris
1119 2080 1253 2140 curribus
1273 2079 1446 2160 praebcant.
1482 2077 1632 2158 llercyuia
1650 2081 1738 2159 sylva

69 2172 109 2231 ob
128 2191 179 2231 res
198 2172 341 2231 mittimus
359 2170 399 2232 ad
420 2190 476 2232 vos
494 2169 678 2230 lleauetriurn
697 2170 875 2242 Erasmiura,
934 2177 1055 2251 quotam
1087 2171 1261 2232 blusceriae
1293 2176 1404 2250 partem
1436 2177 1581 2251 occupat,
1611 2174 1737 2252 ipsaque

70 2269 201 2323 nostrnaa
231 2263 395 2333 honinem,
420 2284 485 2323 cum
517 2261 574 2323 bac
607 2269 708 2322 trustra
739 2263 875 2341 epistola,
933 2265 1046 2344 passim
1066 2266 1175 2345 positis
1194 2267 1305 2344 utrique
1325 2263 1470 2324 aediliciis
1491 2265 1642 2335 incolitur,
1661 2267 1736 2346 jam·

69 2356 256 2435 Paulumque
268 2359 469 2417 centurionem
483 2357 667 2416 remittimus.
693 2355 874 2415 llcmetriun
934 2377 993 2435 que
1025 2356 1113 2435 longo
1141 2357 1241 2418 labore
1266 2358 1417 2418 boninum
1442 2358 1534 2418 rarior
1553 2357 1646 2429 sacta,
1678 2380 1735 2419 uon

68 2454 168 2510 auten
189 2448 325 2508 celeriter
349 2450 520 2519 remittetis,
546 2468 673 2526 errorque
700 2447 873 2507 incolumem
933 2469 1017 2518 eam,
1036 2450 1126 2508 sicuti
1145 2449 1279 2529 plerique
1298 2451 1481 2521 existimant,
1500 2449 1647 2512 borridum
1665 2451 1736 2511 den·

70 2551 103 2600 et
122 2541 291 2602 inviolatum
315 2541 467 2622 usquead
489 2541 874 2621 tirrcsuostroscssejube·
933 2543 1119 2601 sissimorum
1150 2562 1299 2600 nemorum
1332 2543 1654 2623 impenetrabiliumque
1678 2544 1735 2606 sal·

70 2635 150 2694 bitis
190 2633 269 2694 lderu
291 2654 348 2693 nos
366 2653 483 2713 oraeque
503 2635 730 2713 praestabimus,
762 2635 788 2691 si
809 2653 874 2693 cura
932 2644 1013 2692 mun
1036 2634 1140 2693 taciem
1161 2632 1291 2692 «ostendit
1335 2635 1491 2694 Caeterum
1512 2637 1737 2696 eaimmaoibus

69 2727 222 2786 Demetrio
241 2726 371 2805 legatum
392 2732 523 2787 restmm
542 2727 674 2797 mittetis,
693 2731 726 2787 ut
736 2744 875 2786 sermone
933 2727 1006 2786 ieris
1026 2725 1217 2805 plenissima,
1237 2743 1289 2800 per
1306 2722 1490 2785 dioscoriam
1510 2731 1654 2805 perpetue
1679 2733 1734 2786 tra·

71 2838 109 2879 ac
140 2820 235 2880 literis
263 2821 408 2879 certiores
442 2818 482 2878 do
512 2821 604 2879 rebus
634 2816 876 2880 administrandis
933 2824 983 2878 etu
1008 2818 1085 2876 inter
1105 2822 1198 2876 ortum
1218 2815 1308 2887 solis,
1337 2822 1368 2876 ct
1386 2815 1530 2888 Borean,
1558 2816 1597 2879 ad
1617 2816 1734 2898 Scytbi·

67 2910 873 2993 reddamur,slcutperspectisChristianorumomniun
932 2930 997 2970 cun
1017 2909 1171 2970 Oceanum
1197 2928 1355 2970 excurrere
1380 2909 1519 2970 traditur:
1549 2910 1591 2972 ita
1609 2917 1642 2972 ut
1660 2932 1736 2992 spes

68 3004 281 3072 voluntatibus,
300 3022 358 3062 nos
378 3002 464 3064 effla
484 3005 594 3085 opti-s
619 3003 743 3064 consilia
764 3022 874 3082 capere
931 3001 1079 3064 bominum
1100 3003 1167 3083 ejus
1187 3003 1273 3062 linens
1286 3003 1404 3062 curiose
1415 3004 1607 3063 scrutantium
1622 3005 1736 3066 infinita

67 3099 232 3158 valeanus.
263 3095 372 3156 Daton
392 3095 685 3166 ioDominonostro,
706 3097 873 3155 incivitate
932 3094 1132 3174 magnitudine
1156 3115 1213 3155 suu
1236 3115 1355 3173 seraper
1374 3095 1510 3167 eluserit3
1543 3116 1581 3156 ea
1599 3097 1628 3155 in
1650 3105 1736 3176 parte

69 3195 172 3250 nostra
202 3188 372 3258 blesensia,
401 3206 480 3246 annu
511 3188 549 3247 ab
585 3189 667 3248 initio
700 3186 798 3247 nundi
826 3206 873 3248 se·
932 3208 1009 3268 qnae
1029 3189 1123 3267 vergit
1141 3186 1180 3247 ad
1199 3186 1369 3258 Pressius,
1388 3190 1432 3248 uri
1451 3189 1589 3266 ingentes
1607 3193 1638 3248 et
1660 3187 1734 3251 lere

69 3282 160 3361 ptime
180 3281 345 3352 millesimo,
364 3280 524 3349 tricesimo,
544 3283 629 3340 tertio
648 3281 772 3360 Aprilis.
798 3280 873 3342 Cae·
932 3281 1045 3340 cissimi
1071 3285 1217 3341 taurorum
1239 3281 1342 3356 specie
1361 3282 1559 3358 reperiuntur,
1589 3302 1666 3361 quos
1684 3282 1735 3343 lli·

68 3381 160 3435 terum
181 3374 363 3443 lle-atrius,
385 3373 427 3430 uti
451 3376 498 3430 est
517 3371 704 3433 launomarum
721 3392 817 3433 rerum
842 3377 874 3433 et
931 3379 1037 3432 sontes
1066 3377 1188 3433 vocant:
1219 3374 1347 3450 ite-quc
1365 3372 1460 3433 Alces
1483 3374 1602 3435 cervina
1627 3375 1735 3453 elligie.

69 3486 221 3527 sacranuu
232 3466 407 3546 praesertin
420 3464 568 3525 literarum
584 3466 668 3525 valde
682 3467 805 3546 peritus,
824 3484 873 3525 oc·
932 3472 962 3525 et
982 3486 1045 3525 cura
1067 3485 1174 3525 caroea
1191 3463 1384 3544 prrrlroscide,
1402 3466 1530 3545 altisque
1543 3467 1686 3538 cruribus,
1705 3474 1736 3529 et

68 3558 193 3619 cultiora
211 3559 250 3618 de
271 3559 385 3637 magnis
406 3559 532 3633 negotiis
552 3559 690 3619 aaranrlata
710 3557 873 3619 lrabercri·
934 3558 1013 3618 nullo
1044 3557 1233 3636 suffraginum
1260 3557 1355 3617 llexut
1384 3556 1475 3616 Leni
1502 3579 1522 3619 a
1545 3559 1735 3631 blascoritis,

68 3651 169 3721 detur,
188 3672 266 3731 quae
286 3670 354 3711 srox
374 3669 443 3710 eum
465 3651 587 3726 priuatis
602 3651 814 3729 congressibus
825 3668 873 3709 ex·
932 3671 950 3711 a
970 3648 1128 3709 llermanis
1149 3670 1217 3708 rere
1236 3649 1372 3710 llclenes
1391 3648 1548 3729 appellati,
1578 3672 1656 3730 quae
1674 3654 1735 3711 ani·

67 3745 232 3824 posituro·
249 3762 422 3823 speramus:
444 3762 512 3801 naor
533 3763 551 3800 a
571 3741 670 3814 febre,
688 3743 717 3803 in
736 3761 873 3821 qua-ex
933 3741 1019 3803 aratia
1042 3744 1078 3801 t).
1100 3742 1225 3801 Caesari
1246 3747 1316 3801 nota
1336 3741 1432 3801 raim
1451 3740 1595 3801 ride-m.
1645 3740 1736 3802 Prae·

68 3836 147 3895 eseli
165 3837 325 3897 nutatione
346 3833 503 3904 inciderat,
523 3835 663 3912 pristinas
681 3836 761 3895 uires
780 3840 811 3893 ct
826 3854 874 3895 na·
932 3840 1014 3894 terea
1035 3835 1097 3893 ursi
1117 3834 1276 3894 inusitatae
1297 3831 1522 3912 magnitudinis,
1542 3838 1736 3911 etpraegrau·

67 3928 159 3987 tiru-
180 3927 281 3988 rubus
298 3929 433 3987 ruborem
456 3928 656 4007 recuperarit,
675 3928 717 3987 ita
736 3930 769 3987 ut
780 3927 874 4007 ponti·
933 3927 991 3987 des
1015 3926 1092 4005 lupi,
1122 3930 1187 3985 atre
1213 3925 1314 3984 colore
1340 3921 1552 3985 formidabiles.
1601 3925 1652 3985 Ab
1670 3914 1736 3987 ertu

71 4020 152 4080 ficiis
171 4020 276 4090 sacris,
296 4020 416 4099 quaein
438 4018 579 4079 bonorem
599 4019 730 4079 dirorum
746 4018 875 4079 Cos-ae
931 4016 1087 4080 bloseoria
1107 4018 1248 4077 tinitiraos
1267 4014 1358 4075 lrabet
1380 4012 1530 4094 Scythas,
1550 4018 1601 4096 qui
1620 4016 1735 4079 Tartari

68 4108 264 4182 etDamtani,
283 4111 400 4170 solenni
418 4117 581 4192 apparatu,
601 4110 787 4190 musicisque
806 4129 874 4169 con·
933 4108 1023 4171 bodie
1057 4116 1277 4188 nuncupantur,
1309 4112 1428 4183 genten
1453 4127 1574 4186 rugeam
1603 4115 1633 4170 et
1656 4111 1736 4171 bello

66 4204 207 4264 centibus
224 4203 360 4264 eoatccte
379 4209 465 4273 sura,
484 4204 699 4277 sexagenarius
715 4223 825 4272 senex,
844 4208 875 4261 ct
933 4202 1071 4265 omnibus
1089 4201 1204 4261 secubo
1224 4198 1378 4261 iilrrstrera.
1418 4198 1552 4263 Tartaris
1570 4222 1624 4283 pro
1644 4201 1736 4263 domi·

67 4317 135 4357 cun
155 4298 310 4377 voluptate
328 4295 446 4374 quidem
465 4296 607 4367 astitmit,
638 4299 669 4355 ct
688 4294 719 4354 io
738 4304 874 4356 senatu·
933 4298 991 4356 bus
1015 4302 1087 4354 sunt
1106 4293 1198 4363 carri,
1228 4292 1408 4354 centonibus
1426 4295 1574 4375 coriisque
1592 4296 1736 4355 comestio

67 4389 197 4459 venerit,
217 4408 306 4467 quun
329 4387 510 4468 Canpcgius
531 4384 737 4448 cardinalias
759 4387 875 4461 l'anao·
932 4390 971 4450 ab
992 4407 1050 4467 quo
1070 4387 1151 4448 ritae
1170 4404 1282 4464 puers
1291 4384 1494 4448 lla-exortos
1510 4387 1737 4466 antiquitatem

68 4482 137 4544 nita
165 4481 315 4560 legatione
338 4486 398 4540 tuaa
418 4480 544 4561 manum
565 4478 700 4550 rediens,
736 4479 876 4541 al’eati·
932 4480 1101 4563 appellarit.
1151 4478 1210 4540 Pro
1234 4476 1358 4541 urbibus
1376 4499 1463 4549 rere,
1492 4498 1530 4538 ae
1548 4476 1667 4557 oppidis
1686 4476 1736 4535 iaa-

68 4575 126 4634 tiee
153 4574 350 4651 omnibusque
381 4572 468 4631 aulae
500 4568 654 4632 ordinibus
678 4573 875 4653 exciperetur,
933 4593 1039 4634 mensa
1064 4582 1179 4642 castn,
1209 4592 1268 4633 aen
1287 4572 1397 4642 tonsis,
1429 4576 1479 4631 ast
1498 4570 1639 4629 materiae
1658 4566 1736 4625 clau·

68 4667 140 4744 qaia
166 4671 197 4725 et
222 4668 417 4725 saemsamta
436 4663 522 4721 urbis
540 4664 652 4742 templa
670 4670 701 4724 et
720 4662 876 4725 llrrraanae
933 4668 1020 4737 stris,
1044 4665 1102 4727 sed
1122 4665 1237 4725 infinita
1255 4664 1472 4743 sagittariorum
1493 4660 1621 4739 equim-
1642 4656 1737 4717 multi·

66 4756 284 4834 magnitudinis
303 4758 420 4825 ruinas,
440 4754 664 4835 priscorumque
683 4776 803 4835 operum
824 4756 874 4816 de·
933 4758 1036 4818 tudine
1055 4755 1173 4817 vallata.
1205 4753 1383 4817 llividostnr
1402 4752 1516 4814 Tartari
1535 4768 1588 4830 per
1601 4747 1737 4811 lierdasr

69 4848 214 4928 pluendo
233 4848 380 4909 cadavera
399 4842 594 4909 mirabundus
614 4846 763 4917 inviserit,
783 4849 825 4907 ita
843 4851 876 4905 ot
934 4871 971 4910 ea
1003 4855 1052 4908 cst
1083 4868 1184 4908 eorus
1210 4847 1325 4924 lingua,
1357 4840 1573 4905 consemientis
1597 4841 1628 4901 ie
1648 4860 1738 4903 anuas

68 4938 228 5001 aarum
253 4960 321 5002 eum
346 4939 516 5021 propedica
541 4937 699 5019 explicatis
716 4938 876 5008 mandatis,
933 4939 1037 5022 pepuli
1056 4938 1261 5015 wegrcgstio,
1276 4937 1316 4998 ad
1335 4935 1465 5012 elligiem
1483 4933 1623 4994 civitatis.
1665 4932 1737 4997 llor-

68 5050 137 5092 esaa
156 5030 255 5109 legato
272 5033 439 5115 pontificio,
468 5032 621 5113 Episcopo
639 5030 804 5101 Searense,
833 5028 876 5091 di·
934 5032 985 5093 dis
1002 5029 1113 5107 singuli
1130 5033 1273 5109 praesset
1291 5030 1503 5109 imperatores,
1536 5046 1613 5107 arros
1631 5044 1738 5105 genas,

67 5119 874 5206 meeeeptsanitwumdmioldss·
936 5128 988 5187 ast
1012 5117 1351 5192 betllnridsssdim
1378 5120 1655 5200 mperes-erra
1677 5118 1737 5178 tini·

1552 5210 1589 5264 ⁷·
