3742 5626
541 244 596 306 lili.
616 243 754 308 uultu
773 240 1077 347 noscovtutqu,
1104 242 1229 307 tarsun
1249 246 1301 303 ΙΙΙ·.
1708 246 1763 304 1¹25

99 404 255 487 expeditos
275 425 361 480 esse,
393 408 552 487 operisque
577 415 610 468 et
634 404 799 468 escrrbaudi
821 408 902 467 uices
961 406 1066 466 cruerit:
1106 403 1187 486 quod
1207 424 1243 465 ea
1265 406 1322 466 loci
1343 414 1448 467 natura
1469 416 1547 481 erat,
1567 414 1600 468 ut
1618 410 1645 468 si
1666 406 1762 468 bootis

99 501 201 579 partiri
222 501 298 560 inter
316 517 352 560 se
368 496 465 578 jubes
504 498 580 562 Erat
598 503 697 580 magui
718 496 902 569 laberium,
960 496 1090 561 aduentu
1111 500 1178 578 ejus
1198 501 1328 577 cognito,
1348 495 1431 560 aditu
1449 498 1608 580 probibere
1627 518 1694 561 eum
1712 520 1761 561 vo·

100 594 222 671 primum
241 590 380 667 arbores,
405 612 482 673 quae
501 594 531 652 in
551 590 619 652 solo
638 590 730 652 ubere
749 598 795 653 tot
812 610 901 652 anuo·
960 590 1077 667 luisset,
1097 592 1202 669 exigam
1222 591 1370 652 bominum
1387 610 1474 654 mauu
1489 595 1565 653 intra
1577 590 1684 653 silvam
1697 612 1763 654 cum

100 702 163 743 rum
194 686 293 763 spatio
322 686 351 743 in
378 688 551 745 immensum
577 702 613 745 se
639 681 824 761 effinderant,
853 703 900 743 ex·
960 682 1112 765 plerisque
1130 684 1213 756 aliis,
1241 692 1300 745 tum
1328 704 1365 743 eo
1386 684 1511 744 maxime
1530 682 1598 746 loco
1618 706 1684 748 eum
1704 706 1762 748 mo·

100 773 254 850 scindere3
268 773 389 839 easdem
400 773 511 838 deinde
521 774 559 837 de
570 779 628 847 uia,
638 796 716 857 quae
728 773 900 837 institueba·
960 772 1045 838 raudi
1076 795 1218 835 summam
1245 774 1416 837 facultatem
1447 776 1587 849 baberct3
1615 779 1704 839 simul
1733 784 1762 841 si

100 876 156 939 tur,
176 878 372 951 comportare.
392 869 468 931 Eum
476 869 552 932 alius
559 868 727 951 excipiebat
739 888 799 929 non
809 866 901 927 multo
960 867 1038 929 loric
1057 867 1135 929 lama
1156 865 1304 929 adventus
1313 871 1361 930 sui
1377 867 1417 929 ad
1427 868 1543 930 bostem
1557 867 1686 931 nondum
1699 892 1762 953 per·

100 958 203 1035 lerior,
223 980 289 1022 eum
311 962 486 1044 praecipitia
507 971 558 1024 aut
578 962 723 1044 palustria
749 961 817 1022 loca
841 959 902 1041 ple·
961 960 1032 1035 lata,
1052 980 1106 1042 per
1124 958 1324 1023 incustoditas
1343 969 1446 1043 portas
1467 964 1643 1044 irrumpere,
1664 982 1700 1024 ac
1719 984 1762 1026 re-

100 1070 192 1132 raque
211 1062 325 1130 essent,
344 1055 392 1116 vel
412 1059 502 1137 ponte
525 1075 562 1117 ea
580 1051 751 1129 stemmatii,
770 1051 819 1113 rel
840 1071 901 1112 cra-
961 1061 1050 1135 peute
1070 1052 1251 1135 praesidium
1270 1056 1437 1135 opprimere
1457 1062 1572 1135 posset.
1612 1054 1672 1117 Vix
1681 1065 1763 1119 extra

100 1144 181 1207 tibus
200 1166 237 1206 ac
256 1147 391 1226 uirgultis
415 1145 616 1228 exaequandi3
642 1145 784 1227 singulari
803 1152 902 1205 tantm
960 1144 1066 1207 silvam
1087 1166 1124 1207 eo
1143 1166 1277 1227 egresso,
1298 1147 1400 1208 hostes
1420 1155 1567 1208 tormento
1579 1148 1705 1231 exploso
1715 1149 1764 1212 ad·

101 1237 221 1299 militum
241 1259 278 1302 ac
297 1238 415 1301 Nicolui
435 1242 609 1321 praesertim
621 1239 772 1301 lltrovecii
793 1233 904 1307 studio,
962 1246 1068 1300 uentus
1092 1240 1159 1321 ejus
1183 1243 1300 1319 signum
1321 1236 1408 1312 daut3
1433 1236 1597 1320 eodemque
1617 1250 1765 1305 momento

101 1332 369 1411 pervigiutimiiiia
389 1352 532 1415 passuum
552 1352 588 1393 ea
608 1330 658 1392 die
675 1334 723 1392 via
744 1327 904 1412 patefacta,
962 1330 1074 1392 accolis
1094 1330 1231 1393 omnibus
1251 1336 1328 1394 intra
1347 1334 1525 1393 munitiones
1536 1337 1675 1415 receptis,
1685 1338 1764 1403 ortic-

101 1423 247 1501 postridie
267 1426 336 1486 illac
354 1427 410 1485 iter
429 1427 576 1486 exercitus
597 1423 720 1497 iaciens,
746 1421 785 1484 ad
806 1422 903 1483 locum
962 1421 1033 1504 quid
1052 1427 1132 1485 circa
1152 1443 1205 1485 eas
1216 1422 1417 1486 aedificiorum
1430 1434 1504 1502 erat,
1519 1424 1690 1489 incendunt.
1710 1426 1765 1492 Za·

101 1513 337 1579 Versclrovinum
361 1517 556 1599 appellatum,
580 1520 610 1578 iu
635 1538 694 1598 quo
719 1535 816 1598 pagus
836 1512 904 1575 olim
963 1518 1095 1578 moscius
1120 1515 1237 1578 militari
1264 1517 1452 1580 nibilominus
1478 1517 1608 1581 ciamare
1634 1518 1766 1599 sublato,

101 1604 207 1684 iuerat,
226 1608 349 1671 totidem
369 1609 517 1672 aVeiisio
536 1629 679 1690 passuum
700 1606 829 1669 millibus
840 1625 903 1686 per·
962 1609 1062 1671 subita
1082 1612 1214 1689 equitum
1233 1606 1423 1691 peditumque
1435 1614 1609 1673 excursione
1619 1612 1694 1675 obiri
1706 1634 1765 1676 mu·

102 1704 191 1761 uertit.
232 1700 432 1784 Propinqnum
454 1701 659 1763 Verscltovino
678 1701 776 1762 locum
791 1697 904 1761 Vitoidi
963 1701 1092 1762 ultiones
1109 1703 1211 1781 jussit.
1225 1700 1438 1763 EstVelisium
1458 1705 1644 1782 spatiosstis
1657 1708 1766 1788 ample,

103 1802 223 1874 pontem
242 1798 403 1857 etiamnum
422 1794 530 1857 Cosaci
546 1797 714 1867 nominant;
734 1791 813 1875 quod
826 1792 904 1853 lama
963 1792 1154 1874 turribusque
1173 1812 1279 1855 tuorem
1298 1790 1463 1866 munitum3
1486 1792 1526 1854 ad
1552 1795 1704 1858 meridient
1724 1810 1765 1861 at·

102 1890 288 1968 acceperint,
309 1891 387 1950 istac
414 1896 506 1970 ponte
535 1886 641 1949 ellectu
667 1884 823 1947 Vitoldum
854 1884 903 1943 ali·
963 1907 1020 1967 que
1042 1890 1185 1948 orientem
1204 1886 1295 1947 Duna
1306 1884 1433 1961 flumine,
1453 1905 1471 1946 a
1491 1890 1694 1969 septentrione
1703 1894 1766 1954 rivo

103 1977 220 2060 quaudo
240 1981 344 2062 copias
367 1979 506 2042 duxisse:
545 1978 709 2060 eodemque
734 1987 795 2039 tum
816 1980 904 2038 etiam
964 1979 1102 2060 quodam,
1122 1981 1172 2061 qui
1192 2000 1246 2060 per
1262 1979 1358 2041 laeum
1381 1981 1411 2038 in
1423 1978 1542 2041 Dunam
1561 1979 1671 2043 ibidem
1691 1982 1766 2047 inira

102 2092 156 2152 per
166 2072 339 2136 latissimam
350 2072 497 2155 paludem,
518 2092 680 2154 paucamm
692 2071 906 2151 horantmspa·
965 2081 1098 2135 castrum
1118 2071 1257 2147 illabitur,
1278 2071 1317 2133 ab
1337 2071 1474 2133 omnibus
1494 2072 1629 2153 partibus
1643 2078 1766 2138 maxime

102 2167 144 2225 tio
164 2165 301 2227 celeriter
319 2174 410 2247 ponte
422 2166 536 2238 eliceto,
547 2162 691 2246 postridie
702 2165 799 2224 mistus
811 2182 906 2223 emen·
933 2148 937 2229 Ι
964 2185 1036 2227 vero
1060 2165 1099 2227 ab
1126 2163 1281 2226 occidente
1311 2163 1467 2227 altissimis
1500 2165 1595 2228 iussis
1629 2168 1765 2231 ambitur.

103 2278 168 2329 sits,
188 2256 267 2339 quod
292 2267 410 2319 monetes
435 2256 531 2319 crebri
555 2259 704 2338 interjecti
731 2259 787 2317 iter
814 2274 907 2315 mora·
966 2259 1082 2319 Castris
1109 2277 1127 2317 a
1151 2257 1356 2337 septentrione
1385 2260 1515 2328 metatis,
1544 2263 1723 2323 munitiones
1749 2285 1768 2324 a

105 2347 907 2431 bantur,decemaVciisiopassuummiilibus,sumuo
965 2350 1111 2431 superiori
1133 2350 1238 2410 liuuae
1258 2357 1343 2429 parte
1367 2347 1527 2428 ilungaros
1551 2370 1644 2430 agere
1664 2353 1767 2433 jubet:

104 2442 225 2504 silentio
246 2440 400 2503 consedit:
439 2444 578 2524 nulloque
603 2462 642 2503 ne
662 2438 824 2523 pabulandi
845 2443 906 2520 qui·
965 2443 1041 2504 inira
1060 2461 1115 2503 eos
1134 2439 1232 2503 medio
1253 2441 1320 2502 ioco
1332 2439 1482 2503 Polonos:
1503 2441 1682 2506 Vrovecium
1701 2466 1768 2507 cum

105 2533 172 2596 dem
194 2556 285 2597 causa
306 2555 460 2596 excetrrere
472 2537 628 2616 permisso,
648 2536 783 2613 sequenti
796 2532 906 2613 dieop·
934 2576 938 2591 .
965 2539 1071 2603 atratis
1097 2533 1270 2597 cohortibus
1296 2533 1335 2595 ab
1369 2533 1525 2596 occidente
1556 2554 1678 2599 curare:
1725 2539 1767 2599 ui·

105 2626 255 2709 pugnandi
277 2625 417 2708 pmesidii
437 2627 712 2708 consiliumcocpit.
735 2624 907 2706 Objicieba·
934 2602 938 2671 Ι
967 2638 1013 2690 tra
1033 2628 1152 2689 Dianam
1180 2628 1282 2689 Lucos
1302 2646 1408 2687 uersus
1429 2629 1565 2690 Cosacm
1584 2632 1615 2689 in
1634 2630 1769 2692 excubiis

104 2732 152 2781 tur
171 2720 228 2781 boc
249 2720 315 2782 leco
336 2742 414 2783 inova
431 2718 607 2780 difficultas:
636 2717 829 2799 quaelnostis,
849 2737 907 2797 quo
966 2721 1105 2782 collocat.
1145 2717 1285 2779 Perfecto
1305 2721 1410 2798 parteis
1431 2716 1539 2781 diebus
1564 2740 1674 2800 magna
1692 2722 1767 2785 cele·

103 2816 130 2875 is
152 2813 237 2874 locus
255 2822 356 2874 castro
377 2815 498 2894 propior
518 2819 591 2885 erat,
611 2831 648 2870 eo
667 2807 909 2888 diligentiusmu·
967 2815 1054 2875 ritate
1074 2831 1174 2892 opere,
1194 2813 1351 2871 tormentis
1370 2819 1492 2890 quatere
1512 2830 1611 2873 muros
1630 2815 1768 2877 instituit.

104 2903 244 2965 uieudum
262 2913 355 2979 ratus,
376 2906 479 2964 incisis
499 2900 667 2976 arboribus,
686 2902 783 2981 iisque
803 2921 839 2961 ex
858 2898 908 2961 ad·
967 2904 1011 2966 Ea
1025 2914 1088 2965 tum
1100 2910 1268 2963 nostrorum
1281 2909 1502 2975 tormentorum,
1522 2902 1768 2985 quemadmodum

106 3016 193 3059 uerso
211 2995 339 3078 dejectis
358 3014 395 3055 ac
415 2997 491 3055 iuter
508 3014 545 3055 se
570 2995 756 3068 commissis,
781 2993 908 3074 aliisque
967 3018 1004 3059 cx
1024 2998 1152 3078 captivis
1173 3004 1203 3056 et
1222 2996 1379 3056 tormentis
1398 2996 1477 3076 ipsis
1496 2994 1599 3057 fractis
1618 3001 1769 3077 cognitum

105 3093 228 3171 insuper
245 3090 448 3162 coacervatis,
473 3107 528 3169 per
553 3086 666 3166 aliquot
691 3084 813 3146 millium
838 3103 907 3166 pas·
966 3098 1073 3172 postea
1093 3096 1150 3163 est,
1171 3085 1301 3149 felicitas
1318 3086 1388 3163 iuit3
1408 3094 1442 3147 ut
1460 3087 1558 3149 nullus
1577 3087 1640 3150 iere
1660 3090 1769 3170 globus

103 3202 191 3252 strum
209 3184 356 3262 spatium,
390 3181 468 3241 eund
497 3199 580 3239 muro
599 3176 726 3239 firmiore
746 3178 908 3238 marritione
965 3186 1139 3257 mitteretur,
1169 3181 1238 3262 quin
1268 3199 1304 3241 ex
1332 3179 1447 3241 iliorum
1477 3184 1633 3242 tormentis
1658 3182 1771 3265 aliquot

104 3296 141 3336 ⁸0
162 3280 310 3355 wpflefflb
332 3272 465 3353 filiique
484 3292 562 3353 time
581 3292 619 3333 Μ
638 3273 769 3352 Pontifici
789 3267 907 3351 qtiltlem
966 3281 1177 3355 corrumperet.
1198 3270 1273 3334 lude
1292 3275 1403 3352 ignitos
1423 3271 1531 3351 globos
1547 3272 1769 3349 Bornemissse,

104 3375 222 3449 posset,
248 3368 339 3428 etium
368 3361 467 3427 media
496 3362 546 3425 die
575 3370 750 3437 nocturnum¹
779 3363 908 3445 aliquem
966 3388 1053 3450 quem
1072 3366 1277 3445 ilungaromm
1289 3362 1501 3427 munitionibus
1515 3362 1769 3449 Zamoscioprae·

105 3461 255 3521 horrorem
274 3454 509 3539 ingredientibus
529 3454 702 3518 incutiebat
722 3456 786 3518 Dat
802 3458 908 3517 iterum
965 3460 1088 3531 iecerat,
1108 3457 1268 3540 periclitari
1278 3457 1406 3539 placante
1425 3454 1622 3540 incendioque
1640 3478 1678 3521 οι
1689 3458 1769 3523 liam.

106 3556 257 3633 negotium
277 3549 386 3634 pedlii,
413 3558 447 3610 ui
472 3551 529 3610 liei·
546 3548 684 3629 explicet.
723 3545 840 3609 Eodem
859 3545 909 3608 (lle
965 3572 1101 3635 garonam
1112 3550 1324 3613 munitionibus
1337 3553 1524 3626 excitato‚ac
1538 3570 1770 3634 moxopprasw,

105 3644 242 3709 biiiitam
263 3652 294 3705 et
312 3642 455 3707 Birullam
474 3650 563 3704 notos
586 3640 770 3703 Cosacorum
793 3640 910 3716 Duces,
967 3646 1046 3709 idem
1069 3644 1239 3706 Vrovecius
1263 3663 1328 3703 cum
1354 3650 1470 3705 tentare
1499 3647 1667 3725 coepisset,
1697 3666 1769 3728 pars

105 3741 156 3821 qui
177 3740 351 3801 excursione
370 3738 400 3796 in
419 3732 561 3796 ditionem
582 3733 842 3795 Smolenscensem
859 3752 907 3793 su·
966 3742 1068 3821 pontis
1086 3738 1268 3808 interscissi,
1299 3755 1375 3815 quae
1394 3733 1507 3815 reliqua
1527 3734 1566 3798 ad
1586 3744 1703 3816 portam
1722 3760 1769 3802 ω.

106 3829 272 3911 pet-iuribus
289 3827 397 3888 diebus
416 3825 507 3902 iaetu,
525 3827 564 3887 ab
584 3846 620 3888 0⁰
639 3824 679 3887 ad
692 3826 909 3887 excrcliumve·
965 3831 1047 3892 stelli
1068 3837 1141 3905 erat,
1162 3827 1201 3891 ab
1221 3830 1326 3889 amatis
1346 3835 1452 3888 exusta
1461 3825 1529 3900 iuit3
1549 3828 1638 3888 simul
1653 3826 1770 3893 duabus

106 3932 221 3995 nerant,
240 3920 331 3997 longo
350 3918 462 3980 ambitu
488 3925 572 3979 trans
591 3918 709 3981 Ducam
736 3916 843 3981 dunen
869 3915 909 3979 ad
966 3921 1098 3985 diversis
1117 3942 1135 3982 e
1155 3917 1286 3981 turribus
1305 3916 1397 3978 altius
1415 3917 1512 3981 fumus
1527 3918 1591 3979 tolli
1605 3924 1769 4003 conspicie-

105 4011 303 4078 obsidendam
322 4012 410 4086 mam,
429 4028 506 4091 quae
526 4006 565 4070 ad
576 4010 678 4073 Lucos
695 4013 833 4091 pertinet,
844 4013 909 4073 mit·
966 4015 1069 4088 batur3
1093 4033 1127 4075 re
1147 4012 1204 4073 hac
1222 4008 1430 4072 animadversa
1450 4011 1555 4073 bostss
1579 4015 1706 4093 primum
1725 4034 1769 4077 re·

107 4111 154 4168 tit.
194 4106 348 4185 Excipitur
366 4102 405 4164 ab
426 4103 474 4164 bis
501 4100 658 4164 cudrarus
681 4102 802 4165 Nobilis
825 4101 908 4165 blos-
967 4109 1089 4189 pentino
1108 4112 1277 4165 nostrorum
1296 4099 1435 4175 aduentu,
1456 4122 1523 4163 cum
1541 4123 1561 4166 s
1580 4124 1639 4186 qrra
1657 4126 1691 4168 re
1710 4124 1771 4171 ma·

106 4218 178 4260 cus:
199 4200 248 4277 qui
271 4216 336 4257 cum
356 4192 475 4270 duobus
491 4194 656 4258 Comitibus
671 4216 818 4277 egressus
837 4195 909 4258 iuis·
966 4203 1044 4262 xime
1062 4204 1144 4259 tutos
1163 4215 1199 4257 se
1218 4194 1281 4255 lore
1300 4190 1497 4272 crediderant,
1516 4204 1578 4259 tam
1603 4198 1699 4261 invias
1718 4200 1769 4262 sil-

106 4299 172 4365 set,
198 4308 275 4351 uuus
301 4307 402 4351 eorum
427 4308 447 4349 a
467 4288 593 4350 &sacis
619 4288 808 4360 interiectus,
833 4288 910 4349 alter
966 4311 1021 4355 uas
1041 4292 1147 4369 exiguo
1168 4290 1312 4368 temperis
1330 4292 1431 4369 spatio
1449 4297 1608 4371 superatas
1627 4293 1770 4355 annuis

105 4385 230 4466 elapsus
251 4380 358 4441 iuerat
378 4380 424 4441 Ex
444 4380 502 4442 boc
515 4377 661 4463 postridie
679 4383 709 4442 in
730 4388 830 4442 caetra
845 4400 909 4462 per·
968 4381 1186 4462 intelligentes,
1217 4378 1290 4441 nibil
1311 4376 1456 4463 deinceps
1475 4380 1535 4443 sibi
1554 4389 1667 4459 mum,
1697 4384 1770 4445 nibil

106 4475 199 4539 ducto
218 4476 305 4555 quale
331 4470 513 4555 praesidium
532 4472 710 4546 velletren,
736 4471 833 4554 deque
853 4473 909 4536 Co·
968 4478 1081 4538 nostris
1101 4470 1223 4535 difficile
1242 4471 1372 4535 luturum
1387 4471 1574 4555 judicarentr
1593 4474 1682 4535 simui
1701 4494 1769 4557 ope-

107 4588 248 4632 sacorum
274 4585 362 4628 manu
387 4563 487 4645 aliqua
516 4565 637 4630 αΙΙοίιω
656 4564 751 4631 luisse
768 4565 808 4631 ad
827 4586 909 4650 prae·
967 4572 1010 4631 ris
1030 4565 1156 4650 perlecti
1174 4565 1335 4637 celeritate,
1355 4574 1417 4628 urm
1435 4586 1507 4627 vero
1526 4569 1677 4647 praesenti
1696 4570 1772 4647 peri·

106 4658 217 4724 sidium
237 4658 354 4734 lamam,
373 4666 486 4721 mutum
512 4662 543 4720 iu
566 4660 733 4741 propinquo
751 4663 910 4723 exercitum
968 4662 1037 4725 culo
1055 4661 1160 4732 territi,
1180 4654 1363 4720 deditionem
1381 4656 1525 4719 iecerunt
1564 4655 1693 4719 dlescus
1712 4655 1770 4719 Po·

107 4757 236 4833 iguorari
255 4753 427 4833 cognoscit3
446 4749 555 4832 quibus
574 4749 666 4813 rebus
683 4755 829 4832 cognitis,
846 4752 912 4815 reli·
967 4756 1140 4819 lotieusium
1159 4748 1376 4834 praesidiorum
1402 4751 1620 4831 expugnatione
1644 4768 1771 4813 comm·

108 4849 168 4908 ctis
187 4848 217 4907 in
237 4846 305 4908 loco
325 4863 392 4907 cum
409 4841 562 4928 praesidio
587 4848 734 4905 ceriarum
752 4852 912 4912 turmarum
968 4856 1029 4922 tus,
1046 4843 1175 4908 similem
1193 4862 1298 4906 meum
1316 4845 1346 4902 in
1365 4839 1435 4902 aliis
1454 4839 1603 4918 castellis,
1627 4860 1704 4924 quae
1722 4844 1771 4911 m.

108 4949 140 5002 et
159 4940 322 5001 cohortium
348 4937 485 5001 omnibus
511 4932 746 5017 inpedimentis,
771 4938 912 5019 praemis·
968 4939 1236 5001 thumiamversus
1256 4957 1294 4998 ex
1313 4935 1437 4996 materia
1455 4937 1554 4996 omnia
1572 4933 1654 4997 laete
1678 4947 1772 5014 mant,

108 5033 215 5112 sisque
236 5029 389 5111 peditibus
414 5032 530 5095 atratis.
557 5036 584 5091 et
611 5026 834 5091 Vibrauoviaua
863 5049 910 5090 co·
969 5033 1091 5103 ueritus,
1112 5030 1227 5110 cespite
1246 5046 1348 5089 muros
1367 5046 1468 5088 eorum
1477 5034 1580 5107 tegere
1592 5029 1771 5095 instituerat:

109 5125 210 5196 berte,
243 5144 281 5187 ac
304 5124 418 5207 reliquo
442 5121 576 5206 peditatu
602 5125 668 5203 ipse
692 5118 733 5184 ad
752 5130 913 5185 extremum
970 5142 1030 5204 qua
1048 5142 1090 5191 re,
1110 5118 1191 5203 quod
1210 5140 1277 5183 cum
1296 5140 1352 5203 per
1369 5122 1514 5203 cespitem
1525 5118 1672 5184 subitario
1682 5140 1772 5202 opere

110 5216 209 5279 siluae
227 5218 392 5296 propinquo
410 5215 555 5278 avelisio
576 5214 731 5277 intervallo
750 5213 852 5277 subito
865 5237 913 5277 es·
971 5234 1030 5276 non
1050 5216 1126 5275 satis
1146 5213 1206 5276 alte
1226 5222 1400 5293 congestum
1420 5211 1460 5275 ad
1479 5216 1621 5296 parietem
1631 5212 1713 5293 globi
1723 5232 1772 5293 pc·
