3742 5626
103 156 162 217 aee
677 144 1192 215 anrontbsnossnvrnns

105 318 163 379 has
182 318 317 398 spectat,
346 333 417 391 agro
439 314 592 388 universo,
620 315 708 396 cnjus
726 318 841 374 tractus
861 322 911 376 est
966 315 1036 374 niae
1055 334 1141 375 arces
1163 333 1235 375 eoae
1255 318 1374 393 captas,
1402 334 1486 394 quaa
1509 311 1608 373 nodo
1629 318 1681 373 tua
1698 312 1768 391 calpa

106 410 263 471 multarum
277 410 436 481 leucarum,
448 406 565 467 tradere
576 406 739 468 Serenitati
750 406 910 468 Tnaccen·
966 426 1032 466 curn
1053 410 1208 489 superiore
1227 428 1305 468 anno
1324 406 1445 469 bodera
1468 409 1657 481 noluisses,
1674 412 1767 487 araeqa'

107 505 182 565 tenti
196 512 275 564 sunt.
296 502 503 562 Verumtamen
526 499 605 580 qnod
617 500 656 560 ad
677 500 745 562 illas
757 501 910 582 aliasper·
968 508 1132 580 nequeantr
1152 522 1189 562 se
1208 522 1288 577 vern,
1308 503 1336 561 si
1356 506 1469 583 captas
1488 498 1691 581 aStephano
1707 499 1768 581 Rege

108 599 197 669 tinet,
218 618 283 657 eum
303 594 412 673 Legati
431 594 474 651 tui
495 593 595 673 lllagni
614 595 807 672 affirmarent,
832 594 913 654 nulla
968 613 1055 654 arces
1068 614 1172 655 ennea
1184 597 1237 655 tibi
1248 594 1383 666 reddant,
1404 595 1434 657 id
1458 598 1536 677 plus
1550 596 1700 673 ιιςὶοιιίι,
1716 614 1767 655 ors

107 692 167 753 sibi
191 691 304 750 ratione
330 688 421 747 licere
448 688 609 768 absqrre”
591 709 629 748 ns
658 689 779 749 arcibus
808 708 912 770 pacem
968 686 1069 767 plecti,
1080 686 1767 771 quanrquidquidelsexLis-ouiatradituraar's

107 784 223 858 lacere,
249 782 314 841 misi
334 779 374 839 ad
398 778 544 842 Peleniae
564 781 663 861 Regni
686 782 913 853 cancellarium,
968 778 1169 851 Quamobrem
1190 792 1223 842 ut
1241 783 1296 842 tibi
1314 781 1552 873 (quodue-por
1567 782 1651 857 l'eci)
1670 784 1766 843 aui-

108 879 155 939 cui
182 900 200 937 a
227 873 381 954 Stephano
407 872 510 952 Rege,
540 896 653 936 summa
679 875 716 936 de
748 876 797 937 his
822 877 912 936 rebus
968 894 1063 933 meunt
1082 876 1211 953 ingenue
1231 876 1374 955 aperiam,
1400 876 1428 935 si
1449 896 1548 956 spem
1570 874 1707 955 aliquant
1722 896 1767 935 ιιι

106 970 235 1031 facultas
256 968 359 1027 relicta
378 972 440 1043 cst,
465 972 498 1028 ut
516 967 632 1047 Regios
651 968 784 1047 Legatos
805 970 913 1029 litteris
968 968 1067 1045 cipere
1088 971 1262 1047 potuissem,
1283 988 1369 1029 unam
1390 968 1438 1028 vel
1458 971 1603 1029 alteram
1625 968 1767 1049 quanbrhe

108 1065 174 1125 suis
194 1067 326 1140 urgeret,
358 1060 395 1120 ad
424 1082 478 1122 eas
497 1063 545 1122 vel
566 1083 685 1138 omnes,
718 1063 766 1122 vel
785 1063 912 1143 aliquas,
967 1080 1086 1141 cunque
1106 1082 1194 1123 arces
1213 1065 1243 1122 in
1257 1063 1383 1123 Lironia
1401 1082 1452 1123 nte
1471 1082 1493 1123 a
1516 1062 1690 1143 Stephano
1707 1062 1767 1141 ltrg

107 1162 158 1218 aut
178 1176 244 1217 eam
264 1154 371 1215 saltem
392 1175 490 1215 arcem
504 1155 726 1229 restituendam,
743 1176 821 1263 quae
840 1156 911 1216 mihi
967 1174 1020 1234 pro
1039 1160 1069 1213 te
1083 1156 1330 1235 pesaeobtinere,
1350 1156 1462 1235 quibus
1476 1162 1571 1217 recta
1586 1156 1669 1217 liber
1685 1158 1768 1217 tiiirl

106 1250 255 1311 rideretur
275 1249 440 1309 rabonrhus
450 1250 510 1307 turs
520 1249 618 1327 aptrus
629 1269 797 1309 cenrenrre
821 1248 941 1320 Quod.
967 1247 1142 1309 Lirenicunr
1163 1268 1244 1309 marc
1263 1248 1363 1309 aditus
1383 1249 1562 1326 patuisset,
1598 1270 1660 1311 eas
1678 1250 1768 1312 ιιΙιιι

108 1349 282 1418 extremum,
304 1362 368 1402 curu
389 1341 561 1402 difficillime
575 1342 782 1419 obtinuissem,
801 1344 941 1422 sequi.
967 1360 1047 1412 seru,
1078 1361 1164 1420 quara
1189 1361 1293 1402 ornnes
1323 1361 1400 1420 pene
1424 1340 1573 1421 reliquas
1603 1344 1691 1413 illae,
1716 1366 1770 1425 qu

107 1436 174 1498 dem
200 1458 219 1497 e
244 1440 370 1517 quatuor
395 1436 456 1496 illis
479 1456 584 1509 unarn,
616 1456 669 1516 pro
694 1456 761 1497 meo
786 1424 941 1523 judicie‚'
968 1432 1143 1543 Stephanus
1168 1434 1238 1505 Rex
1263 1436 1418 1515 superiore
1443 1436 1580 1495 biennio
1610 1438 1704 1515 cepit.
1742 1438 1771 1497 lta

107 1530 275 1592 reddituros
296 1527 443 1600 dixerunt,
463 1528 518 1589 sed
539 1529 588 1601 ita,
608 1534 641 1589 ut
661 1528 838 1590 Sebieszum
857 1550 911 1589 arx
937 1508 941 1601 l
967 1528 1044 1587 enirn
1071 1547 1090 1587 c
1115 1528 1240 1590 Livonia
1264 1527 1373 1609 pedem
1399 1547 1532 1609 prorsus
1561 1528 1656 1591 haud
1676 1532 1771 1591 ιιιιιι

107 1625 137 1684 in
155 1642 226 1703 agro
246 1620 407 1685 Poloeensi
427 1641 446 1682 a
464 1626 494 1681 te
511 1620 666 1703 Stephano
685 1622 765 1701 Regi
783 1620 911 1683 tradere·
938 1588 941 1677 l
967 1639 1036 1680 ses:
1058 1627 1232 1700 praeterque
1251 1621 1380 1700 aliquem
1400 1620 1557 1683 Lireuiae
1580 1622 1721 1695 titulum,
1741 1626 1771 1687 li

106 1726 168 1787 tur,
201 1718 231 1776 in
257 1734 316 1795 quo
342 1735 406 1775 cnm
432 1717 652 1796 perstitissent,
684 1722 774 1795 atque
798 1736 817 1777 a
843 1735 910 1775 con·
967 1714 1101 1773 terricum
1132 1713 1218 1785 litus,
1249 1712 1395 1775 terendae
1421 1714 1683 1779 Christianorum
1712 1718 1772 1781 nn

105 1820 197 1872 ventu
222 1828 281 1889 qua
307 1809 334 1867 si
363 1828 421 1868 nen
447 1810 574 1890 amplius
601 1808 721 1869 redituri
749 1808 911 1869 discessis·
967 1808 1081 1887 cipum,
1107 1828 1144 1867 ac
1170 1808 1330 1888 praecipue
1356 1807 1474 1869 Suururi
1504 1806 1681 1872 Pontibcis
1698 1813 1772 1871 anie

106 1908 190 1980 sent,
211 1903 277 1962 misi
297 1902 335 1962 ad
356 1922 411 1963 cns
431 1901 488 1964 bac
508 1901 605 1963 media
625 1910 729 1979 nocte,
755 1923 814 1983 qna
834 1900 911 1963 haec
965 1900 1043 1974 tiae,
1070 1902 1261 1980 externisque
1282 1902 1516 1979 mercatoribus,
1544 1903 1604 1984 qui
1634 1908 1772 1977 leuem

106 1996 191 2057 Tuae
217 1996 377 2056 Serenitati
408 1998 525 2068 scribo,
557 2002 590 2056 ut
623 1997 703 2058 nulla
729 1999 845 2058 ratione
870 2017 910 2057 ox
967 1991 1069 2051 ditioni
1095 1991 1175 2054 haud
1200 1994 1337 2067 inutiles,
1364 1996 1418 2057 libi
1445 2016 1508 2057 non
1544 1996 1672 2059 suisset
1697 1998 1772 2057 aden

105 2108 181 2169 pago
213 2089 420 2165 discederent,
449 2090 500 2151 ubi
531 2088 647 2150 duabus
678 2089 788 2151 abhinc
813 2090 939 2151 leucis
966 2091 1056 2165 ptum.
1098 2085 1162 2147 Sed
1189 2086 1308 2166 quando
1338 2087 1488 2150 hactenus
1507 2089 1630 2169 Legati
1659 2094 1703 2152 tui
1721 2091 1772 2151 ιιι

105 2184 346 2243 ιιιιιιιιιιιιι’
338 2204 367 2243 ιι
388 2183 565 2263 Zapnlacia,
592 2204 691 2243 return
711 2184 750 2244 ad
772 2204 820 2245 me
841 2204 909 2243 cras
936 2198 939 2285 J
967 2199 1023 2237 nen
1046 2178 1226 2255 indicarunt,
1254 2180 1382 2261 aliquam
1408 2181 1564 2289 ejusmodi
1594 2204 1617 2245 a
1646 2192 1679 2245 te
1699 2186 1773 2246 tuis-ra

105 2276 210 2335 saltem
249 2276 396 2349 redirent,
435 2276 514 2356 qnod
550 2297 606 2337 eos
640 2276 759 2356 quidem
792 2283 938 2371 propter
965 2292 1141 2337 concessam
1163 2280 1357 2354 potestatem,
1383 2276 1442 2335 ut
1434 2295 1505 2355 rpse
1525 2274 1616 2337 hauc
1640 2298 1705 2339 ιιι
1724 2298 1773 2337 ιιι

105 2366 218 2428 Summi
234 2368 390 2430 Pontibeis
403 2371 705 2450 auctoritatemspere
726 2390 797 2430 csse
818 2370 909 2431 lactu·
935 2358 1091 2443 [segetis
1111 2366 1259 2447 Stephani
1279 2366 1376 2447 Regis
1394 2375 1563 2443 tentarem
1596 2392 1726 2451 nempe.
1746 2392 1774 2431 ιι

104 2480 165 2521 ros.
205 2460 272 2521 Etsi
293 2468 390 2523 autem
412 2464 541 2541 intellige
560 2462 709 2540 Satanae,
729 2466 820 2524 totins
840 2465 908 2523 boni
965 2458 1138 2519 L'ironicara
1156 2459 1383 2539 Norogardiara,
1401 2482 1491 2572 qnam
1514 2465 1613 2573 petis,
1635 2470 1728 2544 atquc
1744 2464 1775 2525 al·

104 2553 332 2635 perturbatoris,
359 2557 594 2634 antiquissimum
615 2577 701 2627 esse,
729 2563 761 2616 ut
786 2558 835 2636 qui
856 2555 908 2617 ho·
936 2557 1057 2643 inrum
1078 2553 1204 2613 similent
1225 2555 1404 2634 (llerpatum
1424 2557 1561 2636 excipio,
1591 2557 1638 2619 de
1658 2579 1717 2640 qua
1733 2558 1774 2618 riti

104 2646 211 2707 mleida
231 2646 288 2708 luit
306 2650 345 2710 ab
365 2650 459 2723 initio,
480 2649 507 2707 is
525 2647 723 2709 Christianum
733 2651 938 2761 sanguinem
964 2646 1158 2726 relinquenda
1178 2668 1323 2728 nnrrqnnrn
1344 2648 1520 2728 Stephanus
1541 2649 1639 2723 Rex,
1662 2654 1774 2735 ejusque

105 2742 233 2801 maxime
267 2742 363 2803 sitiat:
403 2742 485 2802 de
477 2761 622 2804 immensa
656 2750 758 2803 tamen
797 2726 939 2805 ΟιιιιιιιΙ
965 2738 1130 2800 Senatores
1155 2740 1314 2821 quidquam
1338 2742 1495 2802 uoluerunt
1523 2743 1656 2821 audire)
1682 2754 1713 2805 tu
1735 2765 1773 2806 rr·

103 2834 179 2895 Jcsn
208 2834 387 2896 bonitate
371 2856 460 2920 spero
492 2856 560 2895 eum
587 2856 644 2896 nen
672 2836 938 2923 praevaliturum.
935 2836 938 2873 ¹
964 2852 997 2890 ro
1017 2853 1115 2895 carum
1136 2833 1203 2894 loco
1223 2854 1323 2907 arces,
1343 2856 1419 2916 quas
1438 2834 1511 2897 Rex
1535 2839 1640 2918 cepit,
1661 2839 1773 2899 Zarolo·

105 2927 222 2988 loterea
244 2948 298 3005 ege
319 2928 469 2991 alterum
461 2951 491 2989 ιι
513 2940 613 2990 eastra
633 2930 670 2990 ad
692 2930 937 2992 Cancellariurn
934 2984 937 3033 Ι
965 2927 1050 2995 ciam,
1071 2926 1232 2998 Velisiaur,
1252 2928 1406 2989 Nerelinnr
1425 2930 1546 2989 etiam'
1538 2933 1603 3011 apsi
1625 2932 1772 3011 Stephano

104 3020 202 3099 Regni
228 3021 371 3084 Peloniae
396 3025 464 3083 rniai
494 3029 651 3094 tentatum,
683 3044 749 3083 num
780 3023 937 3102 aliquam
965 3016 1042 3097 Regi
1068 3019 1268 3099 relinqueres:
1297 3028 1451 3104 propterea
1482 3027 1610 3097 nescio,
1645 3026 1770 3108 quidde

103 3114 190 3175 aliam
210 3134 308 3175 arcera
329 3114 503 3197 Stephanus
523 3116 590 3176 Rex
615 3115 739 3176 reddero
760 3104 937 3179 decretis-¹
964 3130 1037 3188 pace
1063 3131 1197 3192 sperem·
1226 3116 1282 3174 elsi
1310 3116 1340 3175 id
1364 3117 1481 3175 sincere
1508 3120 1620 3179 testari
1647 3140 1770 3198 possut,

104 3214 161 3281 set,
182 3207 253 3267 mibi
276 3228 346 3269 rere
366 3230 453 3290 quam
470 3210 646 3289 planissime
668 3230 790 3269 sensum
811 3190 937 3290 Regis
964 3224 1012 3264 me
1034 3206 1187 3284 usqimand
1207 3214 1345 3279 ιιιιιιιιι,
1372 3208 1440 3268 lien
1460 3210 1643 3281 miserante,
1662 3213 1772 3272 labora·

103 3302 246 3378 aperiret:
267 3321 313 3375 ac,
335 3305 362 3361 si
382 3321 458 3379 opus
477 3309 569 3373 esset,
590 3309 622 3362 ut
642 3304 741 3362 citatis
762 3306 848 3381 equis
868 3304 905 3363 ad
962 3306 1073 3368 tntum,
1095 3305 1127 3357 ιιι
1146 3320 1182 3359 ιιι
1202 3301 1372 3363 firmissima
1391 3303 1449 3361 fiat
1489 3303 1559 3363 Sed
1576 3310 1681 3363 eeu·
1701 3306 1767 3363 Ste-

104 3390 290 3472 Stephanum
330 3392 447 3471 Regem
487 3395 602 3454 litterae
640 3396 840 3466 mitterentur,
877 3396 907 3455 id
933 3428 935 3439 ,
963 3389 1079 3467 phanes
1100 3392 1169 3451 Rex
1189 3391 1367 3455 Selileswm
1388 3400 1478 3474 Pelei,
1499 3396 1580 3455 id
1553 3418 1581 3457 8¹
1598 3397 1644 3455 ¹¹¹¹
1661 3395 1771 3473 latmi

103 3485 200 3555 heret3
231 3505 268 3543 ne
292 3486 454 3593 amplius
446 3505 474 3544 ιι
495 3488 618 3547 summis
643 3484 728 3546 hisee
749 3490 907 3560 aerumnis,
963 3483 1034 3543 dare
1053 3484 1212 3558 noluerint,
1232 3490 1288 3547 erit
1306 3496 1402 3558 certe,
1423 3493 1456 3547 ut
1476 3488 1550 3549 mihi
1570 3488 1702 3551 uideor
1695 3510 1771 3549 ruau·

102 3597 178 3656 quas
197 3578 253 3656 ipsi
274 3578 389 3657 passim
410 3580 623 3658 conspicimus,
643 3580 744 3661 populi
765 3582 805 3641 lni
825 3583 936 3662 peni-
963 3577 1042 3653 dire,
1067 3582 1341 3660 pernecessarium,
1366 3587 1399 3641 ut
1426 3600 1463 3641 co
1485 3581 1605 3651 deleto,
1632 3602 1707 3661 ager
1724 3584 1770 3663 qni

102 3677 151 3730 tua
174 3670 396 3731 conficerentur.
437 3671 574 3743 Quod·
547 3694 574 3733 sr
593 3678 663 3763 pest
682 3673 826 3745 triduum,
846 3698 936 3763 quo
933 3662 1001 3731 ad
1022 3692 1087 3732 eam
1107 3693 1205 3733 arceor
1226 3677 1363 3754 pertinet,
1384 3673 1543 3755 Stephano
1564 3676 1658 3754 Regi,
1679 3679 1708 3737 si
1727 3696 1771 3755 μ·

102 3767 139 3831 is,
160 3765 210 3844 qui
231 3766 259 3823 in
281 3772 380 3824 castra
400 3767 475 3824 miss
477 3786 514 3825 us
534 3771 591 3841 eat,
611 3765 731 3833 redibit
752 3776 783 3827 et
804 3768 906 3829 alleret
963 3785 1026 3823 cent
1049 3765 1189 3841 nolueris,
1209 3767 1348 3828 tradatur.
1390 3768 1482 3827 Perre
1502 3769 1542 3829 ud
1564 3768 1644 3829 haec
1666 3772 1772 3835 omnia

102 3878 148 3933 ea,
168 3878 244 3937 quae
264 3858 363 3937 blagni
384 3858 491 3937 Legati
509 3860 551 3919 tui
573 3861 707 3938 cupiunt,
727 3880 763 3920 ac
783 3860 905 3970 diligen·
962 3862 1064 3935 petunt
1084 3858 1170 3938 Regii
1191 3858 1315 3936 Legati,
1342 3871 1375 3920 ut
1400 3863 1534 3932 rusticis,
1561 3863 1610 3942 qui
1634 3861 1717 3941 Regi
1735 3864 1771 3923 ob

101 3958 146 4011 ter
165 3957 283 4027 curant,
314 3954 424 4030 gratias
446 3972 568 4031 agemus
589 3953 705 4028 lieo,'
698 3974 727 4012 ιι
748 3956 835 4034 enjus
856 3974 904 4013 no·
962 3950 1030 4010 belli
1051 3958 1175 4022 metum,
1202 3959 1372 4033 tantamque
1396 3962 1523 4033 strage·
1546 3958 1709 4037 jurarunt,
1734 3976 1770 4016 ex

100 4046 177 4106 mine
205 4066 262 4125 pax
292 4046 352 4105 liet.
393 4048 447 4107 Sin
478 4068 547 4107 rere
576 4048 691 4126 absque
722 4047 759 4105 iia
786 4047 903 4107 arcibus
931 4118 934 4129 ,
959 4050 1011 4105 tua
1030 4045 1151 4115 ditione,
1173 4066 1209 4106 ea
1230 4066 1294 4107 error
1315 4047 1352 4107 ad
1373 4048 1455 4108 teob
1475 4047 1769 4109 areesl’lcscoricu·

99 4139 254 4200 Livnnianr
275 4139 390 4201 tradere
411 4143 452 4201 tui
473 4140 580 4218 Legati
601 4160 658 4199 nnn
677 4144 823 4219 poterunt,
844 4142 904 4200 eni·
960 4160 1029 4212 ses,
1060 4141 1124 4199 sire
1157 4141 1196 4198 ιιι
1222 4139 1349 4220 aliquam
1374 4141 1464 4201 aliana
1491 4140 1614 4211 redibit,
1650 4145 1768 4201 onuiuo

100 4239 154 4306 tar,
176 4232 274 4310 quoad
295 4236 361 4314 ejus
382 4235 444 4293 lteri
467 4234 587 4311 peterit,
609 4238 641 4292 ut
661 4232 903 4311 quemadmodum
960 4252 1074 4308 pareas.
1128 4231 1217 4303 Quod
1250 4235 1307 4291 etsi
1340 4254 1397 4292 non
1429 4234 1531 4293 dubito
1563 4234 1768 4295 Serenitatera

100 4323 171 4384 milri
201 4326 325 4401 scribis,
362 4348 537 4404 responsum
573 4349 590 4386 a
627 4326 694 4387 Tua
733 4327 903 4387 Serenitate
929 4370 932 4397 ,
960 4324 1052 4384 Tuam
1075 4325 1225 4401 iacturam,
1246 4328 1371 4387 obsecro
1392 4335 1421 4386 te
1444 4337 1551 4397 tamen,
1573 4334 1606 4388 ut
1626 4331 1669 4397 ei,
1689 4328 1766 4409 qnod

100 4420 281 4496 expectetur.
342 4418 530 4498 Quamquam
566 4441 685 4491 vercor,
720 4422 819 4499 quiesi
852 4442 901 4481 res
958 4438 1013 4495 ego
1039 4419 1096 4479 hae
1123 4421 1152 4478 in
1178 4440 1210 4478 re
1235 4428 1285 4479 tue
1315 4422 1429 4480 ιοιιὶιι
1456 4442 1522 4481 ιιιι
1547 4421 1680 4501 Legatis
1699 4424 1765 4483 tuis.

98 4515 214 4591 longior
235 4512 293 4582 liat,
314 4510 487 4593 Stephanus
508 4512 583 4583 Rex,
603 4514 652 4591 qui
669 4515 729 4593 jam
750 4512 789 4572 ad
810 4535 902 4574 noras
959 4511 1113 4592 Stephane
1138 4512 1217 4591 Regi
1245 4514 1414 4591 spondebo,
1439 4517 1631 4594 acquiescas.
1677 4514 1763 4587 Quod

98 4608 201 4687 copias
221 4606 436 4686 comparandas
456 4604 574 4665 Vilnam
601 4605 767 4685 proiectus,
793 4608 901 4685 quique
958 4611 988 4663 et
1009 4614 1041 4666 ut
1060 4606 1175 4666 laceres
1196 4606 1235 4665 dc
1255 4609 1381 4686 captivis
1399 4617 1459 4668 tam
1475 4609 1654 4679 Lirenibus,
1677 4630 1763 4690 quam

97 4702 260 4761 novissime
297 4704 490 4759 eommeaturn
526 4698 606 4776 Riga
640 4695 706 4757 uehi
741 4699 769 4756 in
803 4708 901 4761 eastra
926 4770 929 4783 ι
956 4699 1033 4769 eliis,
1054 4719 1129 4778 quos
1140 4700 1216 4758 idem
1229 4699 1400 4778 Stephanus
1412 4702 1480 4761 Rex
1503 4704 1587 4781 petit,
1608 4704 1759 4765 rene-ea

97 4815 187 4875 prope
202 4792 389 4854 Pleseoriam
405 4793 510 4874 jrrssit,
530 4793 579 4850 ubi
600 4790 704 4850 viderit
720 4791 901 4865 ianuarium,
956 4797 1000 4850 ter
1020 4800 1104 4871 epto:
1125 4812 1191 4852 curn
1211 4792 1286 4852 idern
1309 4793 1393 4865 Rex,
1419 4804 1534 4873 praeter
1552 4796 1632 4855 alios
1652 4798 1762 4878 plures,

99 4896 128 4946 et
157 4888 348 4948 Februarium
375 4905 499 4945 menses
525 4885 618 4954 elabi,
651 4904 707 4964 spe
735 4888 799 4946 novi
830 4888 899 4947 belli
928 4892 931 4925 ³
957 4885 1067 4945 babere
1093 4908 1128 4945 se
1149 4886 1186 4947 ad
1208 4886 1363 4947 Ducentos
1383 4887 1509 4949 llloscos
1534 4890 1653 4950 nobiles
1674 4892 1762 4969 capti-

99 4980 204 5043 nullis.
226 4981 281 5039 nisi
303 4981 355 5039 tibi
377 5000 495 5060 semper
516 4978 707 5057 iniquioribus
728 4977 899 5039 conditioni·
956 5000 1011 5039 res
1037 4979 1108 5039 mibi
1135 4979 1254 5050 dixerit,
1284 5001 1323 5039 ox
1349 4982 1457 5058 quibus
1480 4984 1549 5063 jure
1575 4984 1648 5063 plus
1675 5004 1762 5063 quara

96 5075 170 5141 bus,
192 5095 295 5153 pacem
316 5074 444 5154 amplius
471 5073 552 5133 nolit.
593 5072 635 5131 nt
654 5077 682 5129 ιι
705 5071 811 5151 Legati
831 5077 899 5155 eJ'rrs
957 5072 1094 5132 llucenta
1120 5073 1295 5133 llorenerum
1321 5074 1411 5135 millia
1439 5082 1541 5155 petere
1568 5078 1676 5155 possit.
1726 5076 1763 5137 Er

96 5166 265 5235 ernlqenter
285 5168 442 5247 objiciunt,
467 5167 566 5247 plures
588 5164 627 5225 ab
646 5165 715 5226 aliis
727 5167 791 5248 Jarn
811 5166 898 5231 Liro·
927 5194 931 5235 J
957 5186 1031 5225 sarrc
1053 5186 1091 5225 ex
1112 5166 1224 5228 illerurn
1246 5168 1413 5246 captivitate
1433 5175 1513 5249 perlat
1532 5170 1704 5239 accidiam,
1730 5184 1761 5231 ut
