3742 5626
760 107 1028 168 commeatu
1697 109 1733 165 dl

77 270 133 331 rint
151 267 190 331 ad
208 266 349 339 duellum,
362 274 392 329 ct
409 266 484 329 alter
504 266 602 327 rictus
621 265 720 336 luerit,
745 270 806 325 tum
828 265 874 345 ju·
933 259 1003 321 cidii
1035 279 1179 321 accusare
1208 259 1286 334 vult,
1315 260 1499 323 dioscoriam
1529 262 1733 342 proficiscitur,

76 360 135 422 dici
154 383 224 423 reus
235 368 373 440 quantum
387 360 425 421 ab
438 380 475 419 cu
485 357 774 439 postulatunsolrat,
787 355 876 417 Ocol·
933 355 1067 436 petitque
1088 362 1120 413 ut
1139 353 1209 415 talis
1229 356 1258 414 in
1275 357 1328 436 jus
1346 364 1476 417 vocetur.
1489 418 1493 425 ,
1505 353 1601 416 Datur
1620 353 1662 415 illi
1673 352 1733 415 Ne·

76 455 147 516 nilo
166 454 218 516 det
230 455 369 536 pollinam
383 464 412 514 et
424 473 505 514 arma
525 453 603 523 uicti,
614 451 739 512 scribae
758 451 796 511 nu
807 449 876 510 den·
934 446 1080 517 delenick,
1100 447 1210 525 quireu
1224 447 1301 509 diem
1317 447 1400 520 dicit,
1418 444 1604 527 eundemque
1616 445 1734 507 Mosco·

76 569 140 627 gas,
165 547 349 609 Nedclsnilro
375 545 516 629 poltiuam
551 550 581 605 ct
608 550 731 626 quatuor
757 544 876 605 altinus.
934 542 1011 603 riam
1031 538 1176 621 perducit.
1195 539 1282 601 Reus
1301 562 1387 623 porro
1406 543 1435 602 in
1457 539 1571 623 judicio
1591 540 1734 601 coustitu-

77 642 112 703 Si
140 662 210 701 vcro
242 639 369 701 duellum
399 639 590 699 committitur
615 643 734 719 propter
757 633 876 716 aliquod
934 642 993 703 tus,
1014 631 1175 711 plerunque
1193 636 1301 695 crimen
1321 635 1380 696 sibi
1397 636 1548 717 objectum
1566 644 1665 711 negat.
1698 628 1735 695 Si

77 734 255 807 incendium,
274 754 377 795 necem
397 733 501 802 amici,
527 731 659 811 rapinam
687 733 734 792 rel
760 731 876 800 lurtum,
935 735 1017 787 actor
1036 732 1136 786 testes
1156 726 1298 805 producit,
1318 737 1381 789 turn
1401 729 1506 789 ambae
1525 735 1627 806 partes
1644 726 1738 789 inter·¹

77 840 149 890 tunc
168 833 322 889 accusator
342 827 369 887 si
389 826 500 897 ricerii,
519 825 557 884 alr
576 845 627 885 reo
645 825 772 903 accipiat
797 820 877 904 quud
934 826 1084 896 rogantur,
1103 839 1142 878 an
1162 819 1251 880 dictis
1277 829 1359 881 stare
1383 821 1486 883 velint.
1525 818 1579 882 Ad
1602 817 1635 881 id
1658 839 1736 881 cum·

80 924 173 1004 petiit,
204 919 350 981 Oceluilio
380 918 466 981 detur
490 916 603 999 poltina
627 923 658 979 et
688 938 770 979 arma
797 916 877 986 victi,
935 912 1732 993 munitorrespoudeut:audantestestsuaeumdua

78 1017 201 1077 Scribas
219 1012 392 1093 lrtldengae,
409 1010 594 1075 Nedelauilru
606 1013 728 1093 pultiua,
743 1007 878 1069 Vestouo
932 1007 1082 1090 justitiam
1102 1013 1133 1065 ct
1152 1006 1412 1073 masuetudinem.
1431 1006 1468 1069 Si
1486 1014 1590 1067 contra
1599 1026 1682 1068 reum
1693 1015 1736 1068 at·

78 1116 138 1183 (est
157 1114 254 1170 autem
272 1104 401 1178 Vestun,
422 1107 471 1187 qui
491 1105 595 1167 ambae
615 1110 716 1185 partes
736 1102 879 1184 praescri·
936 1109 1095 1170 testantur,
1115 1107 1177 1159 tun
1196 1120 1267 1161 rena
1285 1101 1390 1161 atatim
1409 1120 1447 1163 ae
1465 1101 1597 1181 opponit,
1618 1108 1648 1160 et
1667 1120 1737 1161 cun·

77 1205 137 1284 ptis
158 1200 379 1262 eouditionibus
399 1196 437 1259 ad
457 1197 586 1257 ducllum
612 1197 784 1271 committit)
810 1215 879 1273 qua·
936 1202 983 1253 tra
1002 1193 1172 1253 testimonia
1191 1203 1223 1253 et
1236 1194 1498 1275 personasexipit,
1517 1192 1638 1255 dicerer
1659 1192 1736 1255 Peto

78 1303 143 1356 tuor
162 1294 286 1356 altinus:
307 1297 337 1351 et
356 1290 497 1370 quiequid
515 1291 611 1349 victus
622 1290 725 1368 reliqui
736 1287 879 1357 habuerit,
936 1283 1012 1347 milri
1028 1283 1147 1346 decerni
1161 1288 1370 1367 juramentum,
1388 1306 1498 1366 meque
1513 1287 1652 1368 justitiae
1667 1285 1738 1349 diri·

80 1389 242 1458 vendatur,
261 1384 476 1467 judicibusque
501 1382 598 1447 detur:
623 1402 746 1467 corpure
771 1386 881 1453 autem,
939 1399 996 1440 nae
1015 1379 1163 1458 permitto,
1183 1389 1314 1459 petoque
1332 1400 1468 1459 campum
1487 1379 1667 1441 etduellum.
1685 1379 1739 1441 Ac

77 1485 165 1564 juxta
186 1478 286 1538 delicti
303 1475 476 1556 qualitatem
496 1478 641 1556 puniatur.
937 1492 997 1552 quc
1016 1471 1076 1532 illis
1085 1473 1138 1541 ita,
1152 1473 1242 1552 juxta
1252 1474 1368 1553 patriae
1379 1473 1637 1545 consuetudinem,
1657 1471 1751 1544 duel-⁴

158 1571 368 1634 luterlecturea
387 1567 567 1629 dominorum
591 1589 727 1639 suorum,
753 1566 880 1649 prodito
935 1565 996 1626 lum
1012 1563 1190 1625 decernitur.

81 1688 131 1725 res
151 1667 253 1735 castri,
271 1661 418 1741 sacrilegi,
438 1662 588 1741 plagiarii,
608 1662 677 1721 ἰιιιι
696 1661 747 1740 qui
775 1680 825 1721 rcs
849 1662 880 1721 in
1013 1655 1146 1737 Uterque
1166 1657 1299 1737 quemvis
1317 1657 1422 1731 elium,
1442 1660 1583 1721 auclore
1605 1658 1645 1721 ad
1660 1658 1741 1719 duel·

79 1759 204 1819 alterius
223 1757 338 1817 domum
357 1753 521 1815 clanculum
534 1753 678 1825 inserunt,
698 1753 879 1833 eaedemque
936 1749 997 1811 lum
1023 1750 1220 1822 constituere,
1250 1752 1340 1813 umis
1364 1753 1435 1815 item
1453 1757 1577 1834 uterque
1594 1754 1742 1813 instruere

79 1851 156 1911 furto
175 1852 233 1910 sibi
254 1846 494 1918 ablataadicunt,
513 1867 589 1926 quus
598 1844 880 1908 Pudmetsclrekro·
937 1863 974 1905 se
991 1845 1102 1924 quibus
1121 1841 1194 1902 libet
1213 1847 1327 1921 potest,
1347 1845 1445 1923 pixide
1464 1851 1495 1907 et
1513 1866 1583 1909 arcu
1595 1846 1742 1927 exceptis,

79 1954 158 2015 cant,
178 1947 331 2024 praeterea
351 1941 402 2020 qui
426 1938 562 2000 incendio
582 1939 718 2001 lrominea
736 1939 881 2019 affligunt,
940 1936 1140 1997 communiter
1158 1943 1257 1997 autem
1277 1936 1384 1999 loricas
1405 1939 1565 2019 oblongas,
1584 1934 1742 2020 aliquande

78 2039 188 2117 quique
212 2033 365 2097 manifesti
395 2033 605 2094 malefactores
632 2032 756 2104 suerint,
780 2032 881 2095 ultimo
939 2029 1089 2111 duplices,
1110 2027 1278 2102 thoracem,
1297 2031 1436 2105 armillae,
1455 2034 1580 2111 galeam,
1599 2032 1743 2102 lanceam,

79 2130 227 2213 supplicio
248 2128 426 2197 alliciuntur,
940 2124 1084 2193 securim,
1115 2132 1146 2181 et
1171 2122 1277 2183 semum
1297 2123 1445 2203 quoddam
1464 2128 1495 2187 in
1515 2147 1618 2198 manu,
1648 2127 1744 2189 instar

158 2220 218 2294 Qui
238 2223 360 2302 primum
371 2219 440 2281 furti
450 2219 606 2280 convietus
618 2218 716 2288 luerit,
736 2217 794 2277 uisi
805 2214 882 2277 sorte
940 2217 1092 2296 pugionis,
1112 2217 1142 2277 iu
1161 2226 1285 2298 utraque
1303 2223 1401 2280 tumen
1418 2221 1601 2283 extremitate
1613 2225 1742 2291 acutum,

79 2315 229 2393 sacrilegii
248 2324 299 2375 ant
319 2314 410 2394 plegii
430 2322 605 2386 recusetur,
632 2322 725 2373 morte
750 2330 808 2371 uun
834 2320 883 2371 est
942 2308 1069 2372 habeut:
1088 2330 1147 2390 que
1167 2308 1261 2374 altera
1279 2331 1367 2372 manu
1389 2313 1432 2374 ita
1451 2312 1592 2392 expedito
1612 2318 1742 2385 utuntur,

81 2406 268 2479 alliciendus,
287 2406 343 2468 sed
363 2405 479 2484 publica
489 2401 883 2487 poenaemendaneusalruc
940 2411 974 2465 ut
997 2405 1027 2463 in
1046 2404 1179 2484 quelibet
1199 2424 1362 2484 congressu
1382 2426 1440 2466 uun
1460 2406 1616 2486 impediat,
1645 2426 1743 2488 meque

83 2512 142 2571 est,
162 2484 276 2561 lraculi's
296 2498 477 2570 caedendus,
505 2510 537 2559 et
556 2519 653 2580 poena
672 2498 843 2579 pecuniaria
863 2518 882 2555 a
941 2517 1028 2558 manu
1059 2496 1163 2573 cudat3
1195 2518 1232 2558 eo
1263 2504 1359 2560 eutem
1385 2501 1415 2560 in
1434 2499 1564 2581 pedestri
1583 2501 1744 2563 certamine
1843 2574 1852 2585 ⁶

76 2594 181 2678 judice
200 2592 398 2655 muletandus.
941 2593 1105 2672 plerunque
1123 2599 1254 2651 utuntur.

159 2687 194 2748 Si
213 2689 318 2747 iterum
338 2688 368 2747 iu
388 2685 466 2745 furtu
491 2684 697 2765 deprehensus
722 2682 825 2754 luerit,
852 2691 883 2745 et

83 2801 142 2841 ιιιι
160 2780 296 2841 habuerit
316 2778 396 2839 uude
413 2779 580 2838 accusatori
599 2786 650 2856 aut
672 2776 767 2859 judici
793 2778 884 2839 satie·

83 2874 185 2943 iaciat,
204 2880 298 2932 morte
317 2871 474 2952 plectetur.

161 2966 197 3026 Si
217 2964 326 3043 alioqui
347 2962 393 3023 sur
412 2963 575 3033 convictus,
594 2982 651 3023 non
664 2960 786 3034 lrabeat,
806 2960 884 3023 undo

79 3059 251 3120 accusatori
278 3056 457 3117 satisfacere
482 3065 599 3139 posset,
624 3074 734 3117 caesus
761 3056 884 3127 baculis,

81 3152 216 3213 tradatur
234 3151 412 3211 recusaturi.

160 3246 195 3305 Si
214 3246 281 3324 quis
301 3241 369 3303 furti
382 3252 550 3313 accusetur,
572 3251 602 3303 ct
612 3240 762 3303 honestus
775 3240 884 3321 aliquia

82 3341 127 3400 air
141 3335 334 3421 jurejurando
361 3335 502 3409 ellirmet,
532 3336 613 3397 illum
643 3343 733 3397 antea
765 3354 883 3415 qunque

84 3433 153 3493 lurti
172 3433 349 3501 convictum,
370 3435 422 3489 rut
441 3427 521 3491 lurtu
540 3430 769 3511 causacuipiam
783 3447 884 3489 recen·

83 3525 213 3586 ciliatum
227 3524 333 3595 luisse,
343 3522 478 3599 neglectu
490 3533 521 3583 et
532 3524 643 3583 omisso
651 3521 776 3604 judicio,
788 3532 883 3583 morte

83 3618 245 3679 alliciatur:
265 3617 304 3679 dc
323 3616 411 3677 bonis
430 3617 497 3698 ejus
516 3615 577 3685 liat,
597 3626 628 3677 ut
648 3636 749 3697 supra.

162 3709 324 3789 sistique
344 3710 412 3770 vilis
431 3708 617 3781 conditionis,
644 3718 696 3769 ant
723 3716 885 3789 respectae

84 3807 173 3873 ritae,
194 3802 466 3873 lurtiiusimulctur,
485 3812 607 3863 vocetur
625 3803 656 3863 in
667 3803 885 3883 quaestionem.

84 3900 121 3957 Si
140 3918 209 3957 reru
230 3895 300 3955 lurti
319 3896 453 3956 convinci
474 3916 532 3955 uun
544 3904 656 3977 potest,
676 3893 885 3955 datisfideiue

84 3990 214 4061 auribus,
233 3988 399 4055 dimittatur
417 3988 456 4049 ed
475 3980 643 4051 ulteriorem
654 3989 884 4068 inquisitionem.

165 4081 223 4143 Pro
242 4084 352 4163 scriptu
365 4079 495 4154 decreto,
514 4103 570 4143 eeu
583 4082 813 4151 lataaententia,
837 4101 885 4141 ac·

84 4177 257 4237 stinatiune
277 4176 366 4237 unius
386 4176 461 4237 rubli
478 4175 633 4237 solvantur
657 4174 756 4236 ludici
781 4194 884 4235 noue·

84 4270 218 4349 dengae:
240 4269 418 4343 Secretario,
437 4269 625 4350 quisigillum
642 4268 886 4359 halret,·altinurn

84 4382 191 4423 unum:
209 4361 344 4435 Notario,
365 4362 481 4443 (leugae
499 4373 574 4427 trus.

162 4455 329 4527 Praefecti,
362 4459 413 4537 qui
433 4478 491 4517 nun
525 4456 638 4519 habent
669 4458 887 4528 auctoritatem,

83 4569 180 4609 causa
198 4551 328 4630 cognita,
348 4549 510 4611 decernere
532 4571 568 4611 ac
595 4552 775 4625 sententiam
802 4549 896 4621 serre,-

83 4641 117 4703 lri
139 4643 262 4704 alteram
273 4645 400 4723 partium
410 4644 440 4705 in
451 4645 564 4723 aliquot
577 4643 670 4705 rublis
681 4642 887 4714 condemnent,

83 4734 155 4797 dein
180 4736 333 4798 decretum
359 4736 398 4799 ad
417 4735 545 4799 ludices
569 4735 734 4797 ordinarios
760 4738 888 4806 mittant,

84 4828 166 4907 quud
184 4831 212 4891 ei
228 4833 346 4913 justum
359 4852 397 4892 ac
409 4830 555 4910 aequitati
567 4848 728 4889 consonum
739 4829 799 4891 illis
810 4827 889 4889 ride·

84 4929 143 4993 tur,
163 4932 225 4985 tum
249 4922 288 4984 de
307 4924 436 5004 singulis
446 4923 548 4996 rublis,
567 4921 676 5001 singuli
686 4922 769 4983 altini
780 4920 889 4996 ludici,

83 5014 257 5079 Secretario
275 5038 345 5079 vero
362 5020 383 5079 l
402 5018 518 5100 deugae
537 5015 700 5079 eolrantur.

165 5108 345 5191 Quicunque
365 5112 489 5177 alterum
510 5111 590 5183 lura,
608 5108 706 5189 apelii,
727 5126 783 5171 eeu
802 5104 893 5173 tuat·

1019 2684 1176 2745 Certamen
1196 2685 1319 2763 primum
1338 2686 1440 2745 ineunt
1454 2685 1574 2749 lancea.
1593 2683 1662 2745 dein
1675 2684 1744 2747 aliis

941 2785 1062 2837 utuntrm
1094 2778 1199 2839 armis:
1230 2797 1297 2837 curn
1323 2778 1424 2839 multia
1448 2779 1535 2840 annia
1554 2776 1652 2841 Murci
1677 2796 1745 2839 curu

942 2872 1073 2932 externis
1105 2880 1156 2931 aut
1183 2869 1354 2942 Germania,
1384 2876 1436 2932 aut
1460 2870 1598 2943 Dolonis,
1617 2879 1669 2933 aut
1693 2869 1745 2933 Li·

941 2963 1229 3035 thuaniscertantes,
1245 2967 1406 3044 plerunque
1418 2965 1659 3028 aucmtutsaaut.
1683 2962 1743 3024 Nc·

943 3058 1065 3119 sissimo
1096 3065 1196 3119 autem
1222 3078 1288 3119 cura
1308 3056 1478 3121 Litlruanue
1503 3058 1620 3139 quidam
1638 3058 1677 3119 26
1694 3078 1746 3119 an·

943 3171 1000 3213 nos
1019 3158 1122 3222 uatus,
1143 3168 1208 3211 cura
1228 3151 1355 3231 quodum
1373 3150 1495 3224 Mosco,
1515 3153 1566 3231 qul
1588 3151 1746 3234 plusquam

941 3245 980 3305 20
1000 3242 1109 3305 duellia
1128 3245 1224 3305 vietur
1237 3251 1388 3318 eraserat,
1409 3265 1606 3325 congressus,
1625 3247 1747 3307 occiana

942 3342 1043 3398 esset:
1075 3336 1218 3420 Princeps
1248 3338 1432 3419 indignatus,
1463 3339 1542 3401 illum
1566 3345 1599 3401 ut
1623 3339 1748 3410 rideret,

943 3431 1082 3492 continuo
1114 3433 1255 3493 accersiri
1271 3433 1374 3514 jubct3
1403 3453 1462 3512 quo
1482 3433 1563 3503 riso,
1591 3434 1622 3493 in
1642 3439 1749 3495 terra·

944 3525 1062 3605 capuit,
1082 3533 1113 3585 et
1132 3526 1249 3597 staurit,
1277 3546 1315 3586 ue
1334 3529 1364 3588 in
1385 3533 1534 3609 posterum
1555 3525 1608 3589 ulli
1628 3531 1749 3587 externe

945 3616 1074 3678 duellum
1095 3628 1197 3681 contra
1216 3640 1291 3681 auca
1310 3619 1532 3683 decerneretur.
1568 3618 1667 3680 dicaci
1687 3616 1749 3697 plu·

943 3713 1026 3772 rimis
1045 3731 1082 3773 ac
1101 3711 1228 3775 diversis
1247 3715 1336 3777 arnis
1351 3712 1642 3781 aeonerautveriua,
1662 3729 1750 3789 quam

943 3815 1071 3867 armam:
1093 3808 1208 3867 externi
1229 3817 1328 3869 autem
1348 3805 1477 3865 consilio
1496 3803 1691 3883 magisquem
1704 3822 1749 3864 ar·
1788 3845 1798 3868 .

943 3900 1001 3961 mis
1019 3901 1107 3971 tecti,
1126 3898 1363 3977 wugrediuntur.
1397 3897 1511 3959 Carent
1530 3898 1560 3957 in
1580 3896 1690 3975 prinis,
1710 3916 1750 3959 ue

945 4013 1050 4053 nanus
1071 3997 1244 4055 conserente
1268 3989 1347 4072 quod
1365 3989 1491 4053 Muscas
1510 3991 1665 4070 plurimum
1684 3992 1749 4054 lora·

944 4086 1023 4146 clriis
1048 4086 1227 4166 lacertisque
1251 4086 1351 4147 valere
1376 4087 1490 4157 edunt,
1519 4084 1585 4147 sola
1605 4084 1751 4149 industrie
1812 4158 1816 4165 .

945 4198 982 4239 ac
1000 4178 1134 4257 agilitate
1153 4178 1222 4245 illos
1243 4178 1362 4241 tandem
1382 4179 1484 4241 laesos
1504 4181 1622 4241 rlncere
1640 4178 1750 4240 solent.

947 4271 1079 4353 Utraque
1112 4273 1234 4350 partium
1265 4271 1357 4335 huhct
1384 4274 1494 4337 multoe
1521 4276 1636 4335 amicus
1663 4277 1752 4352 atque

946 4367 1095 4438 lautores,
1114 4368 1285 4429 certaminis
1302 4369 1351 4429 eui
1373 4375 1577 4450 spectatores:
1598 4364 1655 4429 eod
1674 4383 1752 4442 pror-

947 4482 1001 4521 sus
1021 4462 1166 4533 inermes,
1185 4461 1470 4543 exceptiaaudilrus,
1490 4462 1598 4544 quillus
1609 4455 1753 4521 iuremu-

946 4559 1073 4617 utuntur.
1103 4554 1221 4617 Etenim
1240 4557 1267 4617 ai
1287 4555 1371 4617 alteri
1391 4554 1492 4619 luorum
1511 4555 1627 4616 videtur
1645 4549 1754 4626 iniuria

947 4647 1046 4727 aliqua
1065 4647 1142 4719 fleri,
1163 4658 1225 4711 tun
1243 4647 1283 4711 ed
1295 4649 1520 4728 propulsandum
1539 4649 1607 4726 ejus
1618 4643 1753 4724 iujuria-

949 4740 1082 4803 lnuturee
1101 4742 1200 4822 ipsius
1219 4752 1388 4813 accurrunt,
1421 4761 1488 4803 mox
1506 4739 1595 4799 etiam
1613 4736 1754 4799 alteriue:

949 4839 1037 4914 atque
1062 4834 1105 4895 ita
1129 4836 1265 4914 utrinque
1286 4842 1436 4897 neminen
1457 4831 1663 4913 spectantibus
1684 4850 1754 4893 exo·

949 4928 1020 4988 ritur
1039 4926 1220 5007 jucundum
1249 4928 1345 5003 agitur
1372 4927 1450 4987 euim
1470 4945 1521 4987 res
1541 4926 1674 5006 capillis,
1704 4945 1755 5005 pu

950 5020 1034 5099 guia,
1053 5017 1202 5091 lmtilue,
1221 5017 1407 5101 nutuque
1427 5022 1585 5100 praeustis.

1028 5108 1126 5176 {laius
1144 5111 1259 5175 nobilia
1269 5114 1471 5178 testimoniare
1482 5114 1550 5195 plue
1561 5113 1648 5184 velet,
1667 5132 1754 5192 quan
