3742 5626
502 222 632 293 vlrau
650 228 831 295 JOANNlS
850 224 1072 309 mininis,
1100 226 1227 295 cisun
1245 228 1283 294 ll
1673 224 1730 289 2³1

57 395 116 475 cipi
142 395 184 455 ita
209 413 313 464 carus,
333 398 365 455 ut
385 385 424 455 do
444 388 540 473 ipsius
560 412 645 455 ιιιιιιιι
661 392 797 455 modicas
813 412 853 473 po
921 400 1026 466 tuerat,
1046 396 1073 457 si
1094 392 1239 475 probatus
1259 402 1329 455 aute
1348 392 1485 457 omnihus
1506 390 1594 455 leret.
1634 388 1729 469 lgilur

56 491 158 549 tiones
176 486 365 567 frequentius
385 488 535 568 acciperet
553 485 756 567 cbibcrctquo.
795 484 864 546 Jam
921 484 1067 549 ducentos
1093 507 1252 549 scarcerc
1279 484 1415 563 dimittit,
1441 502 1647 567 concessaque
1675 484 1728 545 mi·

57 581 239 645 infidelitatis
258 586 440 657 accontus,
459 580 545 659 qussi
567 578 739 643 'l'vercuses
762 578 801 639 de
821 576 864 639 lu·
920 580 999 639 aeris
1017 581 1193 659 impunitate
1215 578 1441 659 quibuscunque
1462 576 1665 641 delinimentis
1672 596 1726 659 po·

57 683 123 739 turs
153 674 319 741 cala-itata
342 675 598 756 praemonuisset,
618 675 741 754 capion,
762 668 864 751 virgis·
919 676 991 747 test,
1009 674 1127 733 animos
1139 674 1393 735 circumstantium
1409 670 1565 735 sollicitat.
1596 666 1724 737 Tumsd

57 788 116 849 que
135 786 261 838 caesus,
287 774 319 829 et
343 788 466 850 ernpore
485 768 687 841 diverberoto,
713 766 864 829 manibus·
921 761 1101 827 destinatum
1123 764 1241 827 lacinus
1259 783 1433 837 convorsus,
1458 784 1519 827 son
1539 762 1726 829 consiliarios

57 880 116 941 quo
135 865 167 923 ιι
187 860 323 923 cruribus
348 860 468 934 fractis,
488 862 569 925 rclut
589 882 609 925 a
630 858 757 939 siugulis
776 876 863 919 menr-
920 864 1044 935 tantum,
1064 856 1122 921 sed
1141 859 1239 941 ipsum
1266 858 1357 921 etiam
1376 856 1498 921 tratrem
1524 864 1555 921 et
1575 864 1723 939 cognatos

57 953 120 1015 liris
148 973 265 1035 poenso
295 955 498 1035 exigerentur,
523 957 553 1015 in
580 960 743 1035 conspectu
763 951 865 1035 populi
920 949 1068 1028 interficit,
1086 959 1121 1013 ut
1138 950 1248 1033 quibus
1267 952 1449 1015 conscentium
1465 948 1564 1029 Regni
1586 946 1726 1025 debebat,

53 1046 221 1129 inmolatur,
240 1066 350 1126 corpus
368 1048 399 1109 in
418 1049 488 1130 pslo
509 1048 615 1127 flgitur.
653 1046 724 1109 Filii
747 1065 865 1127 quoquo
891 1090 894 1113 ί
920 1066 958 1107 ιιι
977 1045 1104 1127 spiritus
1124 1042 1243 1127 quidem
1263 1046 1408 1107 consortii
1427 1044 1652 1125 relinqueretur.
1679 1043 1725 1103 lu·

57 1139 137 1203 illius
161 1145 193 1201 ot
222 1141 380 1221 propinqui
406 1160 512 1203 onnes
536 1142 683 1223 supplicio
703 1139 866 1213 traduntur,
889 1170 893 1227 ἰ
920 1146 966 1201 ter
986 1142 1097 1221 primos
1116 1146 1218 1205 eutem
1238 1139 1269 1199 iu
1293 1138 1441 1203 tlreatrum
1465 1133 1640 1219 producitur
1663 1132 1725 1203 Ru·

58 1253 97 1295 ne
126 1234 292 1314 quisquam·
316 1232 356 1294 ad
388 1232 560 1295 imitandum
589 1234 709 1295 iscinns
737 1254 774 1294 es
802 1242 865 1293 tarn
889 1234 892 1317 ξ
919 1232 1058 1295 thcuicae
1076 1234 1176 1313 gentis
1195 1240 1306 1305 orator,
1324 1234 1369 1293 vir
1389 1226 1723 1313 solertialacusdiaque

59 1326 172 1389 nefarie
203 1324 292 1389 dono
323 1332 510 1409 superesset.
552 1326 586 1387 ln
619 1328 723 1389 nrlrem
755 1324 865 1385 deiude
889 1322 892 1329 '
919 1332 1037 1407 praeter
1056 1333 1174 1389 eeteros
1194 1327 1332 1405 insignis,
1350 1323 1485 1387 loannes
1500 1322 1635 1387 llichael
1655 1320 1725 1387 vis·

58 1419 240 1481 lloscoriam
269 1438 424 1491 reversus,
458 1418 623 1499 iisdemque
655 1420 793 1481 consiliis
821 1418 863 1477 in·
919 1425 1054 1481 conatuu-
1106 1416 1159 1481 Ad
1177 1418 1256 1481 huuc
1273 1417 1410 1483 Malutus
1440 1416 1612 1481 carnificum
1638 1412 1725 1479 Prin·

58 1517 182 1583 tentus,
221 1513 327 1573 iterum
367 1513 490 1575 servitia
518 1515 662 1589 concitat,
692 1517 864 1591 statutaque
889 1518 892 1529 '
919 1530 1003 1591 ceps,
1023 1517 1055 1573 et
1074 1513 1104 1571 in
1123 1530 1212 1573 omne
1231 1510 1351 1574 lacinus
1374 1519 1525 1593 promtus,
1549 1527 1722 1587 accurrens,

60 1604 192 1667 Culium
210 1602 271 1675 dic,
290 1604 394 1667 decem
415 1611 446 1665 ct
463 1613 531 1667 octo
551 1606 661 1677 lurcos
681 1604 863 1683 totidemque
888 1638 891 1645 ·
918 1606 1070 1679 morieris,
1089 1606 1193 1685 inquit,
1213 1602 1388 1679 Viscouati,
1407 1604 1457 1665 bis
1476 1600 1663 1684 tyrannidem
1682 1598 1723 1667 cl·

59 1716 164 1759 cruere
185 1698 216 1757 iu
237 1695 302 1761 loro
323 1698 396 1777 erigi
417 1698 517 1780 jubet.
555 1700 729 1763 Alleruutur
753 1694 863 1759 deiude
917 1695 1054 1759 lactasti:
1079 1694 1128 1759 lrie
1148 1700 1282 1759 cromati
1304 1700 1333 1759 in
1352 1694 1544 1763 Moscorism.
1567 1696 1724 1771 raram,

59 1788 264 1853 diuersissima
284 1790 460 1873 torquendis
492 1791 661 1853 hominibus
693 1794 862 1869 excogitata
889 1806 892 1865 ρ
917 1788 967 1851 lris
986 1788 1149 1853 'lurcorum
1170 1790 1297 1853 Caesari
1318 1790 1511 1853 Casancusoe
1530 1787 1720 1871 prodereno·

58 1886 265 1958 instrumenta,
285 1885 423 1965 ignisque
445 1888 598 1955 cautor,
624 1892 657 1945 et
674 1904 748 1947 vasa
768 1902 864 1947 aenea
918 1882 1010 1955 luisti,
1038 1880 1097 1945 sed
1130 1880 1244 1945 fraudis
1273 1880 1355 1945 haud
1380 1883 1479 1947 laetus
1504 1890 1629 1945 eventus
1655 1882 1722 1947 crit.

58 1974 260 2039 calidissimae
271 1974 369 2039 rrndas
379 1976 553 2041 ebullientis
565 1986 765 2060 apponuntur.
789 1976 863 2055 Qui·
888 2004 891 2017 ·
917 1975 990 2039 Mox
1007 1973 1049 2035 ad
1068 1980 1298 2039 circumstantes
1332 1996 1512 2049 conuersus,
1543 1976 1637 2049 lruuc,
1670 1976 1724 2053 sit,

57 2068 116 2131 lrus
135 2068 227 2131 relius
252 2088 319 2131 cum
352 2072 501 2133 universis
534 2078 677 2133 terrorem
706 2071 863 2133 marinum
887 2020 891 2145 l
917 2067 1052 2150 patibulo
1071 2066 1213 2147 colligite,
1232 2088 1251 2129 o
1272 2069 1505 2141 commilitones,
1529 2078 1564 2130 ut
1581 2066 1661 2131 idem
1680 2066 1722 2131 lo·

42 2162 228 2243 'injecisset
252 2161 320 2243 ipse
339 2182 406 2225 crus
436 2160 554 2225 delecta
578 2160 747 2225 carnificum
774 2181 863 2223 uranu
889 2182 892 2199 ¹
918 2182 973 2223 cus
993 2170 1214 2225 monumentum
1242 2161 1456 2241 suppliciorum
1487 2164 1555 2242 ejus
1584 2163 1643 2233 sis,
1672 2162 1724 2245 qul

59 2256 90 2317 ia
109 2254 260 2336 publicu·
280 2251 410 2330 advolat,
430 2263 462 2319 et
481 2258 579 2317 vicina
598 2258 712 2317 circum
730 2254 798 2317 loca
818 2275 863 2317 ar·
888 2326 891 2343 1
918 2262 1122 2317 ornumornum
1141 2262 1230 2319 ιιιιιι
1251 2253 1307 2317 luit
1322 2254 1455 2317 honoris.
1494 2253 1559 2319 Sed
1579 2254 1723 2319 Viscera·

58 2349 149 2411 matis
167 2344 345 2409 custodibus
365 2356 503 2429 occupat,
523 2356 557 2409 ut
581 2345 748 2429 expeditior
775 2346 862 2409 truci·
888 2352 891 2361 '
917 2356 968 2409 tus
989 2366 1098 2427 magno
1125 2348 1223 2409 animo
1243 2347 1395 2429 Principis
1414 2345 1622 2413 crudelitatem
1641 2346 1722 2425 tulit,

58 2437 168 2503 dandis
188 2437 359 2503 hominibus
384 2439 471 2503 locus
495 2440 582 2503 loret.
631 2440 786 2525 concepto
812 2458 863 2503 au·
918 2437 995 2502 adeo
1016 2446 1051 2501 ut
1071 2437 1111 2503 de
1128 2461 1244 2503 srrmma
1277 2461 1367 2503 cruce
1390 2440 1482 2503 veluti
1512 2439 1552 2503 de
1580 2438 1722 2505 tribunali

58 2542 118 2595 ten
143 2531 252 2597 sceleri
281 2550 435 2595 sacrorum
463 2530 542 2595 diesi
572 2532 656 2615 legit,
683 2542 718 2595 ut
745 2532 862 2612 religio·
889 2542 893 2625 ᾗ
918 2535 950 2595 io
968 2534 1036 2613 ejus
1061 2532 1181 2595 scelera
1210 2538 1451 2597 concionaretur:
1490 2534 1649 2617 objectans
1679 2530 1722 2595 illi

58 2629 107 2689 uis
138 2628 243 2708 specie
279 2623 410 2688 nefanda
439 2628 652 2703 committeret,
691 2629 863 2689 commissa·
889 2668 893 2681 =
917 2645 996 2689 nuuc
1015 2632 1158 2708 proceres
1178 2624 1257 2689 falsa
1276 2626 1406 2691 affectati
1425 2626 1526 2707 Regni
1544 2624 1723 2689 invidiacir·

58 2740 116 2801 que
135 2718 253 2781 facilins
271 2725 397 2797 tegeret.
434 2717 511 2783 lllox
528 2719 609 2801 plebi
629 2719 737 2801 epulss
760 2722 791 2779 in
809 2738 862 2799 pu·
890 2792 893 2803 ,
919 2727 1110 2781 conventos:
1149 2740 1228 2783 rruuc
1248 2722 1357 2781 civium
1382 2724 1568 2784 innoxiorum
1599 2726 1723 2793 mortes,

57 2811 146 2875 blicis
164 2810 339 2893 porticibus,
358 2814 478 2873 ιιιιιιιιι
497 2815 528 2873 in
549 2812 632 2875 curia
650 2820 746 2892 parat,
765 2820 800 2873 ut
811 2830 862 2891 po·
890 2836 893 2937 q
919 2831 998 2875 nunc
1018 2814 1049 2875 in
1069 2820 1216 2892 cognatos
1237 2831 1311 2875 suos
1339 2814 1432 2877 tacita
1458 2812 1616 2891 sudraqia,
1640 2806 1722 2893 quod

58 2904 136 2967 culis
155 2924 270 2965 veneno
290 2902 730 2979 iniectissecretiussenetum,
750 2912 782 2965 et
796 2906 864 2965 sine
889 2952 892 3011 Ι
919 2922 1091 2983 germanum
1120 2903 1241 2965 ιιιιιιιι
1279 2907 1310 2967 iu
1338 2924 1489 2967 carcerem
1522 2906 1722 2989 compingere,

58 2996 181 3060 arbitris
199 2992 387 3069 interficeret,
413 2994 574 3078 orbamque
600 3000 753 3061 civitatem
776 3016 862 3078 espe-
888 3014 892 3043 ³
919 3016 1005 3077 quam
1026 3014 1146 3059 serum
1166 2994 1332 3059 maluisset.
1353 2996 1440 3061 llaec
1458 3018 1525 3059 cum
1545 3000 1576 3061 iu
1595 2998 1722 3059 maxima

57 3088 149 3152 ditius
168 3094 311 3151 valant.
349 3088 476 3151 Neminc
500 3098 601 3151 sutem
620 3087 802 3171 prodeunte:
820 3091 863 3170 ip·
888 3116 892 3213 q
918 3088 1021 3170 populi
1042 3088 1187 3153 concione
1204 3088 1387 3153 uociferatus
1407 3098 1502 3169 esset,
1522 3111 1582 3153 non
1600 3084 1721 3153 taudem

56 3202 93 3245 se
112 3200 191 3259 equo
210 3200 265 3262 per
283 3184 414 3263 compito
432 3185 650 3245 circumvectus
676 3184 759 3245 cives
778 3202 863 3263 prae·
918 3203 937 3245 a
956 3181 1084 3259 singulis
1104 3181 1244 3243 membris
1264 3202 1380 3264 ροιιιιι
1406 3192 1530 3247 meuc
1555 3190 1641 3255 suut,
1664 3176 1722 3247 sed

56 3276 136 3337 senti
154 3293 224 3335 esse
245 3273 344 3335 annno
359 3273 456 3355 jubet,
477 3272 678 3355 invidiamque
688 3277 863 3355 praeterito·
888 3218 892 3345 l
919 3282 1005 3337 etex
1023 3278 1198 3339 secretariis
1215 3273 1337 3359 qnidam
1363 3282 1397 3337 ut
1414 3274 1548 3359 Principi
1574 3274 1721 3355 singulari

57 3388 122 3429 rum
142 3365 265 3429 lenitate
291 3368 495 3447 praesentium
519 3364 639 3431 demere
663 3366 777 3431 studet.
817 3370 863 3433 la-
917 3366 1017 3449 eliqno
1037 3366 1171 3431 facinore
1191 3366 1375 3449 diligentiam
1393 3369 1553 3451 probaret,
1576 3366 1722 3435 naturalis

57 3469 105 3523 ter
121 3458 178 3521 lres
198 3466 297 3521 ιιιιιιι
322 3457 572 3525 dissimulationis
603 3469 686 3523 ortes
716 3458 768 3521 diu
795 3464 862 3525 siria
888 3460 891 3533 Ι
917 3459 1084 3523 Viscorato
1118 3460 1280 3542 praecidit,
1312 3482 1371 3543 quo
1401 3484 1438 3524 ex
1467 3463 1590 3527 uulnere
1619 3460 1722 3533 statim

56 3551 116 3615 lide
134 3550 198 3623 luit,
218 3572 286 3615 curn
305 3559 358 3615 aut
376 3571 396 3612 a
412 3552 586 3617 timentibus
605 3572 667 3615 nou
685 3552 862 3617 libenterri·
888 3546 892 3629 ξ
916 3553 968 3619 illa
985 3556 1142 3635 expiravit.
1176 3554 1253 3617 'lum
1273 3552 1427 3619 Basilides
1446 3555 1634 3621 adscribam
1653 3574 1722 3617 eon·

57 3644 186 3719 deretur,
207 3654 260 3708 aut
284 3666 302 3705 n
322 3664 382 3705 non
400 3645 577 3709 timentibus
602 3654 741 3726 trrrrquarn
767 3648 862 3709 carni·
888 3638 892 3665 ¹
916 3666 1040 3719 sersus,
1065 3655 1096 3708 et
1114 3654 1158 3721 tn,
1176 3649 1286 3727 inquit,
1317 3646 1550 3713 nefandissimas
1569 3650 1721 3731 conspire-

57 3739 106 3803 ιιι
131 3736 359 3801 crudelissimus
386 3739 538 3803 vitaretur.
579 3736 742 3817 Augcbsut
773 3742 862 3801 ctiam
888 3738 892 3773 ¹
917 3739 1009 3801 tionis
1030 3760 1066 3801 es
1086 3742 1241 3815 conscius,
1259 3737 1405 3820 proditori
1430 3744 1510 3803 euim
1535 3760 1602 3803 meo
1627 3736 1720 3803 latum

56 3840 178 3907 indum,
198 3837 230 3893 et
245 3827 441 3909 Norogrodis
459 3838 557 3912 capte,
583 3838 614 3893 et
632 3828 794 3895 Plascoria
819 3829 862 3893 di·
917 3834 1082 3906 nannoni,
1108 3841 1162 3893 aut
1180 3834 1270 3909 igitur
1294 3828 1420 3905 devora,
1445 3830 1528 3913 qnod
1553 3826 1722 3905 sunium,

56 3932 153 4007 repta,
172 3931 205 3987 et
223 3920 395 3985 Turrenses
414 3925 515 3997 caesi,
541 3931 573 3984 et
592 3921 753 3985 crudelitas
778 3923 862 3987 Prin·
917 3932 969 3985 aut
992 3922 1091 3986 simile
1122 3923 1301 4005 uspplieinm
1330 3934 1482 4007 exspecta.
1519 3924 1573 3987 ille
1603 3942 1722 3987 uersam

57 4020 145 4097 cipis,
164 4012 245 4098 apud
264 4034 353 4096 quem
371 4036 428 4077 nec
448 4017 605 4096 injustitia,
629 4035 687 4077 nce
705 4018 862 4095 sanguinis
917 4018 948 4079 iu
966 4035 1003 4079 se
1022 4014 1161 4079 iuvidiam
1186 4024 1298 4079 ιιιιιιιι
1327 4020 1478 4081 commissi
1507 4017 1580 4082 lecti
1604 4014 1721 4093 videns,

56 4110 176 4171 humsoi
196 4105 346 4189 cupiditas
357 4107 417 4171 ullo
429 4105 519 4171 modo
529 4106 773 4171 terminabantur.
791 4108 862 4173 lilit-
917 4130 1007 4192 quum
1024 4107 1064 4170 ad
1084 4116 1296 4171 tormentorum
1315 4112 1492 4189 gravitatem
1517 4108 1721 4195 expalluisset.

57 4204 129 4263 titur
146 4195 268 4261 tarrdem
288 4199 328 4263 sd
348 4197 547 4283 explorandos
567 4202 763 4281 ejurarrlmos
782 4200 862 4266 dele-
916 4199 1057 4284 pudenda
1082 4200 1240 4263 Viscorati
1263 4203 1379 4283 integra
1403 4204 1535 4269 comedit
1558 4212 1589 4269 et
1620 4222 1720 4269 servs·

57 4304 125 4357 ctus
154 4294 307 4354 senionnn
335 4314 484 4369 numerus,
514 4294 557 4357 illi
585 4301 773 4357 revertentes
793 4314 861 4357 cun
916 4304 968 4358 tus
987 4302 1045 4357 est.
1082 4292 1198 4357 Postea
1223 4315 1296 4357 uror
1323 4299 1424 4359 miseri
1461 4298 1598 4363 omrrihus
1627 4296 1718 4361 rebus

56 4388 166 4453 bonam
186 4385 362 4449 clementiae
380 4407 465 4469 spem
476 4388 592 4449 cunetis
609 4386 793 4463 attulissent,
800 4386 861 4449 vul·
916 4388 1093 4471 exspoliem,
1110 4390 1142 4449 iu
1161 4408 1283 4451 carcerc
1301 4388 1480 4467 recluditur,
1508 4392 1589 4455 filius
1608 4392 1639 4453 iu
1659 4390 1718 4455 exi·

57 4501 115 4563 qus
135 4484 165 4543 in
185 4477 335 4559 publicum
358 4477 479 4560 prodire
498 4482 616 4563 coepit,
640 4498 766 4561 cumque
790 4498 860 4541 con·
917 4479 988 4543 lium
1016 4482 1124 4561 aqitrn,
1155 4478 1196 4543 arl
1214 4492 1349 4564 stuprum
1380 4484 1513 4567 virgines
1532 4484 1718 4567 diripiuntur.

58 4594 165 4637 cursus
184 4568 381 4634 multitudinis
401 4570 500 4635 iactus
525 4580 625 4645 esset,
647 4568 801 4637 Basilidas
829 4574 860 4635 in
915 4572 1029 4639 liodero
1050 4584 1200 4637 momento
1220 4574 1344 4639 essdesr
1363 4576 1404 4641 ad
1421 4578 1523 4643 lurcas
1540 4578 1718 4642 scrsriirua·

57 4660 661 4744 concionemdreeerrdens,rolris,inquit,
675 4662 859 4729 lausussisra
915 4672 1011 4749 gister
1029 4668 1225 4750 pertrahitur,
1245 4689 1332 4751 quem
1357 4668 1464 4737 cclidis
1489 4670 1719 4753 rigentibusque

58 4758 125 4823 diss
143 4758 278 4823 illusito
304 4760 404 4833 cives,
434 4760 539 4821 [sortis
569 4760 648 4819 euim
679 4761 860 4821 ιιιιιιιιιιιιιι
914 4782 970 4843 per
985 4763 1070 4825 nicee
1090 4758 1180 4823 undis
1200 4761 1353 4841 perfusum
1371 4766 1449 4827 iuter
1467 4762 1637 4847 stupendos
1654 4784 1718 4845 ‘fil’

59 4856 90 4913 in
107 4872 162 4915 rna
181 4860 270 4917 antea
291 4849 383 4913 latam
401 4849 459 4913 lroc
477 4846 598 4931 quidem
616 4856 767 4911 momento
788 4848 859 4915 slro
915 4856 1013 4917 clauus
1045 4849 1167 4915 occidit.
1221 4852 1299 4919 Post
1329 4855 1409 4919 lune
1439 4856 1593 4939 Principis
1625 4842 1724 4923 conns¹

59 4946 120 5009 lere
139 4948 245 5011 satur
277 4952 310 5007 et
326 4943 415 5007 istun
436 4952 535 5007 ιιιιιιι
565 4938 748 5023 proditorum
781 4960 860 5005 meo·
916 4942 1100 5007 menbratim
1120 4942 1309 5029 discerpitur,
1328 4955 1361 5010 et
1377 4950 1467 5011 simul
1486 4948 1607 5017 dumnti
1627 4938 1717 5017 ecar-

56 5058 121 5101 rum
141 5036 321 5121 manipulum
331 5034 430 5117 dignis
443 5035 601 5120 suppliciis
612 5032 762 5099 crucicle.
783 5034 861 5099 Eum
916 5056 985 5101 cere
1004 5035 1124 5099 nobiles
1143 5041 1197 5103 sin'
1219 5042 1250 5101 in
1275 5060 1412 5123 campum
1437 5041 1645 5123 adducuntur,
1667 5046 1721 5131 qui

55 5151 224 5195 monem
252 5126 294 5195 sd
323 5128 457 5195 levorem
488 5127 674 5213 popularium
703 5128 860 5195 conrium-
917 5150 984 5193 curs
1004 5148 1077 5195 sese
1104 5134 1236 5211 graviter
1263 5140 1295 5197 et
1322 5152 1441 5201 summa
1470 5156 1539 5203 cun
1569 5134 1719 5203 nurum

56 5224 129 5287 dnn
147 5221 330 5297 mundone,
348 5226 522 5291 escusstms
541 5218 684 5296 unum.
703 5216 785 5303 quod
799 5226 861 5289 ιιι·
915 5242 1044 5307 purpure
1061 5224 1182 5303 vellent,
1208 5226 1297 5307 signo
1313 5236 1439 5311 rspsnts
1466 5232 1616 5315 tpnpssis
1645 5226 1718 5293 dsto
