3742 5626
696 222 1094 295 oro-ornum
1681 220 1730 299 tx

63 405 98 476 in
122 399 299 476 Beronum
325 398 443 475 locum
456 411 629 499 receptus,
655 400 711 474 bis
736 392 1091 497 lambrionem
1109 391 1415 498 memoremus.
1441 396 1594 500 prinum
1606 402 1730 478 Man-

65 552 205 629 miliano
231 551 278 649 11,
304 562 377 626 em
401 548 591 651 eunoun>
604 551 651 648 11,
678 549 954 648 numeremus
971 549 1195 648 caesarione,
1212 552 1492 628 urseevnn
1505 526 1729 652 unu-uagum

64 705 205 781 Ducem
229 704 402 780 Joannem
426 679 623 778 Basilidem
656 705 868 777 mitteretur:
893 702 929 776 id
963 702 1055 800 quod
1081 702 1173 778 liber
1195 703 1245 777 ab
1266 725 1311 777 eo
1336 706 1487 802 scriptus
1511 716 1657 781 testatur
1673 701 1729 802 11).

64 860 228 933 Mortuus
281 865 336 930 est
381 859 431 930 82
476 878 563 930 anno
602 857 725 930 aetatis
769 852 1008 929 Vratislaviae
1044 856 1154 930 1628.
1218 850 1351 953 Operis
1390 857 1469 956 ejus
1514 856 1627 932 editor
1663 859 1729 933 fuit

65 1010 217 1084 annone
249 1030 375 1106 nepos,
408 1011 468 1106 qui
500 1009 535 1080 in
569 1007 669 1081 brevi
701 1005 913 1105 praefatione
948 1004 1034 1080 baec
1066 1009 1130 1080 ait:
1168 1004 1286 1081 Anno·
1312 1012 1411 1084 1528
1424 1001 1502 1104 etr)
1526 1008 1730 1109 ¹Imperator

61 1155 325 1235 Maximilianus
362 1157 399 1232 11
442 1156 486 1231 etl
519 1157 615 1233 lwan
656 1155 978 1254 westberiam,
1021 1159 1081 1254 qui
1124 1170 1223 1268 tuno·
1244 1162 1413 1257 temporis
1453 1158 1606 1256 Magnus
1641 1159 1729 1235 Dux

60 1312 272 1388 Moscoviee
292 1310 370 1406 fuit,
394 1311 492 1384 misit
514 1309 688 1385 Jouunsm
712 1306 941 1385 Kobantzla
966 1307 1139 1405 mosam
1165 1309 1332 1408 Equitem
1347 1306 1549 1388 Germanioi
1575 1307 1728 1407 Ordinis,

60 1476 99 1538 et
137 1486 244 1537 avum
280 1474 408 1538 ‘meum
445 1459 631 1535 Danielem
669 1458 795 1537 Priuta
828 1484 849 1535 a
887 1460 1051 1558 Bothum
1098 1464 1157 1560 qui
1198 1463 1448 1559 benignissimo
1489 1461 1725 1539 lliustr‘neiaii

62 1616 307 1692 potentissimi
331 1615 557 1714 imperatoris
582 1612 818 1688 Maximiliani
841 1615 992 1713 imperio
1018 1623 1232 1712 commotus,
1266 1613 1354 1688 bane
1383 1615 1531 1691 brevem
1561 1615 1727 1691 historici

61 1769 316 1843 Mcscoviticae
337 1767 662 1842 commentationem
685 1769 729 1840 in
753 1771 908 1841 bo'vem
935 1763 1095 1840 divisit
1119 1763 1318 1863 ori'ines,
1343 1765 1726 1866 sednoninpublioum

60 1919 178 2016 edidit,
204 1943 313 2018 quum
338 1932 438 1994 antea
450 1927 659 1993 moreretur.
691 1918 824 2017 ltaque,
849 1921 1010 2017 quomam
1022 1915 1124 1992 illum
1141 1918 1311 2014 Magnum
1324 1917 1728 2018 Ducahrmjamtlictum

61 2072 236 2169 cognosci,
261 2093 409 2168 magnae
433 2068 573 2146 utilitati
605 2095 687 2145 aesc
711 2072 862 2170 putari‚·
882 2071 960 2169 ejus
991 2069 1072 2144 libri
1103 2068 1292 2144 editionem
1324 2066 1467 2144 differre
1492 2067 1600 2146 nolui.
1638 2070 1743 2146 nn..

60 2223 184 2300 renem
209 2225 254 2299 ab
279 2223 509 2323 Herberstejn
550 2220 691 2321 quidem
723 2220 768 2296 de
808 2219 873 2295 bac
910 2231 1004 2296 terra
1037 2223 1365 2299 commentationem
1397 2224 1603 2321 scripsisse,
1635 2221 1727 2298 naui

60 2381 194 2474 ignoro,
221 2387 389 2474 atamen,
414 2384 602 2474 unumque
627 2398 716 2473 opus
741 2372 1031 2474 comparantibus,
1056 2372 1223 2470 Regnum
1232 2373 1510 2449 Mosooviticmn
1523 2376 1616 2449 inter
1637 2373 1727 2451 illut
1812 2399 1816 2408 ·

61 2543 211 2630 tempus,
237 2552 305 2628 quc
330 2527 394 2603 ille
418 2527 515 2604 Baro
540 2528 589 2601 ab
610 2525 842 2626 llerbcrstejn
867 2537 906 2601 et
927 2551 1018 2602 avus
1035 2549 1140 2600 meus
1158 2525 1382 2600 Moscoriam
1399 2525 1546 2624 viderat,
1569 2530 1727 2604 maxime

60 2692 232 2759 mutstum
257 2704 340 2755 esse
365 2680 545 2780 apparebit
559 2677 679 2779 *bap
705 2676 919 2756 Gadebusoir
944 2686 1061 2753 narrat
1085 2701 1170 2752 sese
1193 2676 1328 2751 vidisse
1348 2701 1456 2751 unum
1479 2677 1662 2776 exemplar
1677 2674 1726 2774 p)

59 2833 163 2932 hujus
194 2831 312 2929 operis
343 2832 392 2906 ita
424 2834 645 2928 inscriptum:
679 2827 858 2929 „Scripsit
887 2850 1026 2928 quoque
1058 2828 1251 2904 aBuchau
1275 2835 1460 2902 hacetum
1484 2826 1530 2902 dc
1564 2827 1727 2906 Ducibus

58 2983 267 3057 Moscoviae
293 3004 485 3079 eorumque
509 2981 772 3056 incrementis.“
819 2982 900 3058 Doo
925 3005 1014 3081 opus
1038 2985 1115 3057 sine
1129 2979 1246 3057 cubio
1272 2991 1327 3055 est
1350 2979 1457 3080 idem,
1480 2979 1526 3056 (lc
1539 3004 1726 3081 quosuprs

54 3138 129 3233 jam
157 3133 321 3234 diximus,
348 3135 495 3233 ejusque
518 3154 648 3208 norem
673 3137 795 3233 cupita
820 3156 911 3232 quae
935 3135 1103 3231 contium,
1128 3133 1194 3209 hos
1218 3131 1345 3209 habent
1368 3133 1505 3210 titulos:

216 3281 262 3384 l)
287 3287 347 3363 De
372 3285 535 3360 Ducibus
558 3271 767 3361 Mosooviae
792 3308 984 3386 eorumque
1009 3289 1235 3362 incrementis

207 3433 259 3535 2)
284 3439 486 3515 ltussorum
510 3433 676 3534 Deligi03
1009 3395 1017 3406 .
1611 3547 1612 3550 Ν

209 3584 259 3685 3)
287 3587 475 3681 Quomodo
500 3587 607 3686 legati
640 3575 853 3687 accipiantur
884 3600 922 3664 et
948 3588 1147 3666 habeantur.
1199 3588 1335 3666 ibidem
1360 3592 1428 3666 iter
1452 3593 1725 3669 Moscoviticum

56 3745 171 3819 fusius
196 3740 422 3833 describitur3

55 4066 461 4085 Μ

211 4224 237 4291 ⁸)
257 4222 302 4278 De
321 4223 483 4280 blcscotiae
501 4232 563 4280 ortu
580 4232 609 4277 et
625 4238 781 4295 progressu.
800 4220 935 4276 cubam
952 4221 1025 4293 typi·
1044 4219 1236 4294 christophori
1255 4221 1371 4311 Gruhsri
1390 4223 1423 4280 A.
1443 4221 1521 4280 1661.
1546 4220 1594 4288 16ς
1613 4236 1725 4281 auctore

58 4338 149 4387 autam
159 4326 339 4385 eruditissimo
351 4327 497 4383 Scbibtrer
510 4327 543 4383 A.
556 4322 632 4383 lbtt.
653 4324 786 4382 Guhcuee
798 4322 961 4392 inlimatis,
979 4324 1100 4381 coutitm
1112 4342 1140 4396 p.
1151 4323 1212 4380 ibi.
1228 4324 1307 4399 (iiim
1319 4323 1476 4383 chronicon
1490 4326 1569 4384 Pars.
1584 4326 1597 4381 i
1610 4345 1638 4401 p.
1653 4325 1726 4397 lot.)

209 4500 251 4564 “i
274 4496 352 4552 llaec
375 4503 466 4550 tamen
491 4493 560 4550 salse
582 4493 736 4561 eduntur,
764 4493 896 4565 quonia·
915 4510 952 4550 cx
970 4495 1040 4549 actia
1066 4493 1242 4567 legatorum,
1260 4510 1331 4566 quse
1350 4495 1439 4551 adhue
1455 4496 1591 4553 hloscvss
1608 4507 1724 4563 entant,

59 4610 175 4674 apparet
199 4599 345 4655 Danielem
368 4597 509 4652 Printnum
531 4597 566 4650 A.
589 4594 658 4651 1676
680 4596 715 4651 ab
740 4594 807 4668 imp.
824 4595 1011 4652 Maximiiiauo
1029 4596 1065 4651 ad
1083 4596 1256 4653 hloscoriam
1274 4614 1329 4651 uua
1349 4616 1410 4652 cum
1427 4598 1537 4654 Joanne
1556 4598 1724 4653 Cobsncsiio

58 4706 176 4775 legatum
195 4702 288 4768 fuisse,
313 4701 424 4770 insuper
442 4697 509 4769 imp.
527 4694 715 4752 hiaximiiiauc
740 4712 814 4752 nouo
831 4694 900 4752 ltttt
916 4696 976 4768 jam
1000 4696 1100 4753 dudum
1123 4709 1238 4755 montio.
1276 4697 1426 4754 Schibtaer
1450 4700 1636 4768 crismentur,
1662 4701 1723 4757 dum

58 4807 130 4862 huuc
148 4806 313 4876 legationem
332 4800 368 4855 ad
385 4817 485 4855 annum
503 4795 573 4853 1676
590 4797 680 4853 refer-t.
714 4797 829 4864 (Nestor
844 4798 880 4854 P.
899 4798 924 4854 l.
941 4816 969 4870 p.
988 4796 1059 4864 ltu).

211 4978 262 5040 ···)
280 4972 358 5027 llaec
376 4969 456 5025 nobis
473 4968 555 5025 refert
575 4965 748 5024 Gadsbutscb.

209 5139 240 5208 †t
257 5140 338 5211 Apud
358 5138 503 5195 Pastorem
521 5138 684 5233 Pri-sthur
704 5137 739 5193 ab
758 5135 854 5193 h'assm
