3742 5626
560 266 571 291 ,
610 216 912 275 nonomomcon
934 217 1190 276 rmuemcun.
1335 176 1343 189 ’
1701 220 1734 274 ιι
1811 208 1818 215 ·

145 362 240 427 lllsee
258 364 384 435 auditis,
406 366 619 442 responderunt
637 368 695 426 sibi
712 367 800 428 facile
815 386 874 425 om·
931 374 1077 447 tempure,
1098 374 1148 443 (ut
1166 370 1361 447 significatum
1384 372 1448 441 est)
1470 368 1585 429 inediae
1604 390 1640 431 ae
1656 370 1736 431 labo

70 456 119 517 uie
146 462 300 526 αιιιιιιιιι,
330 476 425 535 seque
451 457 519 533 plns
542 460 619 519 satis
637 458 738 519 videre
756 464 875 517 nostroe
933 460 974 519 ris
995 460 1150 537 patientes.

72 547 198 611 famulos
224 548 354 627 grsrlter
380 549 539 629 multisque
558 548 654 609 modis
672 550 809 619 cruciari,
839 568 875 608 se
1010 552 1087 611 Hinc
1109 553 1154 613 ll.
1173 550 1223 609 dle
1245 552 1441 612 discessi-ns
1454 539 1622 629 0tbferqne
1637 568 1735 630 perve

69 646 167 719 tamen
188 640 308 699 minime
325 659 363 701 es
381 646 493 701 mutare
514 660 618 719 posse,
645 641 776 701 facturos
795 640 875 718 equi·
934 643 1031 703 nimus
1050 664 1128 723 quae
1148 643 1196 704 via
1219 644 1262 705 n.
1283 643 1435 703 miliarium
1450 641 1735 720 spaciumcenplet:

70 730 138 790 dem
158 730 334 807 periculum,
365 752 431 791 nam
451 752 546 810 eques
565 734 746 803 recentiores
763 730 874 810 piures·
934 733 1029 794 fueret
1059 735 1134 795 baec
1162 735 1235 795 urbs
1263 734 1331 794 elim
1359 734 1519 810 emporium
1549 734 1736 810 opulentissi-

71 820 210 899 quentin
230 821 345 881 inleee
365 842 521 901 procurare
541 824 672 900 quirent:
693 821 875 894 Qmmnha·
935 844 1027 885 mum:
1059 845 1136 885 nunc
1168 832 1266 885 antem
1292 825 1379 902 plane
1398 823 1558 894 exhausta,
1587 831 1677 904 atque
1696 824 1737 885 ad

72 913 143 973 bitis
161 912 321 991 colloquia,
341 912 557 975 discesserunt.
800 910 804 917 ’
934 922 1095 976 extremum
1115 917 1177 976 fere
1198 918 1297 994 inopia
1315 917 1436 978 redacta
1456 922 1519 987 est,
1539 936 1576 976 ee
1595 916 1675 996 quod
1689 936 1736 976 se

148 1006 182 1063 lu
201 1023 289 1083 quen
308 1005 409 1083 igitur,
435 1006 465 1064 in
485 1005 585 1082 quies,
604 1010 713 1065 statum
736 1004 876 1083 profectio
935 1006 991 1067 des
1011 1008 1040 1066 in
1060 1028 1098 1067 ea
1116 1010 1212 1069 necati
1224 1008 1384 1087 Principis,
1404 1007 1503 1068 fratris
1521 1007 1659 1067 videlieet
1677 1028 1737 1069 rna·

74 1100 172 1156 vestra
191 1099 239 1155 est
256 1094 397 1156 redactai
433 1095 561 1156 Postera
581 1097 646 1156 lnce
665 1096 790 1157 ulterius
810 1115 876 1154 curs
935 1099 984 1176 gni
1012 1098 1109 1159 Ducis
1141 1098 1229 1159 fuerit
1256 1120 1323 1169 arx,
1352 1099 1498 1180 quondam
1523 1098 1630 1168 fossis,
1660 1099 1737 1159 vallo

72 1186 177 1247 iisdem
208 1188 296 1266 equis
329 1186 462 1265 progredi
487 1188 680 1260 tentarimns3
712 1185 876 1246 cumatius
935 1209 1076 1267 muroque
1095 1191 1205 1262 cineta,
1235 1191 1290 1252 sed
1306 1193 1369 1273 jam
1389 1192 1430 1251 ita
1449 1189 1617 1261 devastata,
1647 1195 1680 1248 ut
1699 1210 1737 1249 ne

70 1278 181 1339 bebere
200 1298 259 1339 unu
281 1299 453 1356 possemus,
481 1280 669 1357 maximoque
688 1280 754 1337 eum
774 1276 876 1337 labore
935 1281 1009 1340 mnri
1030 1282 1156 1360 vestigia
1172 1288 1343 1360 appareant.
1373 1282 1445 1342 ludo
1468 1280 1571 1343 &ron
1590 1286 1621 1341 et
1633 1280 1737 1341 Astre-

70 1370 99 1431 8.
121 1370 245 1431 miliaria
263 1368 455 1449 perfecimus,
484 1370 646 1448 urbemque
664 1369 815 1431 Jndroeee
834 1372 895 1429 ab.
935 1372 998 1432 Ιιιιιι
1027 1374 1185 1452 trajicibrr,
1221 1380 1384 1454 posteaque
1413 1376 1443 1434 in
1477 1394 1558 1434 mare
1596 1374 1737 1453 Caspium

69 1462 204 1539 ligimust
225 1458 380 1532 Quocum
400 1467 571 1540 perventum
592 1467 654 1529 est,
675 1460 733 1531 illi,
755 1461 804 1539 qui
827 1480 876 1519 no·
936 1485 987 1542 per
1019 1484 1134 1524 amnem
1160 1464 1270 1543 Wolpe
1288 1472 1396 1527 tenens
1421 1486 1539 1526 cursum
1564 1485 1671 1527 versus
1690 1484 1738 1525 se

69 1554 119 1615 bis
140 1552 180 1613 de
199 1554 286 1632 equis
306 1553 523 1631 prospicereut3
542 1552 650 1630 oppido
661 1552 803 1611 relictoin
816 1551 875 1631 syl·
935 1556 973 1615 iis
992 1560 1097 1618 ertum.

70 1666 126 1707 ras
144 1644 347 1725 profugerent,
366 1645 537 1722 paucissimi
557 1650 672 1714 autem,
693 1644 742 1722 qui
764 1664 876 1703 reman-
1012 1646 1088 1706 Cum
1108 1665 1145 1705 eo
1165 1654 1283 1706 rentum
1294 1652 1357 1716 est,
1377 1646 1433 1705 dici
1447 1667 1503 1705 nen
1515 1653 1628 1724 potest,
1648 1666 1738 1726 quen·
1803 1668 1806 1673 ·

69 1741 187 1809 serant,
216 1738 336 1819 egregie
361 1758 380 1796 a
399 1734 594 1797 Praestabliis
613 1736 727 1795 baculis
746 1735 877 1815 lorisque
935 1745 984 1798 tas
1012 1738 1241 1797 sustinuerimus
1270 1737 1439 1798 molestinsz
1474 1736 1630 1797 duodecin
1660 1740 1759 1797 euim⁴

70 1828 187 1908 aceeptl
199 1833 340 1907 suntque
354 1824 393 1887 ud
412 1846 508 1907 eques
528 1845 565 1886 se
584 1828 772 1888 restituturos
790 1829 876 1887 mise·
935 1831 1058 1890 miliaria
1076 1850 1114 1889 eo
1134 1829 1183 1888 die
1203 1829 1385 1889 confecimus
1404 1849 1423 1889 a
1443 1827 1583 1887 Lucifero
1602 1828 1640 1889 ad
1661 1828 1738 1888 llos-

71 1922 144 1991 rint,
172 1914 232 1979 sie'
246 1924 280 1980 ut
308 1938 365 1979 nec
395 1916 476 1977 verbi
501 1916 591 1978 divini
611 1919 743 1978 minister
761 1920 877 1998 absque
935 1942 1034 1999 perum
1054 1922 1291 1999 peregrinantes:
1317 1923 1346 1979 in
1363 1921 1410 1981 via
1430 1919 1621 1995 l‘raestablii,
1641 1920 1739 1979 omnia

72 2011 246 2073 verberibus
272 2009 415 2079 evaserit,
446 2009 501 2068 scd
526 2029 636 2069 caesus
655 2012 878 2089 castigatusque
936 2033 1013 2091 qnae
1038 2013 1077 2072 ad
1093 2015 1201 2074 victum
1220 2018 1389 2090 spectarent
1408 2013 1437 2070 in
1458 2018 1590 2089 promptu
1610 2030 1682 2070 esse
1701 2012 1739 2069 si-

71 2104 114 2164 sit
143 2102 238 2163 denec
264 2102 380 2177 etipse
402 2122 510 2179 equum
531 2100 703 2173 reddiderit,
736 2102 878 2162 nibilomi·
936 2105 1124 2180 guiticarunt,
1156 2104 1213 2165 sed
1232 2105 1344 2164 mentiti
1362 2109 1433 2165 sunt
1452 2102 1562 2179 (sicuti
1580 2102 1657 2182 elias
1673 2122 1739 2162 sae

73 2216 132 2257 uus
163 2195 240 2255 ultra
268 2214 363 2271 equos
391 2192 420 2252 e.
450 2212 469 2252 a
494 2194 586 2253 totius
605 2192 703 2272 oppidi
724 2194 830 2253 incolis
849 2193 879 2253 ri
937 2198 1021 2274 pius)
1051 2214 1118 2255 eum
1147 2195 1219 2255 nibil
1243 2200 1427 2274 procuratum
1452 2194 1554 2254 fuerit:
1587 2200 1740 2271 praeterea

72 2292 246 2367 extorquere
267 2288 425 2361 potuerunt
443 2304 521 2363 qnos
530 2285 579 2345 die
591 2284 744 2363 sequenti,
765 2285 815 2365 qui
831 2286 876 2349 10.
889 2341 902 2360 ,
938 2288 1024 2347 nobis
1057 2286 1135 2347 fame
1169 2288 1283 2367 pressis
1320 2286 1448 2365 bospitia
1477 2290 1740 2347 commmrstranmt

71 2384 137 2441 erat
155 2377 301 2457 Aqusti,
330 2376 360 2435 iu
385 2394 489 2454 eampo
507 2394 611 2435 rursus
630 2374 670 2435 de
691 2378 792 2446 nocte,
820 2375 878 2437 sub
935 2380 1053 2437 omnino
1078 2378 1246 2447 devastata,
1277 2378 1433 2458 minusque
1457 2382 1551 2450 tecta3
1582 2378 1740 2457 inquibus
1805 2382 1810 2395 ⁴

72 2470 234 2539 deremet,
266 2486 359 2547 quere
396 2486 462 2527 cum
488 2466 661 2527 miserrimis
680 2467 748 2527 istis
771 2466 878 2536 beluis,
936 2491 1058 2548 corpora
1084 2471 1210 2549 impasta
1234 2470 1415 2548 fatigataque
1435 2470 1526 2548 quieti
1546 2470 1575 2527 in
1595 2468 1673 2529 diem
1692 2488 1739 2529 se

72 2562 125 2643 qul
155 2580 212 2623 nos
236 2557 462 2637 uNengardiae
486 2579 523 2617 eo
548 2564 702 2628 rexerant,
732 2558 761 2621 b.
780 2557 877 2619 adbuc
936 2568 1074 2641 quentem
1095 2562 1165 2622 dare
1185 2582 1368 2641 cogeremurr
1390 2580 1445 2619 nec
1464 2559 1495 2619 id
1506 2561 1591 2619 nobis
1601 2561 1740 2620 miraculo

71 2652 198 2714 miliaria
235 2651 274 2711 ed
308 2649 446 2728 oppidum
482 2648 645 2721 Culurrrnn,
686 2652 878 2729 perreximus,
936 2654 1005 2724 fuit,
1036 2672 1180 2732 nusquam
1200 2654 1277 2712 euim
1299 2672 1351 2730 per
1369 2657 1460 2711 totam
1479 2650 1622 2710 Russiam
1643 2650 1740 2728 bospi-

73 2746 143 2807 binc
168 2745 281 2805 mensis
303 2745 350 2805 ll.
371 2744 399 2800 b.
422 2741 543 2802 miliaria
563 2743 685 2820 profecti
704 2762 810 2802 sumus
829 2762 878 2821 op
936 2752 996 2807 te·
1022 2744 1196 2814 babolenus,
1224 2743 1279 2802 sed
1305 2743 1443 2801 erunibus
1465 2742 1553 2810 locis,
1584 2743 1742 2819 inquibus

74 2836 236 2917 pidumque
262 2831 543 2897 Wirnoircolotsuel·
571 2831 721 2910 attigimus
754 2834 879 2893 maximo
937 2836 1123 2905 divertimus,
1154 2834 1260 2893 domus
1280 2834 1397 2892 fuerunt
1417 2833 1572 2901 desertae,
1593 2837 1682 2910 atque
1703 2833 1742 2892 ab

73 2950 142 2989 eum
168 2931 368 3011 jumentorum
398 2925 511 2984 illorum
543 2924 714 3004 dispendio:
744 2923 879 3003 permulti
937 2928 1106 2987 bominibus
1128 2926 1345 3006 pecoribusque
1367 2945 1493 2985 vaenue.
1528 2928 1561 2983 ut
1580 2924 1629 2984 rix
1649 2923 1741 2985 credi-

74 3040 203 3099 natuque
222 3021 250 3078 iu
272 3019 320 3079 via
336 3019 458 3096 prostati
468 3017 718 3095 internecionique
728 3014 789 3076 dati
801 3021 880 3074 sunt
938 3021 1029 3081 derim
1051 3039 1170 3097 regnum
1189 3016 1309 3096 aliquod
1329 3022 1429 3079 extare
1448 3016 1487 3075 ab
1506 3013 1594 3075 boste
1613 3036 1672 3075 oon
1691 3036 1741 3075 ex·

152 3114 208 3173 Per
237 3130 355 3169 omnem
380 3108 457 3169 bane
482 3108 559 3167 riam
586 3108 674 3169 villae
694 3108 757 3167 fere
775 3127 881 3167 ornoes
938 3118 1111 3192 pugnatum,
1146 3108 1225 3191 quod
1246 3111 1340 3187 magis
1362 3109 1559 3187 perturbatum
1578 3107 1634 3176 sit,
1654 3126 1741 3184 quam

73 3228 94 3267 a
111 3204 280 3265 blesensiln
299 3201 467 3261 destructae
487 3199 613 3278 soloque
633 3206 778 3279 aequatae
798 3198 881 3259 fuere
939 3204 996 3265 boe
1014 3202 1244 3281 imperatorium.

76 3317 135 3356 ιιιιιι
172 3315 264 3355 seerrs
294 3280 392 3371 atque
412 3293 451 3354 ab
480 3292 539 3353 alia
570 3291 760 3369 Naugardiae
789 3296 881 3370 parte,
1015 3294 1139 3374 Experti
1158 3296 1246 3355 etiam
1266 3314 1371 3354 sumus
1397 3311 1541 3352 rumorem
1567 3291 1606 3351 de
1624 3289 1742 3351 Mosco-

74 3387 155 3468 quod
174 3388 376 3447 existimasset
397 3384 511 3444 incolas
530 3383 609 3444 fratri
628 3404 685 3445 suo
707 3389 811 3444 necato
831 3382 880 3444 ad·
939 3391 999 3449 vita
1020 3394 1131 3466 passim
1151 3406 1287 3465 sparsum
1308 3383 1481 3462 longissime
1498 3405 1518 3444 ιι
1535 3404 1605 3443 vero
1623 3385 1744 3451 abesse,

75 3481 173 3540 dictos
193 3478 287 3538 fnisse
307 3483 397 3557 alque
415 3478 445 3536 in
461 3476 556 3553 ipsine
567 3494 669 3535 necem
681 3477 883 3554 conspirasse.
939 3480 1019 3561 qnod
1037 3486 1120 3541 tenta
1139 3479 1264 3539 saevitia
1282 3482 1423 3555 tantaque
1439 3476 1596 3555 tyrannide
1607 3473 1745 3535 subditus

76 3570 196 3651 Oppido
217 3572 280 3652 jam
307 3569 454 3629 nominato
478 3566 562 3627 alluit
580 3568 676 3637 amnis
696 3586 755 3646 que
772 3566 883 3645 obser
940 3594 1015 3633 suos
1044 3576 1141 3649 regat,
1171 3572 1260 3648 inque
1288 3574 1398 3629 tantam
1428 3569 1599 3627 servitutem
1626 3568 1745 3645 reipsa

75 3664 231 3746 trajicitur,
251 3661 360 3721 islbuie
376 3662 424 3719 26.
442 3660 578 3719 miliaria:
598 3657 753 3734 probibent
764 3678 884 3738 quoque
941 3684 997 3725 eos
1025 3662 1197 3730 adduxerit,
1227 3666 1260 3719 ut
1285 3660 1431 3721 mandatis
1448 3660 1544 3737 ipsius
1564 3659 1681 3717 minime
1702 3676 1744 3717 re·

77 3778 136 3817 nen
168 3755 256 3831 longe
287 3755 325 3814 ab
359 3734 408 3812 eo'
428 3772 499 3811 esse
530 3750 634 3811 fortem
663 3750 883 3819 scaturientem,
941 3757 1050 3815 sistere
1072 3754 1181 3823 ausint,
1201 3751 1258 3811 sed
1278 3752 1317 3811 nd
1337 3752 1436 3810 emnia
1448 3748 1623 3827 exequenda
1633 3766 1744 3824 prornp

75 3848 156 3909 uude
176 3847 287 3906 rivulus
305 3849 449 3914 exoritur,
478 3842 643 3902 extendens
662 3861 734 3901 sese
752 3840 884 3919 Neugar·
941 3848 1075 3907 tissimus
1103 3866 1138 3904 se
1159 3844 1332 3911 exhibeant,
1365 3861 1433 3901 enm
1453 3840 1550 3919 potius
1570 3840 1746 3918 pertinaces,

76 3940 155 4001 diam
175 3958 287 4016 usqne,
307 3935 484 4012 navigationi
505 3938 601 4011 aptus
942 3937 1147 3999 inobedientes
1175 3941 1206 3995 et
1231 3934 1269 3994 nd
1288 3934 1385 3993 omnia
1406 3934 1539 3993 vitiorum
1558 3950 1668 4008 genera
1687 3930 1747 3989 sint

156 4032 202 4090 12.
234 4028 294 4085 Die
314 4032 412 4086 castra
434 4026 591 4095 movimus,
613 4028 740 4106 ejusque
760 4046 884 4103 vespere
942 4029 1103 4109 proclives:
1129 4047 1188 4087 non
1208 4026 1286 4085 enim
1306 4030 1440 4103 poterant
1456 4024 1549 4083 nostri
1568 4019 1745 4082 Praestablii

81 4118 292 4196 Widroparck
322 4119 507 4194 pervenimus
534 4116 679 4176 confectis
702 4116 731 4176 ¹1.
753 4116 885 4179 miliariis
942 4120 989 4182 vel
1020 4140 1129 4199 equs·
1154 4118 1203 4179 vel
1229 4137 1343 4178 currum
1363 4115 1411 4175 rel
1428 4116 1601 4194 agitatorem
1620 4114 1659 4175 ab
1680 4112 1749 4173 ullis

77 4234 116 4274 eo
142 4192 313 4287 Neugardia
337 4207 478 4269 ditionem
502 4228 588 4277 mm
615 4206 764 4278 ostendit,
797 4208 885 4268 duce·
942 4213 1091 4273 civitatum
1110 4210 1217 4270 incolis
1237 4211 1266 4269 in
1280 4212 1411 4269 nostrum
1428 4228 1516 4269 usum
1535 4209 1600 4267 sive
1620 4206 1746 4266 verberi·

77 4314 203 4379 tneque,
238 4286 409 4361 bldscoriae
432 4301 544 4360 initium
564 4301 670 4369 sumit,
700 4302 786 4380 cnjus
808 4306 885 4362 terre
943 4305 1001 4365 bus
1026 4303 1152 4371 babere,
1182 4301 1239 4363 sed
1258 4320 1365 4362 omues
1385 4299 1477 4371 loeis,
1503 4300 1634 4369 baculis,
1666 4298 1747 4359 fasti·

78 4394 200 4457 multum
230 4412 249 4451 a
278 4397 467 4469 transgressa
491 4391 601 4462 diflert,
630 4412 697 4452 nam
723 4391 810 4469 plana
829 4398 885 4464 est,
944 4398 1060 4474 busque
1079 4394 1118 4454 ad
1138 4400 1244 4455 terram
1265 4393 1401 4475 prostrati
1420 4399 1500 4464 sunt,
1520 4399 1678 4469 autequam
1698 4410 1748 4448 ne-

80 4486 200 4553 fertilis,
232 4482 351 4543 exculta
370 4490 401 4543 et
419 4482 574 4545 abundans
593 4482 724 4562 undique
744 4483 886 4562 frugibus,
944 4488 1079 4548 cessam
1096 4508 1133 4547 se
1152 4492 1360 4567 procuraturos
1378 4485 1579 4565 promiserint,
1612 4502 1667 4540 nec
1686 4480 1748 4539 diu·

158 4576 231 4635 lude
248 4575 382 4635 'Ibrseeb
404 4576 449 4635 13.
463 4574 593 4650 Augusti
614 4575 748 4635 curribus
757 4582 788 4635 et
800 4578 887 4656 equis
944 4580 1005 4639 tius
1023 4579 1200 4659 obsequium
1210 4578 1415 4657 praestabant,
1435 4595 1523 4654 quarn
1534 4594 1607 4633 sese
1621 4570 1749 4631 eredere

80 4669 157 4730 vecti
179 4688 300 4736 sumus,
322 4687 374 4744 per
394 4666 562 4726 distantiam
582 4666 609 4725 7.
628 4667 886 4729 miliariumaloeo
944 4692 1036 4750 posse
1065 4670 1304 4750 conspiciebant,
1334 4672 1363 4729 in
1391 4669 1454 4735 via,
1481 4666 1598 4743 quoties
1618 4662 1680 4721 beri
1700 4680 1748 4739 po-

81 4761 276 4839 praescripto‚
309 4779 386 4836 quae
416 4755 554 4835 oppidum
583 4757 671 4815 situm
698 4765 746 4817 est
771 4761 800 4819 in
820 4761 886 4820 loeo
944 4764 1015 4833 tuit,
1035 4762 1205 4841 velequos,
1225 4780 1301 4839 quos
1315 4759 1472 4825 dederant,
1492 4754 1682 4822 auferebant,
1702 4752 1750 4813 vel

82 4854 169 4930 plano
188 4860 218 4912 et
238 4872 380 4920 amoeno,
401 4868 494 4928 penes
513 4866 628 4906 amnem
654 4847 780 4909 limtzo
798 4851 887 4910 domi·
945 4854 1002 4929 ipsi
1031 4852 1232 4932 aufugiebant
1280 4850 1358 4910 Hinc
1383 4848 1484 4907 ridere
1512 4847 1558 4905 fas
1578 4849 1626 4903 est
1647 4850 1751 4926 quarte

80 4947 140 5005 bus
169 4944 276 5021 ligneis
300 4942 470 5001 Rntbenieo
501 4958 580 4996 more
609 4942 781 4998 extructum.
830 4940 888 4999 llic
946 4962 1013 5002 eum
1045 4944 1181 5005 molestia
1205 4962 1242 5003 sc
1266 4942 1367 5001 labore
1387 4940 1443 4998 iter
1461 4937 1518 4996 boc
1538 4937 1635 5014 logum
1656 4934 1749 5015 perfe-

82 5034 182 5098 famuli
203 5036 295 5094 nostri
315 5033 458 5094 latrantes
477 5028 649 5090 stemaebes
660 5028 755 5089 mulso
768 5031 887 5107 primum
946 5034 1091 5104 cerimus,
1112 5054 1177 5093 cum
1189 5034 1271 5103 cibo,
1292 5037 1377 5110 potu,
1398 5029 1551 5100 domibus,
1571 5027 1667 5106 equis,
1687 5047 1748 5087 cnr·

81 5130 182 5206 aliquo
207 5125 295 5187 modo
320 5124 487 5202 placarunt,
517 5118 567 5200 qui
587 5120 703 5182 fuerant
716 5121 780 5199 jam
801 5120 888 5200 lenge
945 5124 1043 5194 ribus,
1062 5124 1254 5203 agitatoribus
1273 5124 1422 5203 rebusque
1441 5121 1509 5184 aliis
1528 5119 1681 5183 multotres
1699 5119 1749 5179 de·
