3734 5610
664 196 764 259 l'lllli
782 195 826 258 lN
845 192 1116 259 MOSCOVlAM.
1673 198 1731 259 ata

69 369 260 448 compositos.
300 364 379 436 Quis
408 381 494 437 vero,
524 361 596 421 licet
626 359 729 421 decem
762 358 872 421 habeat
931 357 999 419 dam
1014 358 1057 418 eir
1077 355 1167 417 multo
1187 356 1216 415 in
1237 354 1350 416 benere
1368 356 1499 434 babitus,
1529 365 1639 436 aetate,
1665 382 1729 439 pru·

68 462 181 540 capita,
202 457 382 536 totidemque
401 452 534 533 linguas,
555 474 692 515 enarrare
711 454 810 515 valcat
829 454 870 514 la·
929 451 1041 524 dentis,
1067 448 1261 528 doctrinaque
1288 449 1415 527 insignis
1441 457 1514 513 nutu
1539 454 1676 536 Reginae
1700 462 1730 522 i„

10 604 12 609 .
66 562 115 613 tas
136 553 277 622 uarices,
297 551 407 629 quibus
427 550 570 609 instructa
590 553 662 619 crat,
682 567 769 628 quam
786 547 871 607 mira·
928 542 1058 604 medium
1077 543 1239 623 processit,
1264 548 1355 621 atque
1380 543 1419 603 ad
1441 544 1643 614 patriarcham
1662 576 1730 617 con.

64 646 118 705 bili
139 647 261 705 artificio
280 641 416 704 rotundis
435 642 617 719 margaritis,
641 642 769 720 aliisque
789 660 871 720 prac-

65 739 260 798 stantissimis
292 736 399 816 lapillis
433 740 537 797 essent
573 734 754 797 exornatae?
791 731 870 804 Quis

65 832 213 893 hominum
239 829 491 911 conprehendere
517 833 606 909 quera
630 828 769 889 eximium
788 826 870 887 illum

65 931 216 1004 torquent,
244 925 311 1001 quis
331 923 535 1002 pulcerrimum
556 920 709 996 diadema,
735 919 870 1001 plurimis

64 1015 233 1095 smaragdis
252 1014 413 1096 subpallidi
435 1016 555 1086 caloris,
574 1014 753 1093 ingentibus,
773 1018 869 1073 rotun·

66 1112 123 1179 dis,
144 1117 175 1170 et
194 1114 301 1189 suapte
321 1113 423 1169 nutura
442 1109 672 1187 fulgentissimis
692 1105 870 1167 condecora-

64 1203 146 1265 tum?
168 1200 366 1264 Omniahaco
386 1203 496 1264 noshis
507 1201 634 1263 vidimus
653 1201 760 1278 oculis,
771 1219 870 1280 quarn·

65 1319 150 1379 quam
173 1297 292 1357 minima
311 1316 381 1374 pars
405 1294 481 1357 haec
507 1301 619 1357 tantum
638 1297 695 1366 sit,
724 1312 870 1374 unamque

65 1410 102 1452 cx
133 1390 238 1451 decern
269 1390 316 1449 vix
348 1391 509 1451 constituat
533 1388 625 1468 Regii
650 1394 781 1449 ornatus.
819 1386 871 1449 Ad

64 1486 159 1564 ipsam
182 1482 276 1543 aulae
306 1485 592 1543 concamerationem
621 1483 649 1543 si
679 1480 871 1542 considerare

63 1577 204 1651 velimus,
235 1576 342 1637 nullam
368 1576 455 1636 aliam
484 1577 543 1637 sub
573 1581 637 1637 toto
664 1575 749 1637 coelo
784 1594 869 1655 prae·

63 1671 234 1731 stantiorcn
257 1670 382 1730 inveniri
401 1669 583 1731 crediderim.
617 1669 695 1731 'l'ota
712 1667 871 1749 sphaerica

64 1785 104 1824 cx
134 1784 206 1823 aure
242 1763 414 1841 purissimo,
445 1769 476 1823 et
504 1762 672 1823 simulacris
702 1762 869 1833 constabat,

63 1859 226 1935 mirumque
251 1858 280 1915 in
308 1856 425 1917 modum
451 1857 612 1918 resonabat
628 1857 668 1917 ob
688 1857 869 1935 exquisitum

63 1950 234 2021 artiliciurn3
273 1948 399 2030 plurima
431 1951 520 2010 etiam
553 1950 714 2011 exhibebat
748 1946 869 2021 aiudha,

63 2042 173 2113 silvas,
202 2048 231 2102 et
250 2063 325 2104 uvas
349 2042 540 2125 astaphides,
570 2042 782 2121 Rhodiasque,
813 2062 870 2103 acc

64 2157 124 2196 non
150 2137 248 2197 varias
279 2136 425 2198 volucres.
465 2135 596 2197 llledium
623 2141 723 2197 autern
748 2137 871 2197 tenebat

62 2231 111 2290 lco
149 2228 281 2310 perbelle
317 2250 498 2307 expressus,
530 2234 699 2308 serpentem
730 2228 869 2289 dentibus

62 2321 264 2405 prehendens,
285 2344 322 2383 ex
346 2322 503 2401 medioque
522 2328 661 2400 serpente
675 2324 767 2383 multa
786 2342 868 2403 prae·

62 2418 186 2477 clariora
206 2416 378 2497 pendebant
398 2415 578 2476 candelabra
590 2416 732 2494 pretiosis
751 2414 869 2496 lapillis,

61 2520 152 2591 utque
179 2511 319 2571 canistris
343 2507 454 2569 allabre
481 2510 627 2570 contestis
652 2517 685 2569 et
705 2509 870 2588 margaritis

61 2605 244 2683 conspersis,
264 2612 379 2663 natata.

140 2697 257 2759 Domus
291 2716 361 2756 rcro
391 2695 544 2757 circuitum
579 2693 750 2756 describere
780 2694 869 2776 plane

62 2810 196 2872 nequeo,
221 2796 311 2850 terret
337 2790 412 2849 enim
434 2787 624 2849 dicendorum
644 2789 745 2869 copia,
772 2808 869 2866 neque

62 2881 229 2944 ullomodo
250 2902 347 2944 errare
367 2882 465 2942 velim.
508 2881 550 2941 At
568 2880 731 2943 vehemens
751 2880 869 2942 deside·

61 2978 138 3037 rium
158 2975 289 3056 impellit,
309 2983 342 3034 ut
361 2976 500 3048 scribam,
522 2975 637 3035 etiamsi
649 2994 734 3035 mens
752 2975 870 3054 singula

62 3071 185 3149 assequi
217 3089 275 3131 nen
306 3070 412 3146 possit.
452 3066 624 3129 lanu-crae
654 3067 786 3146 prolecto
816 3069 869 3129 cir·

64 3163 336 3245 conspiciebantur
362 3162 506 3240 imagines
525 3180 617 3240 opere
637 3162 751 3222 musivo
771 3163 870 3223 varias

62 3258 205 3319 historias
235 3259 512 3336 repraesentantes,
548 3253 699 3334 Deiparae
734 3255 869 3333 Virginis,

61 3350 163 3411 mnndi
184 3350 346 3420 Dominae,
364 3350 501 3410 manibus
520 3346 752 3430 Redemptorem
773 3346 868 3409 leren-

60 3445 119 3511 tis,
139 3463 195 3501 acc
216 3463 275 3502 non
297 3443 496 3519 Angelorum,
515 3440 738 3512 lerarebarum,
757 3439 869 3521 Many-

61 3554 144 3608 rum,
171 3532 421 3613 Sanctorumqne,
447 3533 637 3613 pulcerrimae
659 3553 780 3607 omncs,
806 3554 868 3615 pre·

60 3628 152 3689 tiesis
178 3625 303 3706 lapillis,
327 3625 549 3699 adamantibus,
574 3626 769 3705 pluribusque
793 3646 868 3686 mar·

62 3707 164 3800 garitis
184 3718 409 3779 condecoratae.
433 3716 577 3795 Singulae
595 3719 703 3797 pariter
721 3720 869 3779 venustis·

63 3814 150 3874 simis
175 3815 293 3873 coronis
324 3813 488 3872 instructae
518 3819 618 3886 erant,
646 3812 869 3892 substratisque

62 3907 179 3968 aulaeis
199 3906 321 3983 insigni,
342 3911 373 3965 et
392 3903 503 3964 decore.
520 3924 643 3984 prorsus
663 3910 776 3966 ornatu.
807 3904 868 3967 Ne·

928 657 1034 698 versus
1054 637 1103 697 sie
1121 657 1189 695 eum
1208 635 1315 697 affatus
1335 641 1392 697 cst.
1430 638 1577 715 Maxime,
1597 646 1730 713 Sanctis.

928 733 1065 810 simeque
1084 728 1258 791 Patriarcba
1279 728 1617 814 Constantinopolitano,
1633 741 1731 807 Occu.

928 824 1052 894 monice,
1074 825 1158 883 lrene
1178 822 1321 894 Orientis,
1341 828 1430 904 atque
1452 825 1644 909 Occidentis,
1669 836 1731 899 Vo.

927 917 1107 989 lodinreriae‚
1118 915 1302 993 llloscoviac,
1312 919 1463 998 totiusque
1472 919 1615 997 Russiae,
1628 931 1730 994 Astra.

927 1009 1025 1082 charri,
1036 1010 1158 1081 Casani,
1171 1009 1386 1089 Noeogardiae,
1396 1017 1537 1075 terrarum
1548 1016 1731 1100 Septentrio·

926 1103 1045 1179 ualium,
1065 1103 1193 1189 Magnae
1214 1103 1361 1181 Siberine,
1387 1107 1638 1193 vastissimaeque
1667 1119 1730 1181 lbe-

927 1197 989 1259 riae
1019 1195 1148 1276 Regina,
1180 1203 1339 1278 postquam
1368 1201 1497 1261 maximo
1532 1211 1731 1275 venerationis

928 1290 1009 1351 cultu
1034 1295 1064 1351 tc
1091 1293 1222 1372 excepit,
1251 1293 1438 1369 muneribus,
1462 1299 1552 1374 atque
1578 1300 1731 1368 berrehciis

928 1382 1077 1444 cumulare
1096 1387 1231 1466 capiens,
1251 1390 1284 1446 ut
1303 1407 1356 1468 pre
1376 1407 1442 1459 sna,
1459 1388 1612 1472 Regisque
1631 1398 1732 1461 salute

928 1497 1034 1557 preces
1052 1478 1091 1539 ad
1112 1478 1209 1539 Deum
1231 1478 1360 1551 habeas,
1386 1488 1556 1559 argenteum
1583 1488 1635 1549 tihi
1662 1493 1731 1554 cali.

928 1590 992 1631 ecru
1012 1571 1195 1642 deauratum,
1216 1579 1306 1652 atque
1325 1577 1444 1653 egregia
1470 1575 1578 1651 forma,
1609 1589 1640 1643 et
1666 1594 1731 1648 arte

928 1673 1115 1744 coopertum,
1144 1665 1278 1726 villosum
1317 1669 1387 1728 item
1416 1671 1543 1730 sericum
1569 1671 1731 1755 Venatum,

928 1762 959 1817 et
977 1777 1107 1837 pannum
1127 1760 1254 1819 sericum
1273 1758 1311 1821 ad
1332 1763 1425 1823 instar
1444 1767 1576 1826 contexti
1596 1787 1633 1828 ea
1653 1772 1731 1834 villis

928 1852 1066 1931 caprinis,
1086 1858 1116 1913 et
1136 1873 1244 1923 rasum,
1264 1853 1414 1933 aliumque
1440 1876 1519 1918 more
1541 1858 1731 1926 Damascene

926 1942 1103 2019 conlectum,
1123 1952 1154 2007 et
1174 1944 1297 2017 atnrltn,
1319 1954 1348 2007 et
1375 1950 1465 2008 muris
1485 1951 1603 2015 Pontici
1629 1958 1729 2037 pelles

928 2056 965 2097 ex
984 2035 1101 2097 Siberis
1126 2041 1262 2117 largitur;
1293 2041 1404 2101 multos
1428 2063 1545 2122 queque
1570 2057 1731 2127 argenteos

929 2150 1065 2190 nurnnros
1084 2131 1180 2210 Regis
1198 2133 1327 2210 imagine
1352 2155 1518 2215 pereussos
1543 2141 1641 2203 tradit.
1684 2145 1731 2207 'l'u

928 2244 997 2285 vero
1017 2243 1068 2301 pro
1091 2225 1172 2304 ipsa,
1199 2231 1229 2285 ct
1248 2225 1334 2305 Rege
1355 2230 1532 2308 precabere,
1560 2240 1593 2294 ut
1620 2236 1729 2301 dintur-

929 2337 995 2377 nam
1018 2320 1107 2378 ritaru
1126 2323 1225 2395 agant,
1246 2320 1386 2399 firmaque
1405 2326 1540 2404 corporis
1559 2328 1731 2395 valetudine

928 2409 1070 2491 polleant,
1089 2420 1181 2492 utque
1201 2414 1339 2489 precibus
1364 2415 1425 2475 tuis
1443 2415 1531 2479 Deus
1556 2435 1730 2499 commotus,

928 2503 1014 2578 lilios,
1034 2503 1172 2584 filiasque
1191 2506 1267 2586 ipsis
1287 2506 1442 2569 concedat.

1003 2597 1178 2660 Patriarcba
1197 2599 1315 2661 sublata
1335 2600 1438 2663 dextra
1457 2601 1602 2684 Reginae,
1631 2611 1730 2672 simul·

927 2711 985 2771 que
1005 2690 1134 2752 Maximo
1154 2691 1232 2769 Regi
1254 2691 1353 2755 sausta
1374 2702 1528 2773 precatus,
1549 2701 1731 2765 bencdictio-

927 2804 995 2843 ncm
1014 2785 1060 2844 eis
1079 2785 1245 2864 impertitus
1264 2791 1321 2844 est.
1361 2786 1458 2859 Deus,
1478 2791 1579 2869 inquit,
1600 2798 1731 2873 optimus

927 2878 1083 2948 maximus,
1101 2878 1187 2939 vobis
1203 2878 1315 2959 jugiter
1333 2878 1424 2952 adsit,
1442 2902 1499 2943 nee
1519 2904 1578 2945 non
1596 2886 1729 2951 Archan-

927 2970 1001 3048 geli,
1022 2968 1208 3051 Prophetae,
1232 2971 1388 3049 Apostoli,
1413 2974 1573 3056 Episcopi,
1598 2986 1630 3041 ct
1653 2983 1731 3044 lilar-

926 3073 1019 3144 tyres‚
1041 3065 1204 3142 sanctique
1223 3083 1337 3125 omncs.
1377 3067 1472 3139 Deus,
1493 3071 1620 3152 inquam,
1640 3078 1731 3136 omni·

926 3162 1049 3238 petens,
1078 3158 1128 3237 qui
1154 3155 1350 3237 Erythraeum
1376 3179 1458 3221 mare
1489 3161 1605 3241 divisit,
1639 3175 1731 3249 atque

926 3250 1079 3312 lsraelitas
1097 3270 1212 3327 omnes,
1222 3250 1390 3329 Hebraeos,
1399 3252 1595 3337 Jndaeosqne
1614 3281 1731 3339 parvos,

926 3346 1116 3428 majoresque
1134 3366 1189 3427 per
1207 3344 1325 3407 medias
1344 3345 1441 3408 undas
1460 3349 1598 3423 traduxit,
1624 3359 1673 3435 qui
1694 3378 1731 3420 ex

926 3458 1043 3500 summe
1067 3441 1150 3520 rupis
1181 3441 1291 3501 vertice
1316 3458 1415 3520 aquae
1434 3440 1547 3505 tlnenta
1577 3445 1730 3529 derivavit,

926 3534 1035 3613 quibus
1067 3532 1155 3593 iidem
1185 3533 1424 3596 ardentissimam
1455 3537 1533 3598 sitim
1564 3543 1731 3620 explerent,

927 3645 1041 3705 cosque
1060 3629 1168 3704 postea
1187 3627 1216 3684 in
1242 3631 1347 3685 terram
1369 3629 1576 3704 promissionis
1596 3632 1730 3713 deduxit,

926 3719 976 3795 qui
997 3716 1166 3777 Gabrielem
1185 3715 1407 3795 Archangelum
1428 3721 1515 3792 misit,
1541 3730 1575 3782 ut
1599 3726 1730 3791 incarne.

926 3810 1018 3870 tinnis
1038 3810 1206 3888 mysterium
1226 3812 1414 3872 annuntiaret
1435 3813 1652 3880 Sanctissimae
1665 3819 1730 3882 Vir·
1829 3880 1836 3895 ,

926 3903 986 3980 gini
1005 3904 1207 3976 intemeratae,
1226 3901 1286 3961 Dei
1304 3905 1396 3980 gratia
1416 3906 1532 3984 plenae,
1552 3929 1639 3988 qnam
1659 3933 1731 3975 vere

63 4021 123 4080 qno
143 4003 221 4061 enirn
242 3998 342 4059 dicere
361 4017 524 4079 prosequar
543 4000 725 4075 margaritas,
745 3998 867 4059 carbun-

63 4094 163 4168 culos,
184 4092 359 4174 sapphiros‚
377 4090 527 4169 topazios,
546 4090 701 4151 nitidiores
720 4111 869 4170 gemmas:

926 3995 1040 4057 dixeris
1050 4014 1106 4056 aas
1126 4015 1232 4056 manna
1252 3996 1420 4074 continens,
1435 4010 1564 4064 montem
1582 4013 1729 4085 sanctum,

926 4090 1030 4150 rubum
1050 4088 1274 4160 incombustum,
1294 4089 1324 4149 in
1345 4108 1404 4169 qua
1414 4091 1554 4156 Christus
1574 4095 1730 4179 habitarit,

62 4193 94 4247 at
115 4187 232 4247 dicendi
253 4187 353 4266 potins
374 4185 463 4244 sanem
483 4182 605 4253 laeiam,
624 4202 689 4244 cum
710 4185 816 4256 multa,
837 4196 868 4245 et
927 4203 992 4244 cum
1012 4182 1093 4245 venit
1116 4182 1146 4242 in
1172 4181 1326 4259 mundum,
1353 4204 1517 4266 omnesque
1537 4190 1624 4253 Adae
1641 4192 1730 4273 lilios,

61 4278 177 4340 infinita
195 4279 283 4358 plane
303 4278 475 4339 describere
496 4297 651 4357 nequeam.
921 4279 1083 4359 justosque
1103 4276 1260 4336 universos
1285 4296 1304 4338 a
1324 4282 1471 4341 communi
1498 4285 1640 4346 servihrte
1658 4287 1729 4350 lihe-

140 4368 227 4431 Tune
252 4392 322 4432 vern
353 4374 458 4433 iterum
483 4369 719 4447 Velodimeriae,
749 4370 869 4433 blasco-
926 4370 1016 4440 ravit,
1035 4370 1103 4450 ipse
1123 4389 1180 4430 nos
1199 4368 1368 4447 laboribus,
1385 4378 1475 4454 atque
1493 4380 1639 4455 angustiis
1666 4402 1729 4461 pre·
1810 4379 1812 4383 ’

61 4465 145 4534 viae,
175 4483 211 4524 ue
236 4465 388 4543 totiusque
413 4463 545 4525 Russiae
570 4462 641 4525 Rex
668 4465 868 4526 Patriarcbam
926 4469 997 4540 mat,
1016 4463 1113 4523 donce
1131 4464 1239 4544 proprii
1259 4466 1372 4527 ventris
1390 4475 1505 4547 partum
1517 4471 1569 4530 tibi
1585 4474 1732 4536 concedat

60 4558 189 4637 rogavit,
226 4563 259 4616 ut
289 4557 438 4617 nobilibus
473 4557 536 4617 illis
571 4556 690 4618 seminis
719 4559 868 4621 universis
927 4579 986 4621 una
1004 4578 1071 4618 cum
1089 4559 1216 4619 maxims
1239 4560 1397 4636 gratiarum
1423 4559 1580 4626 effusione.
1618 4565 1731 4627 Postea

61 4650 300 4712 benedictionem
322 4651 526 4731 impertiretur.
561 4650 636 4713 Cum
657 4652 743 4729 igitur
761 4671 867 4715 omnes
925 4652 1077 4715 Maximus
1106 4650 1282 4713 Patriarcba
1307 4654 1385 4713 lreni
1414 4653 1550 4715 Russiae
1581 4655 1730 4736 Reginae,

60 4744 102 4806 ad
132 4745 271 4826 lllagnura
300 4744 500 4805 Patriarcham
524 4747 747 4823 accessissent,
778 4746 869 4809 multa
926 4745 1120 4825 similiterque
1139 4765 1237 4806 novus
1261 4744 1337 4805 alter
1355 4744 1550 4824 lllescnaiae,
1575 4752 1730 4833 totiusque

61 4838 251 4901 observantia
269 4857 386 4899 manum
411 4840 480 4920 ejus
499 4838 692 4901 deosculatae
717 4846 802 4910 sunt,
831 4860 867 4902 ac
926 4839 1059 4901 Russiae
1080 4836 1251 4899 Patriarcba
1270 4837 1496 4899 benedixerunt
1535 4840 1656 4905 Rursus
1681 4868 1731 4908 aa·

62 4932 200 5005 singulae
250 4934 456 5012 pulcerrimarn
501 4952 639 5014 mappam
688 4932 865 4997 obtulerunt.
927 4934 1068 4995 acrabilis
1087 4952 1180 4993 senex
1200 4951 1302 4992 voce·
1323 4932 1435 5008 extulit,
1455 4939 1545 5013 atque
1565 4939 1729 5016 sapientem

63 5023 208 5083 Sanctam
240 5046 358 5087 manum
387 5025 555 5101 osculatae,
588 5028 707 5098 iterum,
739 5028 868 5105 egregia,
926 5025 1147 5108 Metropolitum
1167 5023 1359 5093 flierotheum
1379 5026 1528 5087 allocutus
1561 5034 1619 5090 cst.
1659 5032 1728 5114 Epi·

63 5116 309 5196 convenientique
328 5119 433 5190 fornia,
452 5140 489 5180 ac
508 5121 558 5201 pio
572 5124 654 5181 rnclu
672 5121 701 5180 in
722 5122 869 5202 proprium
926 5140 1021 5200 scope
1046 5119 1179 5179 Maxime
1210 5118 1329 5179 inclitae
1360 5118 1633 5185 Monembasiensis
1660 5129 1729 5187 ciri·

59 5207 160 5271 locum
185 5228 257 5271 rese
281 5214 483 5275 restituerunt.
529 5216 645 5276 laterna
671 5213 781 5276 nobilis
806 5215 868 5296 qui·
925 5214 997 5275 tatis
1016 5214 1046 5274 in
1055 5212 1277 5293 Peloponneso,
1298 5214 1383 5275 irene
1402 5211 1546 5289 Orientis,
1565 5224 1656 5296 atque
1670 5219 1729 5280 Oe·
