3742 5626
780 218 1016 277 nasoniano.
1230 304 1236 315 ἢ
1717 252 1734 305 5

62 400 155 443 nosus
174 381 330 463 plurinum
351 385 407 441 est.
438 375 557 439 Accidit
576 377 615 439 ad
635 377 712 439 baec
730 377 869 455 innode-
897 386 902 457 t
929 374 1058 453 quodam
1083 377 1168 437 nodo
1198 376 1310 437 formae
1334 376 1442 437 similis
1468 372 1608 438 idiomate
1632 398 1732 439 eamr·

62 480 134 545 rata,
155 494 325 555 asperaque
344 474 446 542 nimis,
471 472 551 533 acris
575 472 782 552 intemperies,
802 492 869 533 narn
929 466 1064 545 Daienga
1083 468 1197 531 dicitur.
1217 468 1337 551 Duplici
1358 476 1455 531 autem
1477 468 1563 529 nodo
1577 468 1734 543 cuduntur,

61 570 100 627 ob
121 567 239 647 hyemis
265 568 397 644 rigorem,
424 570 500 635 sata,
521 564 559 625 ad
585 566 780 625 maturitatem
807 585 869 645 per·
929 560 1091 639 primasio
1112 582 1171 623 ana
1189 572 1271 641 parte
1291 562 1419 623 bominis
1433 562 1504 623 nudi
1516 562 1733 644 equcinsidan-

61 662 163 721 venire
183 680 243 719 uon
263 665 398 741 possunt,
419 658 527 718 eleni·
547 664 606 720 tam
618 660 736 719 intensa
747 659 786 717 ibi
799 678 868 717 non·
929 654 979 725 tis,
998 660 1031 713 et
1049 653 1207 715 draconem
1226 654 1313 715 basta
1334 654 1482 727 ferientia,
1506 656 1662 735 imaginem
1681 654 1733 719 ba·

62 774 211 832 nunquam
230 758 300 813 aunt
319 752 435 831 frigora,
461 762 494 810 ιιι
522 750 768 829 quenadmodum
788 750 866 832 apud
930 747 990 818 bet,
1010 748 1040 807 in
1061 747 1156 809 altera
1180 766 1250 806 vcro
1274 755 1360 827 parte
1386 768 1492 809 nomen
1512 748 1615 829 blagni
1635 750 1732 815 Ducis

60 868 119 906 noa
145 847 270 907 aestatis
289 858 432 932 tompore,
452 863 524 924 prae
546 846 633 905 nimio
658 845 734 905 solis
752 844 866 915 ardore,
927 842 1107 918 exprimitur,
1126 838 1289 901 Secundus
1311 861 1348 900 ex
1373 845 1496 921 utraque
1519 848 1602 922 parta
1627 842 1732 915 literis,

61 941 108 999 aie
128 941 167 1001 ibt
187 958 257 1021 pm
278 931 385 1011 frigore
404 938 582 1016 asperrimo,
609 940 735 999 terrain
756 936 865 997 hiatum
927 954 1034 994 nomen
1055 934 1158 1012 blagni
1179 932 1278 993 Ducis
1305 938 1336 993 et
1360 934 1473 995 titulum
1499 936 1731 1017 exprimentibus

60 1032 266 1114 disrumpatur.
288 1029 411 1110 insuper
423 1030 513 1090 etiarn
526 1050 603 1111 aqua
612 1032 641 1091 in
651 1052 750 1093 aerem
761 1030 865 1100 effusa,
925 1028 1089 1104 insignitur.
1122 1026 1236 1087 Horum
1256 1030 1355 1087 autem
1375 1028 1543 1105 sexaginta,
1560 1048 1651 1091 annm
1669 1031 1731 1107 Ιὶιι-Ι

60 1132 236 1207 sputumque
255 1144 292 1185 ex
311 1144 364 1183 ore
382 1124 558 1205 projectum,
579 1129 736 1205 antequam
757 1129 865 1185 terram
925 1126 1022 1181 catum
1043 1122 1107 1180 sive
1126 1140 1248 1182 aureum
1267 1118 1478 1198 Ungaricalem
1497 1120 1607 1183 calent.
1633 1122 1732 1185 Novo·

57 1220 182 1299 attingat
199 1216 382 1296 congelatur,
402 1216 474 1275 rami
494 1218 583 1277 etiam
596 1217 810 1279 fructiferarum
821 1236 865 1277 ar·
925 1212 1082 1289 gradensis
1101 1234 1237 1274 nummus
1262 1216 1293 1273 in
1324 1234 1382 1274 una
1405 1219 1490 1294 parte
1516 1214 1671 1297 principis,
1702 1218 1731 1277 in

57 1314 160 1373 boram
173 1314 269 1391 rigore
279 1310 407 1389 hyemis,
426 1308 584 1388 aliquando
595 1328 717 1387 prorsus
727 1316 864 1389 pereunt.
925 1306 1001 1365 solio
1016 1306 1150 1366 sedentis
1161 1308 1327 1384 imaginem,
1346 1305 1534 1389 hominisque
1549 1309 1732 1383 exadverso,

56 1404 202 1465 flamines
221 1422 340 1485 quoque
358 1402 428 1479 gelu
449 1402 588 1472 concreti,
607 1403 710 1462 monui
730 1400 865 1474 subdio,
925 1419 997 1459 sese
1017 1400 1166 1459 inclinatis
1184 1398 1285 1470 babet,
1303 1420 1343 1461 ex
1362 1400 1455 1461 altera
1480 1410 1567 1483 parte
1585 1403 1732 1484 scriptura

59 1500 89 1557 in
110 1496 258 1557 vehiculis
276 1496 446 1576 frequenter
463 1494 653 1575 reperiuntur,
673 1496 743 1575 quin
763 1500 794 1555 et
802 1495 864 1555 ursi
925 1492 1093 1569 insignitur,
1119 1496 1297 1569 vocaturque
1321 1490 1535 1571 Nevogrodka,
1559 1494 1730 1559 Moscoviti·
1856 1572 1860 1577 Ι

59 1592 146 1651 etiam
168 1590 344 1669 sylvestres,
364 1586 443 1648 fame
462 1586 611 1657 stimulati,
636 1586 748 1647 relictis
768 1586 864 1666 sylvis
923 1604 1149 1645 cumnummum
1168 1586 1277 1654 valore,
1298 1584 1427 1666 induplo
1441 1594 1573 1668 superat.
1600 1588 1729 1652 Tveren·

57 1704 112 1762 per
131 1684 245 1743 vicinas
264 1680 352 1741 villas
370 1680 485 1761 passim
511 1679 692 1744 discurrunt,
713 1688 744 1740 et
763 1680 792 1739 in
813 1680 863 1740 do·
921 1680 968 1739 sia
987 1698 1122 1738 num-ua
1141 1679 1278 1756 utrinque
1299 1679 1472 1759 scripturam
1491 1680 1598 1754 babet,
1629 1684 1729 1745 valore

53 1796 123 1836 mos
143 1774 312 1835 colonorum
332 1774 451 1844 irruunt,
471 1792 593 1852 quorum
612 1774 750 1853 impeturn
771 1778 862 1853 atque
908 1769 1150 1833 Musaei-ilicum
1169 1770 1269 1831 refert.
1302 1770 1497 1833 Pacuviensia
1517 1775 1546 1833 in
1567 1795 1626 1837 una
1645 1784 1730 1859 parte

54 1869 113 1928 rina
133 1888 198 1926 eum
219 1868 328 1929 rustica
348 1866 435 1927 trrrba
455 1866 539 1945 fugit,
558 1866 666 1945 frigore
691 1884 798 1943 aspero
819 1866 860 1927 fo·
920 1865 1116 1947 caputbovis
1135 1872 1321 1937 coronatum,
1346 1865 1376 1925 in
1396 1863 1489 1927 altera
1509 1887 1578 1929 vero
1604 1870 1729 1953 scriptu-

54 1964 97 2021 ris
118 1962 227 2021 miserc
247 1960 332 2037 perit.
353 1961 454 2041 Atque
472 1964 554 2047 tantp
574 1960 663 2020 nimio
683 1959 792 2039 frigori,
811 1980 860 2020 aa·
920 1980 980 2021 ranr
1010 1958 1110 2020 babet.
1150 1956 1208 2019 Est
1232 1978 1350 2039 quoque
1380 1959 1410 2018 iu
1428 1958 1585 2024 Moscovia
1610 1982 1730 2045 cuprea,

54 2060 122 2115 atus
142 2072 258 2135 quoquc
279 2053 409 2113 torridus
429 2052 606 2133 quandoque
624 2052 802 2134 respondet,
827 2058 862 2113 ut
920 2054 984 2114 sive
1004 2072 1093 2113 aerea
1111 2055 1245 2120 moneta,
1265 2070 1342 2129 quae
1363 2058 1481 2135 propter
1499 2074 1646 2137 pauperes
1666 2063 1717 2121 tan

53 2146 212 2227 aliquando
232 2150 340 2225 stagna
359 2152 389 2207 et
398 2147 519 2227 flumina
537 2152 634 2217 aestu,
655 2146 804 2225 nimioque
817 2168 861 2207 ar·
919 2151 981 2207 tuna
1001 2144 1132 2213 cuditur,
1154 2148 1184 2203 et
1202 2142 1278 2205 Pala
1298 2143 1385 2223 vulgo
1406 2151 1542 2217 coeatur,
1566 2147 1670 2211 bernar
1689 2152 1729 2211 tu

54 2240 126 2301 dore
146 2240 231 2311 solia,
249 2256 356 2319 prosus
376 2242 608 2301 exsiccarentur.
638 2239 726 2299 Prata
744 2258 863 2318 quoque
922 2238 1048 2317 dengam
1059 2235 1287 2299 Moscoviticam
1312 2236 1452 2299 efficiunt.
1494 2236 1604 2303 Omnia
1628 2248 1727 2307 autera

54 2340 87 2395 et
106 2332 383 2394 eaeterafrumenta
396 2331 864 2411 velutidammaaliquandoexu·
921 2338 1041 2393 moneta
1058 2329 1272 2401 Moscoritica,
1298 2350 1337 2391 ex
1363 2350 1435 2411 puro
1466 2337 1497 2393 ct
1521 2332 1600 2395 bono
1624 2354 1726 2415 argen-

53 2432 166 2489 runtur.
185 2426 244 2486 llic
257 2430 355 2486 autern
366 2426 474 2487 nimius
493 2431 599 2487 aestus
619 2425 703 2496 solis,
723 2444 777 2504 per
794 2444 863 2507 sep·
920 2431 952 2487 to
971 2424 1097 2494 cuditur,
1116 2429 1147 2485 ct
1166 2445 1273 2485 omnes
1286 2423 1348 2485 fere
1366 2425 1507 2487 aurifabri
1526 2427 1555 2487 iu
1568 2426 1726 2491 Musconis

54 2527 116 2581 tem
136 2518 202 2579 dies
221 2523 332 2579 tantum
351 2538 409 2578 non
428 2520 497 2600 plus
516 2518 622 2580 durare
641 2519 730 2579 solet.
776 2518 862 2580 llaec
919 2518 1124 2598 Novogardia,
1148 2516 1273 2588 Treria,
1299 2527 1330 2577 et
1355 2516 1485 2579 Paeonia
1515 2540 1650 2583 nummos
1674 2542 1724 2585 eu·

54 2612 203 2695 provincia
222 2612 311 2672 melle
330 2610 461 2693 feriaque
473 2618 563 2685 caret,
585 2613 738 2694 leporibus
749 2618 860 2673 tantun
921 2612 1003 2683 dunt,
1023 2617 1054 2673 et
1073 2612 1241 2691 quicunque
1259 2610 1344 2672 affert
1353 2632 1474 2673 massas
1486 2619 1654 2691 argenteas,
1671 2636 1724 2696 pu·

54 2706 201 2787 exceptis,
222 2706 331 2784 quibus
351 2726 440 2787 supra
462 2706 581 2766 modurn
607 2705 749 2768 abundat.
788 2704 860 2766 Fru-
921 2726 987 2776 raa,
1007 2723 1142 2767 nummos
1160 2704 1199 2763 ab
1218 2702 1366 2763 aurifabro
1388 2714 1588 2767 transmutare
1611 2708 1725 2779 volana,

54 2804 153 2860 mento
166 2800 357 2879 oleribusque
367 2800 571 2859 communibus
582 2798 685 2868 aftlnit,
708 2818 813 2859 cerasa
830 2800 860 2858 in
920 2806 980 2859 tum
1011 2798 1117 2857 ιιιιιιιιιιὶ
1150 2803 1181 2856 et
1206 2800 1360 2874 argentum
1384 2796 1605 2877 appenduntur,
1637 2809 1726 2881 atque

54 2898 117 2952 tota
136 2892 257 2969 regione
277 2910 424 2971 nunquam
444 2892 644 2968 reperiuntut,
669 2892 792 2951 aliarum
817 2912 861 2952 ar·
920 2913 1016 2972 aequa
1036 2892 1122 2951 lance
1135 2889 1290 2960 librantur,
1309 2886 1478 2948 mercedem
1497 2896 1595 2951 autern
1615 2892 1727 2955 laboris

55 2974 159 3045 borum
171 2984 304 3063 quamvis
317 2984 431 3043 fructus
443 2984 583 3049 babeant,
596 3004 695 3044 rerum
708 2986 859 3047 insuaves.
920 2986 1056 3063 exigua·
1077 2981 1216 3043 aurifabri
1234 2986 1394 3062 reportant.
1419 2981 1513 3043 Porro
1533 2984 1561 3043 in
1578 2988 1657 3047 omni
1670 2991 1725 3049 lm·

54 3078 155 3159 Hujua
176 3076 323 3155 Regionis
344 3078 458 3137 coeium
469 3075 545 3137 adeo
566 3077 754 3148 salubreest‚
775 3083 808 3138 ut
820 3078 862 3139 ibi
920 3080 1003 3159 perio
1022 3075 1139 3147 Mosei,
1158 3095 1260 3135 aurum
1284 3080 1314 3135 ct
1333 3082 1486 3153 argeutum
1509 3098 1654 3159 nusquam
1680 3101 1723 3142 re·

53 3172 129 3231 ultra
151 3170 265 3231 Tanais
286 3169 394 3241 fontes,
419 3171 591 3249 praesertim
611 3170 861 3251 Septentrionem,
919 3173 1045 3252 peritur,
1073 3170 1133 3229 nisi
1157 3166 1335 3237 adductitio‚
1361 3174 1391 3228 et
1415 3170 1628 3251 importatorio,
1664 3194 1723 3235 om·

54 3283 91 3325 ac
101 3264 188 3324 etiam
204 3261 368 3334 Orientem,
387 3282 494 3342 magna
507 3268 638 3345 exparte
649 3282 767 3333 versus,
780 3266 859 3325 nulla
920 3283 1087 3325 neaearum
1107 3260 1273 3339 Regianum
1293 3260 1423 3333 incolae,
1442 3272 1474 3323 ct
1493 3264 1560 3343 ipse
1578 3264 1724 3349 Princeps

53 3358 151 3439 pestis
169 3377 296 3436 unquam
308 3357 460 3427 saevierit,
480 3355 591 3418 bellent
603 3364 702 3417 tamen
714 3358 859 3419 interdum
919 3363 1048 3419 utrrntur.
1081 3355 1150 3428 Qua
1169 3354 1208 3415 de
1223 3376 1256 3417 re
1265 3353 1398 3434 Magnus
1413 3354 1495 3429 Dux,
1514 3368 1660 3421 autumet
1679 3383 1722 3423 ar·

53 3451 269 3521 intestinorum,
289 3454 319 3510 et
331 3451 447 3531 capitia,
468 3451 654 3530 omniumque
666 3452 858 3512 membrorum
919 3456 1055 3530 gentum,
1079 3451 1161 3528 gravi
1180 3452 1239 3512 aab
1258 3470 1371 3531 poena,
1390 3470 1428 3511 ea
1445 3451 1512 3513 suia
1526 3450 1722 3531 Regionibus,

54 3544 184 3603 morbum
207 3542 363 3623 quendam,
382 3543 462 3625 pesti
474 3542 553 3602 baud
569 3543 753 3615 dissimilem,
773 3564 860 3624 quera
920 3544 1023 3605 efferre
1042 3542 1191 3625 probibet.
1216 3550 1307 3623 atque
1327 3543 1395 3604 ideo
1415 3548 1660 3623 permutationem
1679 3570 1721 3611 re·

55 3656 112 3696 noa
136 3636 239 3697 febrim
272 3636 399 3697 calidam
425 3638 491 3695 sive
523 3645 639 3697 acutam
665 3638 859 3717 appellamus.
920 3658 983 3699 rum
1003 3637 1113 3708 facere,
1132 3642 1163 3697 et
1181 3637 1242 3697 alia
1260 3643 1293 3697 ut
1311 3637 1419 3718 pellea,
1438 3639 1547 3717 quibua
1562 3640 1723 3713 abundant,

55 3728 165 3789 Εοιιιιιι
195 3728 257 3789 fere
289 3728 428 3789 idiomate
458 3728 508 3789 bic
538 3730 673 3799 morbus,
710 3730 860 3814 0gnjova,
919 3737 971 3791 aut
988 3731 1059 3809 quid
1077 3728 1158 3789 aliud
1178 3729 1324 3811 ejusmodi
1345 3750 1396 3807 pro
1408 3730 1477 3789 aliis
1497 3731 1587 3791 rebus
1597 3732 1669 3793 dare
1677 3736 1722 3815 ju·

54 3824 141 3901 quasi
161 3824 270 3901 ignitus
290 3820 407 3891 dicitur,
428 3822 508 3901 quad
528 3822 664 3883 bominea
682 3822 764 3884 uelut
783 3824 861 3903 ignia
920 3826 981 3895 bet,
1001 3846 1060 3905 quo
1080 3830 1232 3902 argenton
1252 3829 1282 3883 et
1301 3843 1403 3883 aarum
1417 3824 1525 3883 iuaais
1538 3824 1724 3903 Regioaibns

55 3914 226 3984 calefaciat,
252 3924 285 3971 ut
304 3902 551 3992 quemadmodlim
572 3916 669 3976 vicina
687 3912 774 3977 donrc
793 3918 862 3996 igne
920 3918 1063 3987 obtineat,
1081 3924 1172 3995 atque
1192 3916 1260 3975 idco
1276 3915 1356 3975 bunc
1368 3916 1534 3993 Principem
1553 3918 1616 3977 auri
1638 3927 1723 3981 etar-

56 4006 195 4077 ardente,
221 4012 251 4065 ιι
271 4006 329 4067 alia
355 4006 461 4067 domus
480 4008 539 4069 sibi
558 4007 737 4079 adhaerens,
757 4010 861 4069 eodem
920 4012 1001 4089 genti
1020 4010 1201 4070 ditissimum
1221 4026 1294 4069 esse
1313 4006 1425 4069 dicunt.
1457 4007 1517 4069 Vix
1535 4020 1635 4071 auten
1655 4032 1723 4073 can·

57 4102 127 4175 igne
145 4098 346 4169 inflammatur,
365 4100 412 4159 sic
430 4120 550 4181 quoque
568 4100 627 4162 lroc
645 4103 748 4162 rnorbc
761 4100 862 4162 infecti
920 4116 982 4165 tuna
1001 4104 1070 4163 anni
1090 4101 1186 4182 elapsi
1205 4108 1287 4171 suut,
1307 4120 1372 4161 cum
1390 4100 1579 4165 Mosecvitae
1603 4116 1723 4169 moneta

57 4191 140 4251 velut
165 4197 268 4273 peste,
292 4198 428 4253 caeteros
453 4196 511 4255 uisi
537 4203 698 4257 careantur
721 4196 863 4268 inficiunt,
920 4206 1071 4275 argentea,
1097 4194 1270 4276 praesertin
1297 4195 1377 4276 apud
1401 4195 1471 4257 illos
1494 4217 1569 4259 cusa
1591 4210 1721 4262 utuntur.

56 4286 116 4346 boc
136 4284 238 4344 morbo
258 4286 307 4365 qui
327 4287 520 4365 corripiuntur
537 4291 623 4367 pauci
643 4290 708 4351 sani
723 4288 862 4351 evadunt.
921 4288 1053 4353 Primmn
1081 4291 1190 4349 etenira
1210 4307 1276 4349 cunr
1295 4297 1463 4367 argentum,
1489 4288 1529 4353 ab
1549 4296 1658 4357 euteria
1682 4292 1720 4357 ad

57 4380 142 4443 llaec
163 4399 240 4457 gens
259 4378 464 4447 bloscoritica‚
494 4383 623 4443 caeteris
641 4383 779 4443 omuibus
800 4382 861 4443 Ru·
921 4404 989 4457 eos,
1016 4384 1167 4465 importari
1194 4390 1330 4464 comtum
1355 4391 1418 4453 eat,
1444 4391 1505 4445 tum
1525 4383 1723 4449 fundebantur

57 4472 167 4543 tbenis,
188 4472 322 4541 astutior,
343 4476 374 4532 et
393 4471 525 4533 fallacior
544 4480 601 4538 est.
622 4474 657 4535 Si
677 4481 775 4537 autem
796 4496 860 4537 curn
920 4476 1124 4561 portiunculae
1135 4474 1282 4555 oblongae
1292 4485 1451 4554 argenteae
1462 4480 1528 4537 sine
1545 4480 1673 4557 imagine
1693 4487 1723 4541 et

60 4566 192 4627 externis
212 4565 372 4645 aliquando
391 4568 567 4629 commercia
585 4566 709 4641 babent,
735 4576 806 4631 tunc
825 4590 861 4631 re
919 4568 1393 4654 scripturasaloriauniusllubli,
1406 4568 1721 4649 Rublautemliengas

61 4678 117 4719 non
137 4658 324 4719 blesam-itus
352 4680 411 4739 que
432 4662 568 4743 majorem
588 4662 674 4723 tidem
699 4664 860 4735 obtineant,
919 4666 1133 4727 Moacoviticas
1147 4664 1211 4726 acc.
1231 4661 1413 4743 totidemque
1431 4682 1555 4740 grossos
1567 4661 1721 4725 Polonica·

59 4750 115 4812 aed
134 4752 276 4813 advenas.
303 4753 333 4813 id
353 4760 410 4819 est,
437 4750 694 4830 Norcgardcnaes.
720 4758 768 4817 rel
795 4756 860 4817 l'le·
888 4742 893 4817 l
920 4760 965 4821 las
986 4757 1086 4819 babet.
1108 4754 1721 4834 AntetuumvercmonetaeAspreolcrrun-

58 4846 236 4907 scotlenees
257 4868 329 4907 esee
349 4846 498 4907 simulant.
889 4836 892 4883 ἶ
918 4853 1100 4931 aliorumque
1110 4849 1278 4911 animalium
1294 4847 1423 4927 pellibus
1437 4846 1604 4918 utebantur,
1626 4851 1720 4930 iiatpn¹

136 4938 257 5001 Moneta
277 4943 305 5000 iu
329 4948 393 5001 toto
419 4940 589 5001 Moaeoruar
611 4938 707 4999 Ducis
732 4944 863 5022 imperia,
890 4930 894 5009 ἰ
921 4948 1000 5006 vitae
1028 4944 1201 5003 rreeeasaria
1231 4960 1286 5001 seu
1320 4942 1445 5020 pecuina
1466 4940 1719 5021 comparabantur.

58 5044 107 5092 est
133 5034 348 5113 quandrupler,
380 5033 579 5095 blascoritiea
611 5032 863 5111 Norogardcnais,
998 5035 1149 5097 Monetam
1170 5052 1287 5115 qrroque
1311 5052 1429 5093 auream
1449 5031 1618 5095 blascorum
1640 5032 1720 5095 l‘rin·

58 5123 233 5197 Tcerenaia,
253 5132 283 5187 et
294 5126 521 5189 Plcscoviensis
550 5124 767 5189 dioscoriticus
785 5148 865 5189 uua·
924 5150 996 5213 ceps
1015 5150 1075 5191 non
1096 5124 1193 5197 cudit,
1212 5123 1267 5187 sed
1283 5124 1579 5205 lirrngariciaaurein
1597 5136 1627 5189 et
1644 5126 1720 5189 llbe-

58 5238 124 5279 aas
144 5238 203 5279 non
223 5220 366 5281 rotundus
387 5228 449 5283 eat.
469 5220 524 5283 aed
545 5223 692 5302 oblongus
718 5228 765 5283 est
789 5224 865 5285 omli
923 5226 1011 5287 naaia
1029 5221 1199 5287 advectitiia
1219 5216 1359 5283 ιιιιιιιιιιι.
