3742 5626
783 186 1015 245 numerio.
1693 186 1728 241 ss

41 341 225 413 ‘vendendi
244 344 287 403 its
306 342 445 401 utsenrat
456 339 603 401 venditum
614 358 791 420 quocunque
805 348 867 398 tan·
927 338 1035 399 ᾱοωιιο
1054 344 1174 415 salutat,
1193 342 1248 402 sed
1270 345 1508 419 currtinuocnput
1519 340 1727 416 aperiens,ubi

68 434 134 495 dere
152 434 241 496 modo
260 432 425 503 liberatum,
448 432 496 493 uel
521 432 745 503 manumissum,
765 450 869 491 rursus
926 428 1023 509 imago
1041 432 1081 491 sit
1099 430 1253 513 diligenter
1272 434 1481 513 circumspicit,
1499 452 1558 513 qna
1576 432 1642 493 risa
1661 448 1727 493 cum
1773 470 1777 477 ·

65 534 157 609 atque
177 530 283 589 iterum
297 524 366 607 jurc
385 534 509 607 paterno
527 544 594 584 eum
612 522 742 583 vendere
760 522 869 604 possit.
927 541 1033 599 magna
1051 528 1222 597 reuerentia,
1242 538 1287 587 ter
1305 550 1341 588 se
1361 528 1458 587 crucis
1481 528 1568 605 siguo
1579 530 1671 605 eaput
1684 524 1725 581 in·

66 618 144 681 Post
161 623 294 699 quartam
314 620 412 677 autem
423 616 621 679 reudttuueu
642 614 714 676 nibil
720 616 799 697 juris
809 636 866 675 am·
925 612 1062 675 elinando
1086 618 1189 688 munit,
1208 617 1325 681 dicens:
1347 621 1423 681 Jcsu
1451 618 1572 679 Christe
1599 616 1639 677 illi
1664 612 1724 677 Dei

64 712 147 793 plius
167 712 197 771 in
217 710 308 771 tilium
327 708 428 775 babet,
924 707 980 767 viri
1000 708 1142 769 miserore
1162 712 1264 780 nostri,
1301 711 1414 771 Postea
1432 710 1576 789 porrectis
1594 709 1723 773 sibime·

143 802 310 865 servitores
328 802 359 861 in
379 800 515 861 dominos
532 819 607 861 auos
623 799 783 881 plerunque
797 820 865 860 con·
923 800 1011 861 nibus
1028 799 1198 861 alterutrum
1208 821 1279 861 sese
1290 802 1415 861 invicem
1426 801 1591 863 salutantes
1599 802 1722 865 deoscu·

65 898 235 975 queruntur,
253 891 332 973 quod
351 891 390 953 ab
410 894 456 955 eis
475 893 570 975 probo
589 912 646 952 non
672 896 777 953 essent
802 912 864 953 vcr-
920 894 1026 963 lentur,
1047 892 1206 975 capitaque
1227 912 1307 953 more
1327 894 1419 969 patrio
1439 893 1622 973 frequentius
1641 896 1722 957 incli-

64 988 167 1058 berati,
187 984 309 1047 credatu
327 986 404 1045 enim
424 1006 460 1046 so
480 984 608 1046 dominis
626 984 804 1065 displicere,
822 984 862 1045 si·
920 991 1001 1057 nant,
1020 984 1052 1046 id
1069 990 1167 1047 autom
1187 990 1247 1047 tam
1267 986 1435 1065 virisquam
1448 986 1619 1047 mulieribus
1634 1007 1722 1069 pecu·

64 1098 210 1161 gnumque
229 1077 442 1155 indignationis
461 1098 544 1149 caso,
563 1077 666 1139 sinon
679 1077 862 1156 frequentius
920 1078 992 1138 liare
1011 1083 1068 1148 eat,
1088 1079 1118 1137 iu
1139 1096 1303 1155 congressu
1323 1076 1362 1137 de
1387 1080 1463 1137 omni
1484 1080 1721 1157 consanguinita-

65 1172 262 1241 rerberentur,
281 1170 572 1252 objurgareutnrque.
919 1171 960 1231 tis
979 1170 1087 1231 tamilla
1107 1169 1277 1231 alterutrum
1293 1172 1470 1249 percontari,
1489 1190 1527 1231 au
1538 1177 1722 1253 rectepater,

137 1260 230 1325 Prout
248 1268 349 1325 autern
369 1262 423 1325 viri
442 1282 461 1325 a
479 1282 587 1341 magno
606 1260 746 1343 Principe
770 1260 861 1323 servi·
921 1268 1021 1335 mater,
1039 1282 1124 1333 uxor,
1145 1262 1205 1333 tilii,
1220 1263 1336 1335 iratres,
1347 1275 1404 1325 etc
1417 1262 1542 1335 rdeant,
1554 1269 1623 1343 post
1635 1285 1722 1325 unam

60 1360 123 1416 tute
141 1364 348 1435 aggravantur,
366 1356 413 1415 sic
431 1357 520 1417 etiam
530 1354 609 1433 apud
619 1354 698 1413 viros
710 1374 786 1415 snos
800 1373 861 1413 mu·
920 1374 1068 1434 quamquo
1087 1354 1351 1433 interrogationem,
1377 1362 1407 1417 et
1426 1358 1650 1439 responsionem
1675 1376 1722 1419 ca·

60 1449 164 1509 lterum
184 1446 314 1509 conditio
334 1450 500 1509 miserrima
518 1456 576 1518 est,
602 1444 682 1507 nulla
708 1446 786 1507 onim
812 1444 862 1505 bo·
920 1452 973 1527 put
992 1447 1143 1507 multoties
1162 1448 1346 1522 inclinantes,
1366 1453 1551 1531 maximoque
1572 1456 1720 1511 mutuose

60 1546 149 1602 nesta
168 1546 199 1601 et
217 1538 327 1623 pudica
354 1540 493 1612 creditur,
524 1540 582 1600 uisi
611 1537 689 1599 demi
721 1536 863 1599 conclusa
919 1538 1113 1618 inspicientes
1133 1539 1301 1612 observant,
1319 1548 1384 1603 uter
1404 1544 1721 1623 mugisseinolinaret,

58 1634 148 1705 vivat,
168 1632 243 1696 adeo
264 1638 296 1695 ut
317 1654 461 1715 nusquam
481 1636 577 1703 excat,
597 1630 676 1691 domi
691 1638 789 1691 autem
802 1647 861 1691 roa·
919 1637 950 1691 ot
975 1631 1018 1691 ita
1044 1630 1229 1711 frequentius
1249 1639 1338 1713 caput
1361 1636 1526 1697 alternatim
1550 1634 1718 1698 inclinando

58 1730 166 1789 nentes
184 1726 274 1787 telam
285 1724 437 1796 lubricant,
457 1725 545 1786 etlila
557 1728 637 1794 nent,
656 1721 728 1783 nibil
738 1740 862 1803 prorsus
919 1722 958 1783 de
977 1721 1089 1783 honoro
1109 1731 1288 1794 currecrtant,
1307 1724 1420 1802 hospes
1438 1725 1556 1787 tandem
1568 1728 1718 1791 discessu·

55 1820 135 1902 jnris
156 1820 321 1879 auctoritati
333 1840 409 1879 suae
422 1820 451 1879 iu
466 1816 592 1877 aedibus
611 1815 737 1887 babent,
757 1832 861 1874 omnes
918 1835 970 1876 rus
990 1826 1036 1876 ter
1055 1838 1091 1876 so
1110 1818 1210 1895 signat
1233 1836 1322 1877 eruco
1352 1818 1447 1894 priora
1472 1819 1562 1879 verba
1586 1839 1719 1880 reueren-

58 1912 137 1973 eoim
157 1912 275 1973 labores
295 1910 478 1971 domestioes
502 1912 582 1970 serui
601 1908 775 1978 absolvunt,
802 1926 860 1967 non
919 1915 965 1969 ter
984 1908 1147 1989 protereus,
1170 1908 1267 1970 salute
1293 1910 1460 1970 alterutrum
1484 1910 1553 1971 (lata
1578 1911 1647 1975 abit.
1685 1914 1719 1973 ln

58 2004 230 2065 verberatae
254 2024 274 2065 a
304 2005 416 2065 maritis
447 2003 610 2084 plerunque
642 2006 861 2081 conqueruntur
916 1999 1029 2063 bonore
1048 2000 1194 2081 captando
1215 2002 1410 2081 renaudoquo
1430 2002 1611 2065 mirabilibus
1630 2014 1719 2065 etan»

57 2102 89 2159 et
107 2094 212 2157 odioso
230 2101 408 2177 prosecutas
423 2094 534 2166 dicunt,
552 2092 860 2173 verberaquestgnum
917 2094 1098 2175 perstitiosis
1117 2096 1293 2155 ceremoniis
1309 2099 1439 2157 utuntur.
1461 2094 1620 2179 'l'enujoris
1631 2100 1719 2159 etia·

57 2189 169 2251 amoris
188 2192 299 2269 putant.
337 2184 486 2249 Basilicas
505 2208 581 2257 raro,
601 2188 695 2248 rarius
714 2187 802 2245 ctiam
821 2182 860 2244 nd
918 2185 1053 2246 sortunrm
1072 2186 1252 2258 bominibus,
1271 2188 1347 2249 iutra
1364 2193 1478 2269 portam
1496 2187 1625 2270 alicujus
1638 2209 1720 2269 prae·

59 2280 375 2361 amicorumculloquin,
387 2277 860 2359 commessationesquenisiornni
917 2280 1071 2340 stantioris
1095 2281 1148 2341 riri
1176 2282 1308 2360 equitare
1333 2300 1392 2341 nun
1420 2281 1499 2342 lieet.
1538 2284 1720 2360 insigniores

59 2375 233 2453 suspicione
253 2378 396 2443 carerent,
415 2378 448 2433 ut
467 2378 538 2453 pote
558 2371 682 2433 effectae
707 2368 859 2431 admittnn·
918 2370 1027 2431 demini
1047 2380 1078 2433 et
1099 2373 1267 2446 consiliarii,
1287 2372 1425 2452 vulgares
1443 2375 1533 2435 etiam
1543 2375 1660 2439 nobiles
1679 2377 1719 2436 in·

56 2474 115 2527 tur.
156 2464 256 2525 Certis
278 2471 377 2525 tamen
403 2471 434 2525 et
459 2464 576 2525 festivis
600 2468 718 2525 aestate
743 2461 859 2533 diebus,
917 2469 962 2524 tra
981 2465 1110 2543 privatos
1130 2467 1258 2547 parietes
1280 2464 1410 2545 quotidie
1430 2464 1620 2539 delitescunt,
1639 2473 1671 2527 ot
1689 2469 1718 2527 in

58 2558 136 2619 banc
155 2558 386 2639 praerogativam
408 2556 591 2619 exhilarandi
609 2552 858 2633 animigratiabu·
917 2557 1066 2639 publimrm
1085 2560 1181 2621 rarius
1201 2556 1355 2636 prodeunt,
1375 2578 1414 2619 eo
1432 2580 1489 2638 quo
1508 2560 1650 2641 majorem
1669 2580 1719 2621 au·

57 2653 145 2712 bont:
166 2650 282 2713 Omnes
301 2652 494 2711 communitor
512 2670 577 2709 cum
596 2649 714 2709 filiabus
734 2650 763 2707 in
783 2667 859 2707 cam·
918 2651 1081 2711 ctoritatem
1099 2652 1207 2729 suique
1226 2649 1454 2721 observantiam,
1483 2650 1563 2731 apud
1582 2650 1720 2731 populum

57 2742 278 2826 piariridlieris
298 2742 498 2813 deambulant,
517 2743 620 2821 ibique
633 2740 859 2819 superqundaru
918 2750 1079 2822 captarent,
1100 2743 1256 2821 nullusque
1283 2742 1420 2801 rurbilium
1447 2740 1485 2799 nd
1513 2748 1645 2819 quartam
1671 2744 1720 2803 vel

57 2836 142 2896 trabe
162 2836 279 2898 duabus
303 2837 379 2896 dnos
405 2835 500 2896 trabis
524 2834 750 2914 occupantibus,
775 2830 860 2891 ulter·
918 2836 1049 2913 quintam
1062 2826 1183 2895 'domurn
1205 2832 1299 2912 pedes
1317 2830 1510 2914 progreditur,
1528 2830 1719 2911 (quodetLb

59 2928 149 2987 natira
168 2947 286 2988 sursum
311 2947 348 2987 ao
374 2925 513 2985 deorsum
537 2932 705 2995 moventur,
729 2928 781 2983 aut
806 2922 860 2983 lre·
917 2924 1020 2986 thuani
1042 2926 1157 3007 quidam
1168 2944 1348 2987 assuescere
1360 2924 1537 3005 coeperunt)
1550 2924 1608 2985 nisi
1624 2944 1721 3005 equus

58 3020 199 3098 quentius
218 3018 318 3079 lunen
338 3020 368 3078 in
388 3016 476 3077 medii
497 3016 597 3076 circuli
617 3014 860 3077 modnmduobus
916 3018 1127 3097 subsequetur,
1139 3016 1229 3097 idque
1239 3036 1297 3077 non
1308 3022 1428 3099 propter
1440 3036 1536 3087 usum,
1555 3015 1613 3077 sed
1621 3022 1721 3078 osten·

56 3111 211 3191 stipitibus
229 3109 410 3191 appendunt,
420 3108 606 3188 desuperque
616 3107 782 3168 insidentes
792 3106 861 3167 binc
918 3110 1039 3171 tationis
1058 3130 1152 3172 ceusu
1171 3111 1291 3171 sedunt
1328 3106 1448 3171 Nobilis
1459 3111 1595 3189 quamvis
1606 3130 1720 3189 egenos

56 3208 89 3265 et
108 3202 178 3264 inde
196 3202 340 3284 inpulsae
359 3200 501 3263 seruntur.
539 3196 652 3261 Postea
684 3200 860 3281 quibusdam
918 3207 950 3263 et
967 3222 1080 3283 pauper
1104 3200 1200 3273 luerit,
1220 3208 1318 3263 tamen
1342 3202 1567 3281 ignominiosum
1592 3204 1652 3265 sibi
1669 3222 1720 3283 pu-

56 3296 149 3357 certis
181 3294 338 3357 cantilenis
361 3293 499 3357 manibus
522 3291 710 3373 pedibusque
733 3293 861 3375 complu·
917 3298 970 3365 tat,
990 3294 1018 3355 si
1037 3315 1126 3357 manu
1145 3294 1302 3357 laboraret.

57 3386 175 3458 dentes,
195 3386 404 3469 capitibusque
423 3384 606 3465 frequentina
621 3390 859 3447 merentesaese
992 3386 1215 3449 Pmoicctorum
1235 3387 1321 3467 pauci
1330 3386 1534 3449 anctoritatem
1542 3384 1665 3460 habent,
1676 3390 1719 3449 nt·

56 3478 216 3551 oblectant,
236 3478 285 3541 vel
303 3480 440 3541 menibus
459 3479 641 3539 seinvicem
667 3482 805 3539 tenentes
828 3483 860 3539 et
917 3480 989 3541 timo
1010 3481 1158 3562 supplicio
1179 3500 1248 3541 roos
1266 3477 1426 3561 plectendi,
1445 3482 1639 3541 omuesenim
1652 3500 1720 3541 cau·

57 3571 147 3633 simili
165 3569 254 3631 modo
274 3576 417 3633 mnontes
438 3570 564 3631 choreas
583 3572 612 3631 in
623 3590 726 3649 gyrum
737 3569 858 3633 ducunt.
917 3592 972 3635 sae
991 3578 1022 3631 et
1041 3574 1261 3635 controversiae
1280 3574 1310 3633 io
1320 3571 1506 3634 dioscoriam
1525 3570 1565 3633 ad
1584 3591 1719 3651 magunum

55 3663 143 3725 ilaec
160 3668 260 3725 autem
280 3661 466 3725 consuetudo
486 3664 644 3743 praecipue
657 3664 735 3723 cirea
750 3662 858 3723 festum
916 3662 1034 3725 Ducem
1053 3664 1379 3744 consiliariosquesuos
1393 3660 1574 3726 deteruntur.
1592 3661 1720 3724 Exaub·

56 3755 139 3817 Petri
158 3760 189 3817 et
197 3754 285 3817 Pauli
304 3755 516 3836 Apostolorum
533 3754 645 3835 aliquot
654 3753 860 3825 hebdomadis,
918 3754 988 3817 ditis
999 3776 1084 3817 nemo
1095 3756 1224 3833 aliquem
1240 3762 1376 3835 torquere
1386 3754 1487 3825 audet,
1497 3755 1632 3836 cujusvis
1642 3756 1719 3813 enim

57 3849 97 3910 ab
117 3848 254 3909 omnibus
273 3846 424 3909 Rutbonis
443 3848 609 3929 promiscuo
629 3846 811 3907 observatur.
918 3847 1096 3909 conditionis
1116 3848 1323 3911 malelaetnres
1341 3864 1468 3923 magnus
1486 3844 1560 3906 Dux
1579 3845 1627 3905 rel
1642 3844 1720 3905 Con·

133 3940 238 4001 Aedes
257 3939 320 4001 lere
344 3960 450 4001 omues
479 3939 561 4021 apud
577 3938 771 4009 dioscoritas,
798 3942 860 3997 tam
917 3940 1019 4003 siliarii
1037 3942 1218 4021 principales
1237 3939 1321 3999 morti
1331 3936 1503 4019 adjudicare
1522 3936 1719 3997 aolent.Pau-

57 4035 89 4093 in
107 4032 205 4113 pagis,
233 4050 322 4110 quarn
351 4032 383 4091 in
412 4032 581 4093 ciuitatibus
607 4028 861 4091 iesubaedificatis
916 4032 1037 4110 peribus
1057 4052 1114 4091 uon
1134 4052 1255 4112 semper
1274 4032 1358 4109 patet
1382 4027 1422 4089 ad
1441 4046 1578 4107 magnum
1602 4024 1719 4091 Ducem

56 4122 262 4201 promptuariis
281 4122 470 4205 cellariisque
493 4144 623 4204 superno
647 4122 797 4193 locantur,
821 4118 860 4181 ad
914 4123 1025 4195 aditus,
1043 4122 1101 4183 aed
1126 4123 1165 4185 ad
1185 4120 1395 4193 Consiliurios,
1418 4120 1505 4199 isque
1530 4118 1719 4191 dilicilimus,

55 4232 135 4294 quas
160 4232 215 4292 per
238 4212 349 4289 gradus
372 4214 555 4279 ascenditur.
593 4213 740 4285 Quamuis
761 4218 858 4273 autem
914 4214 994 4277 unde
1014 4216 1111 4277 omnis
1125 4216 1245 4297 justitie
1264 4230 1369 4291 magna
1388 4232 1427 4273 ex
1439 4217 1524 4295 parte
1534 4214 1718 4295 tenujoribus

56 4304 210 4367 vestibulo
228 4304 344 4365 aedium
363 4306 440 4365 satis
463 4308 561 4389 ampla
586 4312 617 4367 et
640 4304 701 4369 ulta
720 4302 858 4375 habeant,
914 4308 1030 4369 renatis
1050 4308 1091 4369 lit.

55 4398 140 4459 iores
153 4408 251 4456 tamon
261 4394 471 4457 habitationum
481 4397 659 4459 humillimas
672 4396 792 4460 iaciunt.
811 4398 858 4458 lta
992 4398 1106 4461 Comani
1125 4396 1340 4469 sirePraetnr,
1359 4396 1411 4476 qui
1429 4416 1587 4477 porsonam
1602 4396 1718 4479 judiois

55 4500 90 4553 ut
111 4492 303 4567 ingressurus
321 4488 468 4567 quispiam
491 4490 632 4553 inclinare
652 4494 683 4551 et
701 4488 857 4551 demittere
913 4493 1044 4564 obtinet,
1072 4514 1092 4552 s
1110 4510 1216 4569 magno
1235 4489 1375 4571 Principe
1394 4490 1425 4549 in
1444 4510 1621 4569 unaquaque
1641 4490 1716 4568 prin·

56 4602 93 4643 so
111 4592 241 4661 cogatur.
264 4580 298 4640 ln
317 4578 443 4657 singulis
462 4578 693 4645 habitationibus
711 4583 857 4664 imagines
912 4584 999 4667 cipuli
1007 4585 1127 4647 civitate
1137 4583 1296 4655 ordinatur,
1309 4581 1456 4662 gentiliter
1468 4580 1600 4641 Ocolnik
1608 4579 1716 4640 dictus.

56 4673 199 4737 Diuorum
218 4676 249 4735 in
268 4670 377 4733 tabulis
396 4673 491 4751 pictas
510 4670 576 4733 loro
601 4674 858 4739 honorificentiore
989 4676 1135 4739 Vestibus
1155 4696 1260 4737 omnes
1279 4676 1416 4753 oblongis
1434 4674 1549 4751 absque
1569 4671 1658 4749 plicis
1677 4670 1717 4731 ad

55 4768 133 4827 sitas
143 4764 262 4838 babent,
273 4764 433 4847 praecipuo
442 4769 539 4825 autom
553 4762 857 4850 D.Nicolai,psaaio·
912 4758 991 4831 talos
1009 4768 1152 4831 demissis
1172 4773 1307 4835 utuntur,
1327 4766 1487 4845 praecipue
1507 4782 1576 4821 vero
1596 4762 1717 4823 lazurini

54 4858 105 4919 nia
125 4858 247 4930 Christi,
264 4854 378 4917 Mariae
399 4857 529 4935 virginis,
554 4864 585 4917 et
610 4856 646 4919 S.
666 4860 763 4921 Petris
790 4862 857 4921 bas·
912 4862 960 4921 rel
979 4862 1041 4923 albi
1061 4861 1180 4921 coloris.
1224 4858 1328 4919 Pileos
1346 4857 1434 4916 albos
1453 4857 1587 4935 apicatos
1607 4859 1716 4917 crusta·

53 4971 115 5031 que
132 4952 258 5013 maximo
278 4948 390 5009 bonore
409 4953 635 5029 prosequuntur,
654 4954 750 5032 etpro
764 4952 857 5014 Pena·
911 4958 1020 5032 toaque
1045 4972 1085 5013 ex
1109 4952 1179 5013 tana
1203 4956 1307 5013 coacta
1331 4951 1465 5027 gestent,
1494 4947 1592 5008 ocreis
1611 4967 1716 5011 ornnes

54 5044 136 5103 tibus
157 5048 342 5113 reiteraretur,
362 5062 429 5103 curn
448 5046 546 5101 autem
568 5060 646 5103 unus
664 5040 754 5103 niiurn
773 5064 857 5105 aece-
913 5044 977 5106 iere
996 5044 1113 5115 rubeis,
1131 5044 1229 5121 iisque
1246 5039 1444 5109 breuioribus,
1464 5057 1715 5121 quaegenuanon

55 5130 112 5204 ⁰¹t,
132 5135 287 5211 ingressus
306 5134 505 5197 babitaculum
518 5154 575 5193 non
587 5135 687 5195 statim
697 5132 856 5199 Dominum
913 5137 1061 5213 attingunt
1081 5138 1213 5201 utuntur,
1233 5150 1352 5211 quamn
1373 5134 1474 5193 soleas
1493 5134 1523 5193 in
1533 5132 1633 5213 digitis
1645 5155 1712 5215 pau·
