3742 5626
767 115 1036 175 couunnmau.
1072 188 1076 194 .
1695 122 1729 178 aa

75 276 292 359 Apostolorum,
312 281 345 335 ut
365 281 412 335 cst
431 275 458 334 in
482 273 605 333 Conone
617 270 726 333 thV.
746 271 784 332 do
805 269 871 331 sah-

75 371 163 431 hatho
183 371 304 431 dicens:
338 368 371 427 Si
391 366 627 428 Ecclesiasticus
654 367 791 426 inventus
810 362 872 423 luo-

74 467 118 534 rit,
144 466 193 544 qui
222 464 270 522 dio
290 461 445 522 Dourinico
471 459 519 520 vel
543 459 691 520 sabbatho
712 461 871 541 jejunaret,

75 569 189 635 praeter
209 553 382 616 sabbathum
403 574 548 632 magnum,
568 552 758 630 degradetur:
778 552 804 609 si
821 572 870 612 au·

73 662 130 708 tem
152 650 297 708 secularis
316 646 403 707 homo
425 647 521 717 sirarit,
541 647 820 711 excommunicetur,
841 648 872 703 ot

72 745 110 803 ah
131 742 269 803 Ecclesia
288 744 467 823 sejungatur.
508 739 678 801 Sccondunr
699 745 761 799 crat
781 738 870 818 dejc-

68 838 164 917 junio‚
186 836 264 915 equod
284 856 338 893 vos
359 835 555 913 corrumpitis.
598 832 656 894 Est
672 831 870 892 ,lacebitarum

73 940 103 987 et
125 931 324 989 Armeniorum
346 927 495 999 haeresis,
522 927 570 1006 qui
597 926 673 986 lacte
699 930 729 984 et
754 926 820 984 ovis
840 925 869 983 in

73 1029 175 1082 saincte
191 1025 305 1105 jojmrio
327 1042 433 1099 magno
455 1025 585 1089 utuntur3
606 1019 759 1099 quisenim
780 1036 871 1081 uerus

73 1115 259 1176 Christianus
286 1115 377 1175 audct
404 1115 445 1173 ita
466 1113 562 1174 lacero
584 1119 613 1172 ot
632 1110 781 1190 cogitaret
813 1109 870 1170 he·

70 1210 129 1283 gite
158 1209 299 1268 (lenones
326 1212 430 1267 sextae
462 1227 585 1283 magnae
604 1204 735 1284 Synodi,
760 1204 789 1262 in
814 1223 872 1282 qua

72 1300 249 1380 Daphauius
270 1301 353 1379 Papa
374 1306 483 1366 vester,
504 1320 540 1358 ea
559 1297 705 1378 prohibet.
731 1295 871 1373 Nospro·

72 1395 166 1463 lecto,
187 1415 251 1453 com
276 1395 504 1462 resciverarrurs,
525 1393 553 1451 in
573 1391 726 1461 Armenia,
755 1395 785 1449 et
803 1389 872 1449 aliis

71 1486 246 1566 quibusdam
268 1487 358 1554 locis,
378 1486 442 1543 ovis
463 1491 493 1545 et
513 1505 603 1545 caseo
624 1485 652 1543 in
672 1502 778 1560 magno
793 1484 870 1563 jeju·

75 1581 122 1637 nio
145 1580 235 1648 nesci,
256 1579 365 1638 nastris
377 1577 454 1637 illico
468 1576 677 1646 mandavimus,
697 1585 728 1634 nt
739 1576 778 1634 ab
792 1577 870 1656 ejus·

73 1671 147 1730 modi
169 1673 234 1730 cibo
254 1679 342 1750 atquc
368 1671 445 1728 omni
467 1668 553 1728 imolo
579 1669 795 1728 daemoniorum
819 1669 869 1729 ab·

70 1765 227 1824 stincrent:
248 1787 264 1823 a
285 1764 392 1843 quihus
413 1763 436 1821 si
457 1762 525 1840 quin
547 1783 604 1821 nou
624 1762 804 1833 abstineret,
830 1763 868 1822 ab

69 1856 206 1917 Ecclesia
225 1865 428 1934 soporaretur:
448 1856 474 1912 si
494 1855 646 1926 sacerdos,
666 1859 790 1916 asseris
803 1877 869 1917 sus·

70 1949 254 2029 penderetur.
290 1949 410 2008 'l'ertins
430 1954 582 2029 practerea
602 1950 743 2009 maximus
763 1961 812 2010 est
826 1970 869 2011 or·

69 2064 115 2102 ror
135 2054 165 2101 et
186 2054 348 2122 peccatum,
370 2042 407 2101 de
428 2042 563 2122 conjugio
574 2041 770 2114 sacerdotum,
790 2043 869 2123 quod

69 2137 105 2196 ab
126 2138 185 2196 illis
205 2137 254 2216 qui
276 2157 385 2195 rixores
405 2135 524 2205 habent,
544 2155 662 2194 sumere
682 2155 790 2215 eorpus
810 2135 869 2195 Do·

69 2230 136 2287 mini
156 2231 294 2288 renuitis:
327 2249 391 2287 crim
412 2228 695 2306 sanctasynodus,
716 2249 792 2307 quac
813 2229 869 2289 suit

68 2324 97 2381 in
118 2321 245 2399 Gangre,
265 2322 384 2390 scribet,
406 2324 434 2381 in
446 2327 549 2402 quarto
561 2322 698 2400 Canope:
720 2319 869 2403 Quispor·

69 2417 110 2473 nit
130 2415 322 2486 sacerdotem,
343 2415 506 2475 secundum
522 2417 617 2491 legem
628 2435 745 2476 uxorem
758 2414 868 2477 haben·

69 2515 138 2577 tem,
163 2516 192 2568 et
211 2508 290 2578 dicit,
311 2508 388 2588 quod
411 2530 467 2568 non
489 2509 576 2569 liceat
597 2528 633 2566 ex
653 2508 867 2590 manibusejus

69 2602 205 2680 accipere
225 2603 457 2672 Sacramentum,
477 2604 517 2661 sit
535 2600 700 2664 anathema.
728 2603 798 2661 ltem
810 2602 866 2682 Sy·

69 2693 164 2753 nodus
193 2694 278 2753 dicit:
319 2693 426 2754 Omnis
466 2695 624 2764 diaconus,
653 2696 698 2756 vol
724 2695 866 2756 sacerdos

67 2788 217 2846 dimittens
237 2788 377 2865 propriam
400 2808 530 2856 uxorem,
552 2791 678 2865 privetur
689 2789 866 2854 sacerdotio.

69 2879 214 2951 Quartum
235 2887 385 2960 peccatam
406 2887 467 2941 eret
487 2883 626 2952 inunctio,
647 2902 701 2941 seu
718 2883 864 2943 confirma·

67 2975 119 3032 tio.
160 2972 226 3033 Non
249 2994 286 3033 ne
306 2973 414 3055 ubique
434 2974 539 3053 dicitnr
564 2975 592 3033 in
615 2973 761 3053 Synodis:
789 2974 864 3036 Coo·

69 3067 153 3125 hteor
174 3087 260 3125 ιιιιιιιιι
282 3068 435 3145 baptisma,
458 3068 709 3127 inremissionem
731 3077 864 3150 pcccato-

65 3160 147 3220 rum?
168 3160 202 3220 Si
222 3181 290 3238 crgo
311 3166 359 3221 est
377 3182 465 3221 unum
486 3161 639 3238 baptisma,
659 3161 714 3221 erit
732 3168 864 3224 etenum

65 3252 203 3322 chrisma,
223 3260 253 3312 et
277 3255 369 3314 virtus
397 3255 500 3314 eadem
526 3259 584 3314 tam
609 3253 751 3335 Episcopi
777 3278 863 3337 qnam

65 3345 237 3409 sacerdotis.
278 3345 408 3419 Quintus
428 3353 476 3407 est
495 3369 575 3408 error
594 3348 631 3408 de
651 3350 778 3428 azymis:
813 3351 863 3430 qui

66 3440 181 3518 quidem
198 3462 278 3501 error
291 3448 336 3501 est
348 3442 518 3522 principium
540 3447 570 3502 et
589 3441 673 3502 radix
692 3443 783 3503 totius
794 3442 862 3504 hac·

66 3534 151 3603 rosis,
169 3536 256 3595 sicuti
278 3534 493 3606 demonstrabo,
503 3541 544 3599 ,et
558 3555 723 3616 quanquam
735 3555 863 3597 necesso

64 3632 148 3686 esset
167 3627 226 3687 huc
252 3628 359 3689 multas
386 3627 534 3689 adducere
560 3629 737 3709 scripturas,
762 3634 860 3691 tamen

63 3718 94 3777 id
113 3719 189 3779 alias
209 3719 321 3793 faciam,
343 3728 372 3781 et
391 3723 420 3781 io
441 3723 672 3800 praesentiarum
684 3722 860 3785 hoctaotum

63 3813 174 3873 dicam:
197 3811 275 3884 Quia
292 3817 386 3894 azymi
413 3837 432 3876 a
450 3814 570 3876 ludaeis
600 3816 671 3877 fiunt
698 3817 726 3876 iu
753 3838 860 3877 memo·

62 3908 133 3966 riam
155 3907 336 3968 liberationis
357 3929 465 3979 eorum,
485 3916 515 3970 ct
536 3909 623 3988 togae
648 3930 686 3970 ex
706 3910 861 3992 Aegypto:

63 4019 121 4057 nos
144 4006 240 4060 autem
267 4001 360 4061 semel
386 4001 544 4063 Christiani
569 4023 688 4072 sumus,
715 4023 859 4083 nunquan

63 4093 93 4150 in
121 4091 219 4153 laboro
244 4096 453 4175 Aegyptiorum
486 4096 609 4166 luimus,
637 4101 667 4156 ct
691 4095 859 4177 hujusmodi

62 4184 236 4246 ludaeorum
262 4187 299 4248 de
325 4189 485 4260 sabbatho,
511 4191 639 4269 asymis,
665 4195 695 4250 et
720 4191 859 4252 circunci-

60 4280 146 4337 siooe
178 4280 413 4354 ohservationes,
448 4284 535 4345 nobis
563 4283 760 4345 obmitteodas
789 4305 859 4345 esse

61 4371 226 4432 mandatum
248 4381 303 4435 est.
321 4375 361 4436 Et
380 4378 406 4436 si
426 4377 533 4457 aliquis
551 4387 693 4456 sequatur
711 4398 799 4439 unum
820 4399 859 4439 cx

60 4465 129 4537 illis,
147 4469 235 4528 sicuti
256 4467 326 4528 dicit
345 4476 468 4530 sanctus
490 4469 602 4530 Paulus
627 4475 742 4531 tenetur
768 4476 858 4531 totam

58 4559 155 4636 legem
177 4561 305 4641 implere,
326 4561 432 4622 codem
452 4564 598 4640 Apostolo
618 4563 749 4624 dicente:
788 4563 857 4626 Fra·

56 4658 130 4721 tres,
151 4674 206 4732 ego
227 4657 329 4737 accepi
350 4679 367 4716 a
387 4655 525 4724 Domino,
545 4656 622 4735 qnod
644 4663 673 4717 et
693 4657 797 4719 tradidi
808 4680 856 4718 vo·

57 4746 121 4805 bis:
140 4750 209 4827 quia
230 4747 375 4810 Dominus
395 4751 424 4810 in
445 4769 503 4829 quo
516 4755 602 4809 nocto
613 4750 789 4822 tradebatur,
809 4772 857 4812 ac·

57 4843 136 4918 cepit
156 4863 271 4922 panem,
293 4844 453 4914 benedixit,
476 4843 676 4911 sanctificavit,
698 4843 799 4923 tregit,
825 4838 855 4906 el

56 4932 138 4994 dedit
147 4938 260 4997 sanctis
271 4937 433 5015 discipulis,
455 4937 567 5006 dicens,
588 4936 724 5016 Accipite
733 4944 763 4998 at
777 4960 853 4999 man·

55 5024 173 5100 ducato,
199 5037 258 5093 ote.
293 5030 456 5093 Considera
483 5030 554 5111 quid
578 5029 660 5099 dioo3
688 5052 745 5091 noo
769 5031 853 5104 dixit,

55 5119 204 5184 Dominus
224 5126 376 5206 accipiens
395 5146 508 5206 asyma,
527 5125 583 5187 sed
609 5144 723 5205 paoem.
763 5122 852 5196 Quod

932 270 981 330 illo
1001 277 1134 354 temporo
1155 291 1211 333 uec
1231 270 1326 350 azymi
1352 276 1444 341 crant,
1466 291 1521 332 noc
1546 274 1654 350 pascha
1681 277 1729 335 he·

931 364 990 428 bat.
1012 384 1067 424 nec
1085 362 1231 424 Dominus
1250 369 1319 423 tunc
1339 364 1511 427 comedebat
1538 365 1659 428 Pascha
1677 369 1729 429 ,lo-
1841 426 1847 435 .

931 456 1080 528 dacorum,
1099 463 1130 517 ut
1151 457 1234 518 daret
1253 477 1358 537 azyma
1378 459 1549 538 Apostolis,
1576 461 1730 540 probabile

931 555 978 609 est
999 571 1050 629 per
1069 549 1136 621 hoc,
1163 549 1241 628 quod
1266 551 1440 612 ludaeorum
1467 550 1587 613 Pascha
1617 555 1727 615 stando

931 643 961 700 ht
981 649 1010 701 et
1030 642 1205 703 comeditur:
1226 644 1305 723 quod
1325 645 1353 704 in
1375 643 1484 704 Christi
1505 664 1664 707 coenanon
1679 648 1728 708 fia·

930 736 988 804 bat,
1008 741 1040 794 ut
1061 735 1212 814 Scriptura
1231 737 1310 808 dicit,
1330 737 1583 800 Recumbcntibus
1604 742 1649 800 cis
1662 761 1727 802 cum

929 827 1099 902 duodecim3
1127 831 1212 902 item,
1237 836 1267 897 et
1292 830 1456 911 discipulus
1482 833 1615 893 recubuit
1638 854 1728 913 super

929 927 1033 1001 pectus
1054 923 1149 1003 ipsius
1171 925 1200 983 in
1221 944 1328 986 coena.
1347 922 1422 984 Nam
1450 925 1526 1003 quod
1554 927 1620 1006 ipse
1647 927 1727 998 dixit,

929 1014 1086 1076 Desiderio
1117 1015 1284 1078 desideravi
1315 1016 1374 1077 hoc
1400 1016 1517 1078 Pascha
1551 1019 1727 1081 manducare

929 1109 1098 1169 vobiscum:
1118 1110 1291 1172 ludaeorum
1303 1110 1415 1190 pascha
1429 1131 1485 1170 non
1497 1111 1638 1190 intelligit.
1648 1113 1726 1190 quod

928 1206 997 1260 ante
1018 1220 1135 1281 semper
1154 1203 1327 1264 comedebat
1347 1224 1413 1264 com
1427 1205 1513 1284 ipsis.
1533 1203 1641 1285 Neque
1661 1227 1725 1266 cum

930 1292 1008 1363 dicit,
1035 1294 1100 1354 Hoc
1125 1295 1212 1356 tacite
1241 1299 1268 1357 in
1296 1319 1388 1357 meam
1415 1300 1727 1372 commemorationem,

930 1387 1100 1446 necessitati
1114 1387 1248 1458 faciendi,
1267 1396 1402 1470 tanquam
1413 1391 1591 1452 ,ludaeorum
1605 1391 1727 1471 Pascha

930 1485 1023 1551 esset,
1045 1480 1182 1562 imponit:
1208 1502 1303 1560 neque
1322 1503 1425 1562 azyma
1447 1485 1520 1556 illis,
1545 1485 1601 1545 sed
1619 1507 1725 1566 panem

928 1571 988 1641 dat,
1009 1593 1076 1632 eom
1098 1571 1177 1645 dicit,
1198 1573 1283 1636 Ecce
1303 1577 1484 1656 panisque·
1496 1599 1551 1656 ego
1571 1578 1610 1638 do
1630 1581 1725 1650 rolris,

928 1666 1060 1725 similiter
1079 1665 1246 1730 adiudam:
1268 1667 1324 1728 Coi
1344 1688 1399 1746 ego
1419 1667 1496 1727 dabo
1514 1690 1621 1748 panem
1641 1675 1726 1732 intin-

927 1779 1002 1836 gens
1022 1761 1051 1817 in
1072 1760 1128 1829 sal,
1149 1760 1215 1840 ipsc
1235 1767 1283 1819 est
1302 1761 1460 1820 traditurus
1481 1782 1537 1820 me.
1575 1764 1609 1823 Si
1628 1768 1723 1826 autem

927 1851 1025 1910 dicitis
1051 1853 1137 1912 istam
1165 1853 1321 1925 rationem,
1347 1852 1431 1934 qnod
1457 1875 1513 1914 nos
1540 1856 1725 1920 celebramus

928 1947 956 2004 in
976 1947 1099 2024 azymis,
1119 1946 1187 2022 quia
1209 1946 1287 2005 nulla
1308 1953 1355 2006 cst
1374 1949 1570 2009 terrestreitas
1589 1951 1636 2010 rel
1649 1972 1724 2012 com·

927 2039 1024 2098 mixtio
1045 2039 1073 2097 in
1095 2037 1219 2098 divinist'
1238 2058 1290 2098 cur
1310 2038 1469 2101 divinitatis
1490 2042 1570 2101 obliti
1591 2046 1674 2117 estis,
1695 2051 1725 2106 et

926 2133 1081 2210 sequimini
1098 2132 1183 2192 ritum
1202 2132 1390 2206 ludaeorum,
1409 2133 1594 2197 ambulantes
1613 2139 1642 2196 in
1657 2137 1725 2199 hne-

927 2227 985 2284 resi
1015 2225 1110 2306 ipsius
1136 2224 1254 2296 tuliani,
1288 2225 1464 2297 hlabumcti,
1490 2232 1519 2287 ct
1542 2228 1724 2307 Apollinaris
1785 2282 1790 2305 .,

922 2317 1132 2388 'Laodicensis
1158 2324 1187 2377 et
1211 2318 1297 2379 Pauli
1325 2319 1404 2402 Syrii
1431 2321 1668 2394 Samosatonsis‚
1694 2331 1724 2386 et

925 2410 1077 2491 Eutychii,
1098 2418 1129 2472 et
1142 2411 1294 2484 Diosterii,
1319 2413 1498 2496 aliorumque
1515 2417 1565 2495 qui
1592 2424 1674 2479 orant
1693 2421 1722 2480 in

925 2511 1012 2565 sexta
1032 2504 1156 2585 Synodo
1176 2504 1414 2587 depravatissimi
1432 2507 1583 2580 haeretici,
1602 2511 1722 2573 diaboli·

926 2618 1019 2677 coque
1038 2600 1144 2680 spiritu
1163 2599 1288 2680 repleti?
1309 2600 1420 2662 Sextus
1440 2601 1566 2681 denipue
1577 2613 1722 2679 errorest,

925 2691 963 2752 dc
975 2693 1087 2770 Spiritu
1098 2698 1210 2753 sancto.
1232 2691 1386 2763 eromodo
1403 2697 1479 2754 enim
1490 2694 1602 2768 dicitis,
1624 2698 1721 2760 Credo

916 2784 1019 2846 Deum
1044 2795 1154 2866 patrem
1181 2791 1212 2844 et
1238 2785 1341 2857 lilium,
1366 2793 1396 2847 et
1420 2788 1552 2866 spiritum
1577 2798 1721 2864 sanctum,

924 2880 973 2958 qui
995 2900 1013 2940 a
1034 2884 1115 2957 patro
1136 2883 1166 2938 et
1187 2879 1246 2938 hlio
1265 2879 1397 2961 procedi.
1434 2880 1571 2943 Mirabile
1591 2891 1638 2944 ost
1658 2907 1720 2964 pro·

924 2971 1010 3042 lecto,
1029 2977 1058 3030 et
1078 2970 1253 3033 horrendum
1273 2972 1369 3034 dictu:
1396 2975 1476 3055 quod
1495 2973 1613 3036 audetis
1632 2977 1718 3039 tidem

924 3070 1109 3146 pervertere:
1141 3086 1207 3127 cum
1231 3067 1269 3127 ab
1297 3069 1379 3128 initio
1405 3089 1456 3146 per
1481 3070 1649 3133 universum
1675 3093 1718 3132 or-

924 3161 1001 3229 bern,
1021 3161 1051 3219 in
1072 3160 1208 3219 omnibns
1231 3158 1461 3222 Christianorum
1488 3163 1625 3224 ecclesiis
1650 3185 1718 3226 con-

921 3259 1034 3313 stanter
1053 3263 1188 3314 conatur:
1211 3252 1308 3314 Credo
1328 3256 1357 3315 in
1371 3255 1504 3331 spiritum
1524 3266 1668 3331 sanctum,
1688 3266 1719 3321 ct

921 3346 1078 3407 Dominum
1100 3347 1304 3418 vivificantem,
1325 3352 1354 3408 ct
1373 3356 1487 3428 epatre
1499 3350 1717 3430 procedentem,

921 3441 970 3519 qui
991 3460 1057 3500 cunr
1078 3446 1160 3520 patro
1180 3446 1210 3500 et
1230 3441 1290 3501 lilio
1315 3441 1403 3501 simul
1423 3441 1559 3502 adoratur
1585 3452 1615 3504 et
1632 3446 1718 3523 glori·

920 3534 1029 3594 ficator.
1072 3530 1171 3603 Quare
1196 3535 1284 3613 igitur
1316 3555 1369 3595 vos
1402 3556 1460 3595 non
1487 3535 1602 3608 dicitis,
1629 3541 1716 3601 sicuti

920 3628 968 3687 alii
990 3626 1148 3690 Christiani
1169 3645 1286 3688 omnes:
1317 3627 1372 3688 sod
1398 3628 1568 3689 additiones
1598 3633 1718 3706 ponitis,

920 3726 949 3779 et
970 3741 1072 3782 novam
1092 3719 1241 3781 adducitis
1260 3721 1431 3793 doctrinam,
1452 3741 1516 3780 cum
1528 3725 1624 3780 tameo
1638 3725 1717 3805 Apo·

919 3814 1015 3875 stolus
1036 3813 1128 3875 dicat:
1147 3814 1182 3875 Si
1202 3817 1269 3896 quis
1289 3814 1509 3874 annunciaverit
1520 3813 1615 3884 vobis,
1635 3837 1717 3896 prae·

919 3906 963 3967 ter
984 3929 1020 3969 ea
1040 3928 1116 3988 quac
1136 3909 1223 3970 robis
1242 3907 1376 3976 diximus,
1395 3904 1550 3968 anathema
1571 3909 1620 3968 sit.
1654 3908 1718 3974 Uti.

921 4022 984 4061 nam
1007 4020 1063 4061 vos
1087 4020 1145 4061 noo
1172 4000 1326 4060 incurratis
1353 3999 1439 4060 istam
1470 3999 1713 4067 maledictionem.

918 4093 1048 4153 Difficile
1068 4097 1116 4153 est
1135 4093 1226 4163 enim,
1248 4097 1278 4152 ct
1297 4091 1489 4166 horrendum,
1510 4094 1568 4157 Dei
1593 4099 1716 4180 scriptu·

919 4207 989 4255 rara,
1009 4186 1204 4265 compositam
1221 4205 1272 4265 per
1281 4192 1411 4258 sanctos,
1431 4196 1597 4269 permutare
1613 4198 1642 4253 et
1653 4215 1713 4273 per·

917 4287 1040 4340 vertere
1065 4277 1200 4339 Nescitis
1212 4299 1297 4359 qnam
1312 4281 1456 4342 maximus
1469 4285 1508 4343 sit
1518 4304 1605 4347 error.
1637 4285 1714 4348 Nam

917 4372 992 4434 duas
1012 4373 1145 4444 virtutes,
1165 4371 1240 4433 duas
1259 4373 1435 4445 voluntates,
1455 4381 1485 4434 et
1503 4376 1559 4436 dua
1574 4379 1714 4458 principia

916 4466 954 4527 de
973 4473 1076 4528 sancto
1096 4469 1201 4549 sptritu
1223 4466 1389 4539 adducitis„
1408 4468 1572 4531 adimentes
1583 4477 1613 4530 ct
1631 4473 1713 4550 pomi

916 4562 1061 4622 faciontes
1084 4563 1151 4644 ejus
1162 4560 1311 4633 honorem,
1332 4569 1362 4623 ct
1375 4562 1491 4624 haeresi
1503 4561 1713 4623 blachidooiae

916 4655 1082 4717 conformes
1102 4656 1190 4717 estis:
1212 4655 1289 4735 quod
1309 4657 1399 4719 absit.
1420 4655 1493 4724 Oro,
1514 4661 1543 4714 et
1564 4674 1608 4712 me
1631 4655 1712 4717 incli-

915 4772 952 4810 ιιο
982 4750 1019 4810 ad
1046 4755 1166 4810 sanctos
1192 4749 1286 4831 pedes
1312 4755 1395 4821 tuos,
1424 4755 1456 4807 ut
1480 4749 1518 4806 ab
1544 4746 1711 4828 hujusmodi

915 4845 1061 4905 erroribus
1081 4845 1130 4924 qui
1151 4845 1300 4904 intervos
1320 4848 1398 4911 sunt,
1419 4859 1525 4899 cesses
1538 4846 1568 4900 ot
1588 4845 1711 4908 maxime

912 4939 950 4999 ab
969 4939 1082 5016 nynia
1107 4937 1269 4997 abstineas.
1297 4932 1384 4991 Volui
1404 4933 1491 4994 ellam
1511 4933 1620 5017 dllquld
1640 4941 1712 5001 serl-

911 5033 982 5092 bera
1001 5029 1040 5091 do
1059 5029 1212 5091 suffocatis
1231 5033 1261 5087 et
1280 5024 1437 5087 immundis
1464 5030 1652 5103 animalibus,
1679 5040 1709 5096 et

911 5125 949 5184 de
959 5122 1112 5184 monachia
1122 5120 1281 5182 edentibus
1293 5141 1413 5185 carnes:
1424 5123 1478 5185 sed
1492 5124 1531 5186 dc
1543 5125 1591 5186 his
1603 5133 1709 5208 postea
