3742 5626
97 162 153 225 aut

103 322 155 391 sit,
172 318 251 381 unde
269 340 402 391 sacrum,
427 321 671 399 ceremoniasque
696 318 763 381 illas
790 316 906 394 coaspi-

104 431 249 473 cereurus.
273 414 314 473 At
333 434 431 493 neque
449 412 667 494 Episcoporum
692 413 735 489 (si
760 408 907 493 Episcopi

104 504 223 567 dicendi
241 506 442 581 sacrosacris
467 506 629 577 interesse,
656 526 753 586 nequo
781 507 811 565 in
836 510 908 565 tem·

104 596 186 679 plum
204 616 269 659 caua
290 598 397 659 lllosco
418 598 478 659 ulia
489 598 603 659 rationo
618 599 732 677 ingredi
745 598 909 659 voluimus:

106 690 186 761 licet,
204 691 342 770 quonlam
361 692 392 752 id
412 693 505 753 libere
524 710 623 753 coram
642 712 680 753 eo
700 692 853 771 Principe,
873 707 909 747 ac

107 788 190 845 tanta
209 782 394 845 multitudino
413 784 636 855 recumbamus,
655 805 743 847 nemo
764 804 822 845 nou
848 782 910 843 exi·

107 876 243 941 staura
260 880 358 937 actum
384 876 521 939 esseda
546 879 648 939 nobist
686 878 789 961 plures
812 880 910 937 autem

109 968 148 1029 do
165 972 249 1029 tauta
268 968 320 1029 illa
339 970 488 1049 opinione,
512 990 600 1051 quam
626 970 666 1031 de
689 992 746 1033 aaa
770 970 912 1047 religiono

109 1070 323 1141 conceperant,
349 1060 499 1125 haesitare
530 1064 704 1145 inciperent.
752 1062 912 1131 Rationes,

109 1172 185 1235 quaa
206 1156 234 1215 ci
254 1160 314 1217 tura
335 1155 454 1237 publice
463 1156 624 1228 attulimus,
639 1176 809 1237 causasque
818 1154 912 1216 altero

109 1247 220 1329 scripto
240 1249 441 1330 exposuimus,
462 1270 584 1329 quamn
604 1250 760 1331 potissima
779 1247 849 1319 tuit,
874 1266 913 1308 ae

111 1341 223 1402 missus
241 1362 259 1401 a
281 1342 314 1403 V.
334 1340 371 1403 B.
392 1342 508 1403 uiderer
526 1342 577 1403 illa
594 1342 766 1421 approbare,
787 1347 819 1401 et
841 1339 912 1422 Epi-

111 1450 234 1512 scopos,
259 1432 298 1492 ab
323 1432 399 1495 sede
424 1434 600 1517 Apostolica
631 1455 688 1496 uon
715 1434 913 1505 confirmatos,

112 1522 281 1585 honoreac
301 1528 467 1589 reuerentia
484 1529 634 1609 prosequi,
660 1550 782 1609 quorun
808 1548 915 1589 mnus

112 1620 144 1677 et
162 1614 309 1698 Princeps
327 1638 364 1679 ac
384 1621 507 1699 quilibet
527 1621 613 1691 alius,
633 1623 848 1703 capiterersus
862 1618 914 1681 bu·

113 1728 192 1769 mum
213 1708 354 1783 demisso,
373 1715 474 1777 soleat
493 1713 669 1777 deosculari.
690 1712 731 1775 Et
750 1732 914 1794 veroprae·

113 1808 159 1863 ter
179 1800 404 1884 monopolitan,
422 1827 480 1869 sex
497 1808 574 1868 alios
588 1812 763 1867 evocaverat
788 1806 917 1889 Episco-

115 1916 180 1977 pus,
200 1901 261 1957 tum
281 1894 320 1959 ad
341 1917 406 1959 eam
427 1920 497 1969 rem,
517 1904 577 1961 tour
597 1906 630 1961 ut
650 1919 762 1959 mecum
787 1900 826 1962 de
851 1898 916 1960 reli·

115 1990 204 2067 gione
225 1995 357 2067 egerent.
380 1990 440 2061 Qui
461 2004 577 2065 tumen,
603 1993 652 2055 ubi
679 1993 790 2073 scriptu
816 1998 918 2053 nostra

115 2088 302 2161 acceperunt,
321 2102 398 2163 quae
419 2084 562 2167 Princeps
588 2084 627 2147 de
649 2085 819 2147 discrimino
843 2088 919 2147 iuter

118 2174 304 2239 Catbolicam
324 2175 422 2249 ludera,
441 2184 472 2238 et
485 2176 801 2259 Rutbenicadogmata
819 2178 858 2241 do
870 2198 919 2241 me

118 2268 236 2349 publice
255 2270 459 2349 quaesiverat,
479 2272 702 2344 obmutuerunt,
726 2292 864 2352 unusque
883 2292 921 2333 ex

119 2362 158 2421 iis
177 2360 432 2440 drebiepiscopus
443 2362 668 2436 liustouiensis,
687 2365 737 2424 ubi
749 2366 920 2444 omniapro·

120 2454 240 2523 bouet,
266 2454 295 2513 in
322 2456 439 2517 exilium
464 2462 565 2527 actus,
592 2462 623 2519 et
647 2456 790 2534 dignitato
816 2462 922 2528 motus,

121 2546 211 2609 vitam
223 2546 365 2607 amisisse
385 2554 511 2625 potator,
531 2548 643 2610 felicior
662 2549 740 2621 aliis,
761 2550 921 2629 quisuper-

121 2638 213 2699 tuere.
234 2636 392 2699 Caeterum
412 2642 506 2701 tribus
525 2642 925 2713 instructissimiscouviviis,

121 2732 232 2811 quibus
250 2752 300 2793 me
318 2752 460 2795 unacum
481 2736 617 2795 omnibus
630 2738 750 2806 nostris,
770 2736 867 2816 priore
888 2755 924 2797 ac

121 2826 288 2907 posteriore
307 2824 454 2905 legatione
474 2826 621 2910 l’rtnceps
641 2830 772 2911 excepit,
792 2828 865 2889 nibil
885 2827 924 2889 ad

121 2916 249 2999 Regium
267 2918 456 2999 splendorem
477 2920 585 2983 detuit:
611 2942 675 2985 eun
700 2928 817 3003 praeter
843 2922 926 2981 eibos

124 3020 155 3071 et
175 3018 321 3091 sumptus,
340 3034 417 3093 quos
441 3032 459 3075 a
479 3014 624 3075 Pristaris
644 3015 683 3091 (11
710 3019 781 3074 sarrit
800 3016 926 3085 nobiles,

124 3106 174 3183 qul
194 3104 391 3187 adjunguntur
403 3104 535 3181 Legatis,
556 3116 648 3185 atque
663 3126 698 3165 eo
711 3109 828 3167 nomino
841 3109 926 3188 quasi

124 3195 258 3279 adjuncti
276 3202 434 3273 vocantur)
455 3196 639 3279 suippeditnri
658 3198 801 3271 edixerat,
821 3200 927 3260 desua

125 3291 193 3370 ipsa
212 3310 316 3351 merten
337 3290 469 3370 quotidie
484 3292 569 3350 cibos
581 3292 619 3351 nd
632 3312 687 3352 nos
698 3294 832 3353 mitteret.
851 3292 927 3355 Evo-

125 3388 192 3443 cato
212 3384 250 3443 ad
272 3384 394 3461 negocia
414 3390 529 3443 etcum
551 3404 596 3453 eo,
616 3392 720 3443 etcum
732 3385 928 3446 senatoribus

125 3474 289 3544 tractanda,
309 3474 404 3554 pridie
425 3478 492 3556 ejus
512 3476 571 3536 diei
586 3482 695 3547 ternos,
715 3496 750 3536 ac
762 3478 928 3556 insequenti

127 3585 214 3625 nano
224 3565 344 3625 totidem
358 3568 436 3627 alios
451 3570 665 3648 praemittebat,
685 3571 862 3629 nunciantes
872 3591 928 3631 nos

126 3658 215 3740 poulo
241 3664 312 3739 post
336 3680 463 3721 serenos
487 3660 592 3721 «oculos
616 3664 714 3741 magni
741 3665 929 3743 imperatoris

126 3753 259 3812 risuros:
277 3752 377 3833 itaquo
395 3760 515 3835 praesto
535 3774 685 3818 essemus,
725 3755 800 3817 Pnst
819 3755 929 3826 boran,

126 3862 200 3905 ecee
220 3844 347 3905 l'ristnvi
368 3868 423 3905 nos
446 3846 614 3917 monebant,
639 3848 751 3909 adesse
772 3848 928 3921 Proceres,

126 3945 157 4000 et
177 3938 294 4018 aliquos
305 3938 452 4021 Principis
461 3940 666 4012 Corrsitiarios,
686 3943 735 4023 qui
747 3962 930 4023 peneprope

127 4032 294 4112 bospitiom,
321 4052 386 4091 cunr
414 4043 530 4095 centum
558 4036 675 4095 circiter
698 4036 849 4115 equitibus
879 4037 928 4095 ob·

127 4126 202 4185 uiam
226 4124 392 4195 ueniebant,
412 4132 444 4185 ut
464 4144 522 4184 nos
539 4126 729 4187 adducerent.
752 4126 799 4188 Ex
811 4129 849 4187 iis
867 4135 930 4188 tres

127 4218 214 4296 primi
234 4236 272 4275 ex
292 4219 379 4295 equis
399 4224 639 4297 porrectamanu,
660 4242 706 4279 me
720 4222 837 4280 nourrine
849 4221 929 4281 Prin·

128 4310 206 4388 cipis
237 4310 478 4380 consalutabaut,
503 4313 670 4391 inviamque
696 4334 751 4372 nos
777 4312 930 4385 datianus,

128 4402 328 4461 Praetorianis
359 4402 524 4483 pyxidnriis
550 4405 627 4465 milla
652 4407 768 4465 circiter
791 4418 822 4465 et
848 4408 929 4485 quin·

127 4496 226 4571 gentis
237 4494 373 4575 utrinque
384 4516 437 4575 per
450 4498 581 4573 spacium
596 4496 687 4557 ierne
700 4520 839 4577 passuum
853 4499 931 4559 mille

126 4590 287 4657 stantibus,
300 4592 389 4668 atque
399 4588 564 4669 dispositis.
581 4589 638 4651 Ubi
650 4592 679 4650 iu
691 4592 769 4650 arcis
783 4593 930 4657 interiora.

127 4680 423 4749 bominibusreiertn,
436 4684 485 4761 qni
497 4684 633 4741 restibus
646 4690 675 4743 et
690 4682 855 4743 arnobneris
869 4705 930 4761 pre-

127 4774 216 4833 tiosis
234 4780 320 4833 eraut
338 4776 441 4845 ornati,
461 4776 629 4847 venissem,
655 4782 688 4837 ut
713 4798 751 4837 ex
778 4798 855 4858 equo
881 4776 929 4837 de·

126 4866 301 4928 saeadereaa
321 4865 503 4931 admonitus.
523 4874 553 4927 et
578 4870 617 4927 nir
642 4869 709 4929 aliis
735 4868 931 4931 seruatoribus

127 4954 168 5017 *d
194 4958 272 5019 iruos
293 4960 439 5021 scalarum
466 4961 577 5037 grauius
602 4968 759 5041 exceptus,
785 4970 875 5043 atque
901 4965 930 5024 in

178 5056 319 5129 ῃκίιιιι
342 5050 487 5132 Principis
509 5076 573 5115 snm
595 5053 751 5118 nutdnctus.
774 5058 803 5115 ls
823 5056 931 5119 sedere

190 5158 250 5201 ΙΙ
266 5142 367 5221 lasso.
387 5148 433 5207 rei
453 5149 559 5217 nau-bat
583 5168 630 5207 mo
650 5170 713 5207 crum
736 5150 810 5227 ipse.
833 5150 879 5207 uel
900 5164 929 5209 ut

691 153 908 219 ANTONIUS
928 152 1195 219 POSSEVlNUS

963 318 994 377 iu
1014 316 1156 379 conclave
1175 338 1224 379 ure
1235 317 1409 389 conferrem,
1428 318 1479 379 ubi
1488 338 1558 379 cun
1572 316 1776 379 Senatoribur
1805 350 1809 369 ·

964 430 1092 489 agerem,
1112 410 1271 472 indicabat.
1294 410 1348 473 Sic
1373 410 1476 492 plures
1502 408 1666 471 interdum
1693 408 1779 473 boras

965 504 1224 576 commorabamur,
1247 504 1345 585 deque
1369 505 1508 565 omnibus
1533 502 1780 583 diligentissime,

965 615 1003 657 ac
1019 615 1114 678 saepo
1132 597 1172 659 ad
1190 616 1335 659 summere
1353 596 1579 667 lassitudinem,
1600 596 1623 656 ii
1643 596 1717 657 suis
1733 616 1782 677 qu

967 690 1079 750 uostris
1097 690 1306 773 interpretibus
1324 690 1475 759 adhibitis,
1494 690 1730 751 accubamus.
1753 690 1782 751 Si

968 781 1039 861 quid
1052 784 1119 843 noui
1139 784 1334 865 proponebas
1354 783 1401 860 (id
1419 781 1500 863 quod
1527 803 1549 843 e
1577 802 1615 843 re
1635 786 1715 844 nata
1732 802 1782 845 cre

968 875 1022 935 bro
1048 876 1158 952 tiebat)
1184 875 1272 937 iidem
1298 874 1376 936 illico
1400 894 1506 936 onnes
1538 874 1585 937 ad
1617 872 1782 957 Principes

969 968 1061 1039 ibant,
1080 970 1254 1048 exquisitori
1271 988 1463 1047 responsumt
1482 966 1572 1049 quod
1593 966 1730 1048 quidem
1746 990 1784 1031 ar·

970 1068 1072 1123 currate
1089 1058 1264 1133 atterebant,
1295 1059 1368 1121 nibil
1386 1060 1426 1121 de
1448 1082 1508 1123 suo
1537 1082 1693 1141 promere
1717 1064 1784 1125 auri

970 1152 1037 1215 Nec
1055 1157 1154 1217 vorbis
1174 1154 1262 1217 tuelle
1278 1174 1435 1235 essequa,
1452 1174 1549 1235 quana
1571 1166 1666 1235 apte,
1693 1176 1732 1217 ac
1753 1158 1785 1217 ia

970 1247 1075 1329 primis
1094 1248 1228 1329 repetitis
1245 1247 1286 1309 ad
1303 1248 1432 1319 verbum,
1450 1266 1675 1329 quaecunque
1693 1270 1786 1331 qrrope

971 1359 1102 1411 sueram,
1121 1340 1192 1401 milri
1220 1340 1395 1411 identidem,
1420 1338 1527 1401 eodan
1568 1360 1706 1423 semper
1731 1364 1788 1405 aaa

971 1433 1098 1505 bonore,
1124 1434 1347 1513 equitibusque,
1372 1453 1409 1494 ac
1434 1430 1658 1496 senatoribus
1684 1436 1788 1499 aava·

972 1527 1160 1587 venientibus
1180 1528 1346 1598 accersitu,
1371 1546 1437 1587 cum
1457 1546 1508 1587 me
1530 1528 1567 1587 ia
1592 1540 1789 1610 anaqam

973 1616 1120 1699 Principis
1138 1616 1301 1690 dedissem,
1320 1616 1487 1681 Senatores
1506 1621 1589 1702 ejus
1610 1628 1745 1683 neate·
1759 1644 1790 1685 er

973 1712 1096 1793 scripto,
1114 1712 1224 1791 partita
1242 1712 1318 1773 inter
1337 1732 1410 1773 sese
1428 1714 1596 1791 longarum
1617 1712 1789 1777 seaean-

974 1805 1162 1877 recitationo,
1192 1804 1384 1882 perlegerent,
1404 1824 1441 1868 ac
1458 1804 1607 1887 denique
1634 1806 1788 1870 uuam

975 1899 1077 1978 ltaque
1096 1895 1217 1957 duorum
1236 1898 1380 1957 monsiuar
1398 1899 1509 1979 qulbus
1523 1900 1789 1963 continenterera

977 2008 1043 2049 cum
1061 2009 1100 2049 ao
1119 1990 1256 2071 Principe
1276 1990 1432 2069 mendum,
1451 2000 1485 2052 et
1504 1993 1658 2073 quinqua
1678 1994 1788 2055 aliems

976 2082 1092 2164 spacio,
1110 2084 1220 2161 quibus
1239 2082 1314 2143 ultro
1327 2086 1459 2164 citroque
1468 2104 1674 2157 commeans,
1694 2096 1788 2149 atus

977 2176 1065 2254 Rege
1083 2175 1236 2247 l'olooiao,
1254 2175 1436 2256 Regiisque,
1456 2196 1495 2239 ac
1513 2176 1631 2240 Moscl
1652 2177 1788 2262 Prlueip'u

978 2268 1102 2347 [tegatis
1122 2267 1187 2348 (qui
1208 2289 1312 2330 nunes
1333 2271 1572 2352 eraotseptom)
1591 2290 1711 2351 ageas,
1731 2274 1787 2335 nii

979 2360 1038 2424 uidi
1058 2381 1094 2421 oa
1114 2361 1143 2421 in
1163 2381 1195 2423 ro
1214 2361 1392 2440 uigilantius,
1411 2360 1483 2425 dum
1501 2364 1660 2445 quicquid
1680 2368 1787 2447 antiqui

980 2460 1030 2515 tus
1049 2474 1087 2513 ex
1108 2452 1474 2526 Litbuanieisd'olonieis,
1492 2454 1680 2531 latronicia,
1696 2460 1785 2522 atlle

981 2548 1073 2608 soieis
1092 2546 1184 2607 rebus
1203 2549 1393 2626 collegerant,
1417 2548 1531 2628 quibas
1552 2570 1616 2613 saa
1638 2558 1787 2623 uum,

982 2640 1106 2701 fidenter
1124 2659 1163 2699 ex
1174 2639 1327 2701 Archia-iis
1339 2640 1477 2703 odorent:
1496 2660 1542 2703 ex
1564 2644 1788 2727 quibuspastn

983 2752 1042 2793 non
1070 2732 1218 2793 minimam
1243 2734 1339 2795 lucem
1362 2733 1448 2795 baud
1472 2733 1513 2795 sd
1537 2740 1663 2799 statum
1688 2738 1786 2801 illam

983 2827 1110 2887 omnium
1120 2845 1215 2887 reram
1227 2826 1475 2907 pernoscendum,
1487 2832 1588 2907 atqua
1596 2832 1786 2893 wacon.

985 2918 1073 2991 Quae
1093 2920 1231 2998 quonium
1251 2940 1290 2980 ex
1310 2920 1415 2981 litteris
1434 2928 1465 2980 ot
1484 2922 1580 2993 actis,
1605 2924 1748 3003 quaa'ad
1756 2922 1787 2983 V.

983 3010 1202 3073 Beatitudioeur
1227 3013 1294 3072 misi
1319 3010 1461 3093 liquidius
1484 3012 1618 3092 intelligi
1646 3024 1790 3097 potarunt,

985 3103 1015 3165 id
1036 3106 1113 3165 circo
1134 3104 1211 3165 baec
1230 3104 1339 3166 suerint
1357 3104 1406 3165 bic
1425 3106 1512 3167 satis.
1534 3106 1608 3169 dam
1618 3109 1703 3189 qaut
1713 3112 1789 3190 equi·

986 3206 1042 3269 tes,
1060 3206 1091 3257 et
1120 3216 1216 3277 equos
1240 3217 1276 3257 oe
1303 3204 1509 3269 commeatum,
1539 3202 1705 3281 prae-issa
1729 3204 1789 3263 fide

985 3291 1104 3371 publica
1127 3310 1181 3370 per
1207 3290 1387 3362 tabellarios,
1411 3312 1510 3372 usque
1537 3292 1576 3353 ad
1596 3292 1710 3373 inperii
1736 3295 1787 3355 sai

987 3384 1071 3453 lines,
1099 3384 1148 3442 ubi
1172 3384 1298 3444 tentoria
1323 3384 1495 3457 fixeramus,
1526 3384 1612 3445 noble
1635 3384 1792 3449 celent-s

987 3477 1109 3546 miserit,
1129 3494 1195 3535 cum
1215 3477 1337 3557 primun
1361 3478 1400 3539 ad
1425 3496 1494 3539 eum
1524 3478 1676 3558 periatu-
1701 3488 1793 3553 esset,

987 3590 1024 3629 en
1044 3588 1101 3628 nos
1119 3570 1312 3649 pervenisse:
1337 3570 1417 3651 quod
1434 3571 1597 3649 sexaginta
1616 3592 1638 3631 e
1662 3574 1730 3633 suis
1749 3594 1795 3655 qu

987 3664 1016 3721 in
1037 3660 1176 3741 hospitiis
1195 3663 1282 3723 nobis
1301 3662 1340 3723 od
1359 3664 1456 3723 onnia
1475 3669 1603 3743 praesto
1619 3674 1741 3739 essent,
1758 3680 1795 3729 at·

986 3756 1128 3825 tribuerit,
1148 3755 1256 3833 quibus
1268 3757 1379 3837 stipati,
1398 3754 1592 3828 euiradomo,
1604 3760 1796 3841 autaliquem

988 3849 1121 3907 emittere
1141 3848 1257 3927 absque
1277 3867 1383 3925 magna
1408 3852 1597 3911 necessitate
1622 3852 1796 3933 prohibeba-

988 3961 1066 4001 mur:
1087 3938 1165 4018 quod
1185 3959 1283 4019 equos
1303 3942 1487 4019 praemiserit
1504 3949 1648 4017 ornatos,
1674 3954 1797 4029 quossi

987 4034 1065 4093 «tono
1086 4032 1210 4110 laegntis
1228 4032 1345 4095 moriere
1364 4035 1452 4104 solet,
1472 4043 1504 4095 et
1522 4042 1560 4097 ut
1579 4041 1796 4103 conscendere

989 4146 1055 4187 rnus
1077 4126 1244 4203 oportebat:
1265 4126 1345 4205 quod
1365 4132 1477 4187 turmas
1496 4127 1582 4197 item,
1611 4132 1710 4193 modo
1734 4134 1797 4195 Tar-

988 4227 1125 4289 tnrorum,
1146 4216 1231 4276 modo
1251 4218 1432 4289 blascorum,
1452 4220 1609 4282 comitatui
1636 4234 1744 4287 nomo
1755 4228 1796 4288 atl-

989 4313 1103 4381 diderit‚
1115 4310 1275 4389 quibusve!
1288 4312 1326 4373 ad
1335 4310 1428 4388 Regis
1439 4318 1537 4373 eastra
1548 4316 1798 4401 proficiscimur

988 4405 1145 4466 sexcentis
1163 4405 1201 4463 ab
1222 4423 1258 4462 eo
1278 4424 1421 4482 quassuuur
1441 4403 1574 4465 millibus
1593 4410 1742 4479 aberant,
1759 4414 1798 4473 rrl

991 4521 1029 4559 ex
1053 4499 1119 4578 ejus
1139 4496 1251 4555 ditione
1273 4498 1355 4557 exire
1374 4499 1466 4557 tutius
1487 4496 1613 4561 liceret:
1638 4522 1718 4567 vera
1739 4528 1798 4587 qun

990 4612 1048 4670 qne
1068 4596 1153 4649 sunt:
1180 4598 1211 4647 et
1243 4590 1381 4666 quouiam
1411 4611 1446 4651 ea
1469 4589 1539 4651 alibi
1560 4595 1739 4674 attigimus,
1765 4600 1799 4661 i*

989 4688 1055 4742 sius
1079 4681 1128 4741 bic
1153 4702 1271 4759 quoque
1296 4682 1479 4745 recensenda
1503 4703 1565 4743 non
1593 4694 1725 4752 censui.
1775 4692 1801 4751 ld

990 4773 1173 4837 incommode
1199 4792 1256 4831 nou
1289 4775 1383 4834 semet
1409 4774 1530 4845 accidit,
1564 4781 1655 4859 quod
1684 4786 1802 4847 medicis

991 4870 1028 4930 ad
1071 4889 1126 4927 uros
1165 4865 1267 4925 morbo
1303 4874 1433 4928 tentatos
1469 4889 1527 4927 non
1572 4878 1804 4951 permitit-Mn

993 4964 1031 5021 olr
1068 4962 1266 5041 suspitionem
1309 4963 1423 5021 uenire.
1473 4960 1679 5043 Reliqucrnm
1711 4982 1802 5034 autea

992 5056 1045 5125 (ul
1083 5074 1173 5133 supra
1206 5051 1289 5121 diui)
1326 5054 1402 5112 (irruis
1435 5056 1514 5131 apud
1550 5056 1721 5127 ittoseom.
1757 5069 1802 5145 quu'

994 5149 1060 5207 ιΙιιιιι
1088 5148 1153 5222 ipso
1179 5145 1302 5204 redirem
1330 5146 1367 5205 nd
1395 5147 1514 5223 Regem.
1542 5170 1596 5211 res
1624 5170 1799 5219 noscerent:
