3734 5610
613 246 670 309 ΒΕ
689 240 829 308 REBUS
850 240 1166 305 MOSCOVl'l'lGlS.
1670 243 1726 305 3⁰1

63 422 192 500 seriptis,
212 410 591 499 praetexuissocidebatur,
603 410 865 471 Christiannmno·
923 403 1041 481 aliquas
1060 410 1248 475 excitaverat,
1270 409 1300 466 in
1320 420 1396 481 quas
1417 409 1547 486 impositi
1558 404 1724 469 Praesidia·

63 535 145 583 meu,
177 513 267 573 latius
288 516 372 569 esset
390 502 629 588 propagandum,
658 496 866 563 disserendum
923 500 969 569 rii,
991 503 1130 577 regiones
1159 498 1229 559 illas
1248 505 1422 559 tutarentur.
1444 498 1583 576 Denique
1603 519 1725 581 percon·

64 607 189 669 esthon
209 605 308 683 capite
328 599 433 661 limitas.
466 598 522 659 Sic
548 599 625 658 euim
646 597 726 655 ecnri
747 593 866 673 poterit,
923 594 1007 662 tanti,
1028 594 1078 667 qrri
1099 590 1208 653 lactum
1229 598 1327 663 esset,
1356 598 1390 651 ut
1407 598 1467 653 tam
1487 595 1632 671 insignem
1652 592 1724 653 'Pur-

62 716 203 777 quorsum
241 697 308 775 ejus
346 694 494 773 promissa
528 688 744 771 spectaverint,
782 685 867 745 cuive
925 686 980 754 eis,
1000 702 1060 743 uon
1080 686 1122 745 ita
1141 684 1331 745 uudtosaute
1351 704 1448 745 annos
1465 683 1580 745 cladem
1597 685 1725 748 liloseua

25 778 30 785 ¹
63 793 130 853 usui
157 797 240 849 esset
264 786 451 849 Christianae
477 781 673 864 Reipublicae
699 773 865 855 siquando
924 775 1084 849 intulisset,
1107 796 1172 837 curu
1183 776 1307 840 Tanaim
1319 776 1445 838 derivari
1463 780 1594 857 jusisset
1612 783 1642 839 iu
1653 782 1724 843 Vol·

64 904 101 945 ea
119 904 195 961 neus
216 876 327 943 autad
352 875 440 937 tidem
461 874 647 938 Catholicam
666 875 794 943 ueniret3
814 876 866 931 aut
923 887 1000 945 gana,
1020 868 1184 950 respoudit,
1204 870 1262 931 hoc
1281 890 1340 932 nou
1360 891 1378 932 a
1398 870 1524 942 Moscis,
1545 870 1601 931 sad
1623 873 1725 937 a'l'ar.

63 952 153 1038 rebus
163 976 332 1037 constitutis
353 971 496 1032 mitiorem
517 967 605 1029 alium
617 965 786 1046 Principem
796 982 865 1024 nau·
923 964 998 1021 teris
1016 961 1293 1045 Praecepeusihus,
1321 963 1392 1026 licet
1411 963 1574 1025 'l'urcarum
1593 963 1726 1027 foedera·

63 1073 240 1131 cisceretur:
269 1060 508 1143 quandoquidem
529 1061 705 1122 brevissime
722 1060 866 1119 uicturum
924 1058 975 1128 tis,
993 1054 1160 1129 accidisse,
1192 1077 1283 1135 aegre
1302 1054 1467 1119 ferentibus
1486 1055 1518 1116 irl
1537 1056 1614 1129 lieri,
1645 1058 1725 1121 uode

63 1164 142 1223 huuc
166 1161 333 1241 Principem
360 1165 460 1217 certae
487 1156 677 1235 conjecturae
703 1152 767 1231 jam
785 1156 866 1210 suut
923 1150 1045 1225 grovim
1057 1148 1116 1210 sibi
1126 1152 1231 1229 jugum
1241 1148 1372 1230 pendere
1382 1152 1597 1231 prospicerent.
1616 1152 1725 1229 Quam·

62 1254 186 1316 Memini
211 1255 312 1329 itaquae
337 1254 508 1333 priusquam
529 1251 559 1307 iu
578 1244 763 1307 bloscouiam
784 1246 865 1315 irem,
924 1239 1026 1301 obrem
1046 1262 1112 1302 cuam
1133 1262 1204 1337 sese
1224 1240 1317 1305 drrces
1338 1246 1453 1304 itineris
1472 1246 1568 1323 copiis
1587 1244 1724 1307 'l'ureicis

62 1346 102 1407 N.
134 1346 226 1407 multa
257 1367 293 1407 ea
322 1343 361 1405 de
390 1364 424 1405 re
451 1341 617 1403 sciscitanti
649 1336 718 1397 mihi
744 1353 864 1414 respon·
924 1332 1138 1405 exhibuissent,
1160 1356 1213 1417 per
1232 1338 1370 1413 ingentes
1389 1335 1498 1407 silvas,
1519 1345 1549 1397 et
1569 1336 1724 1400 locacom·

63 1438 158 1501 disse.
177 1437 212 1499 lu
232 1440 335 1519 primis
355 1437 523 1517 provincias
542 1432 624 1493 illius
640 1429 789 1509 Principis
803 1426 864 1488 lou·
923 1436 1039 1489 mennas
1060 1449 1162 1508 egeraa,
1183 1450 1237 1491 eas
1257 1428 1550 1500 circumduxissent
1571 1431 1657 1505 lame,
1689 1454 1726 1494 ac

63 1535 186 1613 glasiram
206 1528 319 1593 distare
338 1527 377 1589 ab
398 1530 450 1603 iis,
476 1529 527 1605 qrri
546 1524 615 1586 nna
635 1530 757 1585 nostrae
773 1522 864 1602 jurati
923 1518 1027 1582 labore
1047 1522 1207 1603 pleraeque
1226 1541 1331 1585 omues
1349 1521 1441 1585 ierme
1459 1520 1633 1586 interierint.
1667 1525 1724 1589 liis

60 1632 133 1688 suut
151 1622 265 1685 hostes.
277 1621 403 1684 Vastam
423 1624 501 1683 anim
515 1620 663 1681 heremum
682 1636 787 1677 versus
807 1635 865 1677 me·
922 1616 1060 1694 cognitis,
1081 1624 1171 1693 atque
1188 1620 1397 1695 iuterrogatus,
1418 1636 1487 1677 uum
1499 1640 1516 1677 a
1528 1618 1651 1680 Persico
1664 1620 1721 1681 lle-

61 1715 175 1787 ridiem,
194 1716 263 1778 solo
282 1714 354 1777 nihil
374 1712 497 1785 lereute,
520 1720 551 1774 et
569 1710 726 1774 arboribus
747 1706 865 1780 nudam,
923 1726 982 1787 gno
1000 1706 1130 1769 Moseiei
1150 1711 1264 1791 imperii
1283 1708 1359 1772 lines
1379 1710 1469 1789 longa
1489 1709 1643 1785 distarent,
1666 1734 1725 1775 ma·

61 1832 100 1873 ae
118 1808 283 1891 plerunque
306 1810 481 1886 inaquosam
507 1808 653 1867 interesse
672 1802 741 1885 plus
761 1803 865 1881 viginti
923 1820 1012 1880 guum
1032 1821 1107 1863 saue
1126 1800 1216 1878 (dixit
1234 1806 1311 1864 iuter
1324 1804 1479 1880 utriusque
1494 1800 1635 1867 ditionem
1655 1828 1726 1867 esse

61 1900 176 1965 dieram
195 1904 310 1985 spacio,
331 1917 409 1979 quae
428 1896 607 1979 expeditioni
630 1899 795 1974 cuicunque
807 1916 865 1955 ma·
924 1895 1132 1970 intervallum).
1153 1895 1261 1973 Neque
1272 1916 1343 1957 roro
1355 1895 1452 1957 hlosci
1471 1901 1641 1979 prouincias
1656 1898 1725 1961 Per·

62 1998 169 2058 rimum
181 1992 480 2079 perieulumcrearet.
501 1988 596 2067 Sequi
608 1989 765 2051 Tauricam
776 1987 865 2051 cner·
924 1990 1000 2049 siam
1020 1991 1185 2067 attingere,
1210 1986 1267 2049 sed
1293 1992 1376 2069 prius
1396 2008 1467 2051 esse
1486 1988 1675 2069 Georgiauos
1696 2004 1727 2055 et

60 2108 213 2162 sonetum,
232 2090 263 2149 iu
283 2103 342 2166 uua
362 2084 479 2147 Tartari
491 2082 718 2164 Praecopenses
737 2085 798 2143 siut
819 2102 864 2143 ca·
925 2082 1099 2155 Circassos,
1120 2084 1169 2159 qm
1191 2079 1327 2143 dicuutur
1346 2080 1634 2160 Quinquemontaui,
1656 2102 1725 2163 ‹pro-

62 2180 170 2264 pitales
181 2180 352 2243 Moaeouuu
374 2178 497 2249 hostes3
517 2173 675 2251 Turcaque
694 2177 760 2255 ipse
779 2193 865 2236 arces
924 2194 987 2235 rum
1007 2174 1135 2255 liugnam
1155 2174 1194 2235 ab
1213 2174 1413 2236 aliisomoiuo
1436 2172 1562 2249 differre,
1581 2188 1613 2240 et
1630 2182 1724 2258 regio-

61 2273 171 2335 hsbeat
190 2294 246 2336 nee
262 2292 384 2355 paucas,
404 2286 501 2347 neque
520 2266 744 2329 malemunitas.
767 2266 865 2345 Quae·
924 2287 999 2339 uem,
1022 2284 1099 2344 quoae
1119 2264 1303 2347 longitudine
1322 2270 1437 2330 itineris
1454 2267 1566 2332 octidui
1586 2272 1724 2335 extendo·

61 2369 138 2428 renti
158 2384 238 2437 vero,
257 2384 326 2425 num
346 2381 404 2442 «pua
423 2360 550 2423 Moscus
568 2358 609 2422 ad
627 2381 708 2421 mara
722 2362 865 2442 Caspium
923 2368 978 2433 tur,
999 2382 1017 2421 a
1037 2370 1153 2441 septem
1164 2358 1302 2423 liucibus
1311 2382 1366 2424 seu
1388 2361 1564 2445 pmeieetis,
1584 2384 1644 2427 uou
1665 2366 1724 2428 dis·

62 2462 212 2541 prestingit,
232 2454 331 2519 aditus
347 2452 610 2537 pateretulterius;
630 2452 796 2517 affirmauit.
816 2453 864 2517 Li·
922 2453 1013 2514 sirnili
1032 2452 1234 2539 Helvetiorum
1255 2453 1361 2529 modo,
1381 2455 1590 2521 adroiuistrari.
1623 2458 1725 2521 llosce

61 2561 111 2615 oet
129 2555 207 2613 enirn
227 2552 352 2611 vastitas
373 2549 478 2625 iugens
498 2550 587 2607 etiam
608 2550 637 2607 iu
658 2566 694 2607 eo
713 2554 809 2608 tractu
822 2550 864 2607 iu·
922 2566 1010 2629 porro
1030 2546 1177 2610 interdum
1197 2570 1214 2611 u
1233 2546 1360 2621 Mosco,
1386 2548 1546 2628 aliquando
1566 2572 1584 2613 a
1605 2550 1723 2627 Trrrcis,

59 2643 203 2717 tercedat,
225 2640 350 2705 navibus
370 2650 469 2703 tanuen
488 2637 567 2701 baud
587 2638 707 2701 difficile
725 2659 779 2721 per
792 2638 864 2700 Vol·
922 2658 1131 2720 uormunquam
1151 2650 1179 2702 et
1192 2640 1230 2701 ab
1244 2644 1322 2723 ipsis
1331 2641 1437 2703 Persis
1457 2647 1594 2725 accipere
1613 2649 1723 2728 stipen-

60 2758 127 2817 garu
147 2734 265 2798 havium
286 2756 352 2797 euru
372 2738 555 2804 traria-eruant,
580 2736 671 2794 certis
697 2735 765 2793 anui
785 2752 863 2795 uren·
923 2731 973 2795 dia
990 2733 1108 2805 solitos,
1127 2754 1181 2815 pro
1201 2738 1354 2815 temporis,
1375 2744 1406 2796 et
1424 2755 1520 2797 rerrrm
1539 2758 1659 2799 suarum
1680 2762 1723 2801 ra-

60 2829 161 2901 sibus,
189 2848 282 2911 possa
305 2828 449 2909 superari.
471 2822 620 2895 Addeuti,
644 2844 714 2885 num
734 2846 788 2907 per
807 2824 863 2889 'l'a-
922 2829 1012 2887 tione.
1035 2826 1449 2908 Caetcnnuperllloscociam
1470 2826 1509 2891 ad
1529 2828 1641 2892 Persas
1662 2833 1723 2893 lou·

59 2926 149 2994 naim,
170 2924 221 2998 orci
233 2924 263 2981 iu
272 2918 431 2982 llloscovia
444 2920 554 2989 oricus,
569 2920 599 2977 io
612 2915 752 2999 paludem
762 2916 862 2981 blaeo-
923 2922 1006 2997 giore
1025 2938 1103 2978 nuuc
1123 2922 1229 2980 itinere
1251 2938 1327 2999 opus
1346 2938 1431 2991 esse,
1456 2918 1535 2996 quod
1556 2920 1648 2985 Porta
1668 2923 1722 2986 ier·

59 3013 151 3077 tidem
182 3012 284 3085 inducit,
316 3012 449 3089 navigari
480 3018 603 3092 posset,
631 3008 703 3073 illae
730 3013 863 3091 nauigari
922 3032 988 3083 rea,
1021 2997 1080 3089 qua
1101 3020 1166 3073 erat
1192 3014 1354 3071 transitus.
1388 3032 1405 3072 a
1431 3012 1530 3075 Turca
1554 3018 1596 3076 sit
1623 3026 1721 3098 capta.

59 3126 154 3189 posse
173 3104 283 3187 ajebat.
306 3105 350 3167 ut
369 3124 467 3165 arcem
480 3102 637 3183 Asophum
656 3101 696 3164 ad
716 3103 862 3168 ostia'l'a·
922 3104 1009 3183 erae
1036 3107 1134 3165 onrnia
1157 3102 1199 3165 N.
1220 3102 1279 3165 sihi
1298 3102 1400 3184 ajebat
1428 3126 1466 3169 eo
1491 3125 1562 3169 esse
1587 3113 1724 3182 certiora,

59 3203 127 3262 mis
146 3202 236 3262 sitam
254 3218 340 3268 esse,
365 3212 444 3273 quae
461 3193 501 3259 ad
522 3195 683 3257 'lurcamm
703 3196 862 3280 imperato·
922 3195 1002 3276 qarod
1022 3196 1102 3278 apud
1122 3218 1158 3258 se
1179 3196 1351 3259 circassmn
1380 3196 1535 3270 hahuerit,
1560 3210 1722 3276 strenuum,

59 3313 121 3355 rena
133 3296 271 3377 pertinet.
293 3292 385 3367 Atqui
405 3286 510 3362 adea,
530 3306 608 3366 quae
628 3288 862 3374 daPraecopen·
921 3310 959 3352 ac
978 3289 1068 3351 hdmu
1089 3289 1219 3360 militem,
1239 3291 1327 3370 cnjus
1346 3298 1469 3371 patruus
1489 3295 1519 3352 in
1535 3291 1652 3365 Peraia,
1673 3300 1722 3372 qrri

57 3384 145 3448 sibus
164 3386 301 3447 ‘lactaris
320 3382 442 3456 dixerat,
462 3403 528 3443 cnm
549 3404 726 3466 responsum
747 3382 863 3457 luisseb
920 3404 957 3445 eo
978 3388 1009 3445 iu
1028 3383 1109 3446 bello
1129 3385 1301 3453 monuisset,
1322 3380 1391 3445 iude
1410 3387 1572 3449 norissima
1591 3392 1724 3461 veniens,

59 3477 178 3548 Mosco,
200 3476 533 3554 qrriAstrachaueuses,
554 3476 786 3538 etCasancuscs
805 3496 862 3539 suo
923 3486 1030 3540 caiuma
1050 3475 1201 3539 retulerat.
1233 3473 1358 3557 Adjecit
1377 3484 1484 3550 autmu
1505 3476 1600 3553 Chaa,
1619 3480 1721 3545 Tarta.

60 3571 182 3649 imperio
208 3566 389 3646 subjecerat,
421 3586 480 3628 uon
504 3565 626 3627 difficile
655 3567 756 3631 forsan
790 3568 862 3643 lore,
920 3592 1018 3633 rorum
1038 3574 1068 3631 in
1088 3571 1165 3632 Asia
1185 3568 1405 3651 imperatorem,
1424 3590 1484 3632 oon
1505 3574 1609 3654 procui
1629 3574 1668 3637 ab
1687 3597 1720 3637 aa

60 3662 287 3741 Praecopenses
307 3674 425 3736 neroque
445 3656 625 3738 adjungere:
651 3658 739 3720 aliam
759 3660 863 3723 horum
920 3672 1009 3739 geute
1028 3660 1147 3728 abesse,
1183 3663 1232 3736 qui
1254 3660 1376 3720 ruultum
1396 3660 1494 3723 adbuc
1513 3668 1620 3727 rituum
1640 3666 1721 3729 Chri·

58 3775 130 3817 esse
161 3755 304 3815 radorreru
336 3748 476 3813 ostendit.
508 3749 583 3810 Cum
611 3752 688 3811 enim
717 3749 864 3826 (dicebat)
920 3758 1083 3815 stiauorum
1103 3755 1239 3822 retincat,
1259 3774 1325 3813 curru
1346 3753 1414 3813 olim
1428 3752 1467 3815 ad
1484 3754 1572 3817 iidem
1591 3768 1724 3821 nostram

57 3847 182 3909 bloscus
201 3842 347 3906 adversus
359 3844 438 3915 illos,
456 3858 534 3919 quos
553 3840 692 3914 edomuit,
709 3842 863 3917 Tartaron,
920 3847 1113 3907 accesserint.
1147 3846 1191 3906 At
1209 3844 1411 3915 lllehemetes,
1437 3846 1570 3925 Solymi,
1591 3856 1723 3930 parentia

57 3942 192 4003 maximis
210 3938 366 3999 tormentis
385 3932 540 4005 adductis,
562 3954 685 3995 crassos
705 3940 795 3997 etiam
814 3958 861 4000 as·
921 3936 1010 4018 hrrjrrs
1024 3935 1185 3998 Turrearuuu
1205 3934 1405 4017 imperatoris,
1426 3940 1614 4002 consiliarius
1625 3944 1674 4019 (ut
1686 3964 1722 4007 ex

56 4054 143 4095 seres
162 4031 330 4113 perforatos
348 4025 484 4087 curribus
495 4024 616 4107 praefigi
632 4030 789 4108 jussisset,
808 4050 862 4112 per
920 4032 1059 4091 eminenti
1080 4032 1143 4089 viro
1160 4028 1273 4105 audiri)
1285 4028 1387 4090 duram
1406 4031 1586 4109 significarit
1604 4056 1621 4095 a
1637 4035 1722 4115 Rege

56 4142 135 4203 quos
161 4122 305 4205 pyxidarii
337 4118 516 4183 borubarrlas
546 4140 619 4181 suas
651 4122 860 4196 excustabunt,
887 4152 891 4181 ι
919 4122 1064 4184 Polouiae
1081 4131 1252 4202 susceptam
1273 4142 1343 4183 esse
1362 4126 1552 4203 prouinciam,
1569 4134 1619 4206 quui
1639 4130 1721 4192 blos-

57 4226 140 4279 certa
166 4216 295 4276 bostium
321 4216 468 4295 pernicie,
499 4216 556 4294 ipsi
588 4234 606 4274 a
631 4218 748 4277 nourrius
768 4216 860 4279 lacsir
887 4188 892 4339 Ξ
919 4235 986 4275 cum
1005 4213 1086 4277 bello
1108 4222 1192 4275 esset
1210 4214 1350 4277 adortus:
1388 4216 1627 4297 qrraudoquidem
1648 4226 1719 4304 (aje-

57 4309 145 4371 iacile
171 4306 226 4367 luit
250 4328 327 4368 noro
347 4326 493 4367 arrrroruru
512 4326 622 4383 genere
643 4311 859 4372 circumuentos
918 4308 992 4385 bat)
1012 4306 1112 4368 Tucca
1136 4328 1209 4368 srrrrs
1235 4308 1413 4389 imperator,
1440 4320 1471 4373 ct
1488 4312 1615 4376 llloscus
1641 4320 1720 4377 runci

55 4405 236 4485 opprinrere;
256 4397 575 4481 praeterquamquod
595 4405 859 4482 cumuniuscujus·
886 4348 891 4473 l
918 4408 1022 4463 essent
1043 4404 1072 4461 in
1098 4399 1206 4461 rurrudo
1225 4401 1398 4483 Principes,
1429 4409 1479 4481 «μή
1504 4426 1578 4469 snos
1598 4428 1720 4488 prorsus

55 4514 114 4575 que
135 4494 326 4555 Tarturorum
346 4490 467 4554 ilerdae
487 4494 624 4572 primaria
644 4514 703 4555 urm
722 4492 859 4571 (utdixi)
886 4476 891 4603 Ξ
918 4497 948 4555 in
968 4503 1119 4576 potestate
1140 4493 1291 4564 baberent,
1311 4517 1348 4557 ae
1360 4494 1482 4577 proinde
1495 4508 1600 4559 essent
1618 4509 1719 4579 poten·

55 4593 162 4651 ciuitas
180 4588 230 4657 sit,
249 4606 304 4647 seu
326 4590 499 4653 conuentus,
519 4600 578 4663 quo
598 4584 726 4659 deuicto,
743 4588 859 4664 reliqua
916 4590 1035 4652 tissimi.
1066 4586 1136 4665 Qua
1157 4608 1193 4648 ex
1211 4608 1259 4656 re,
1284 4594 1385 4663 ntrarrti
1405 4590 1543 4651 llloscum
1563 4595 1720 4652 aestiment

55 4685 153 4743 omnia
178 4684 244 4741 siue
270 4676 444 4739 difficultate
470 4680 499 4737 in
530 4688 708 4759 potestatem
727 4684 856 4743 ueniant.
886 4722 890 4783 Ι
918 4680 1050 4751 Turcae,
1071 4678 1196 4757 intelligi
1217 4688 1326 4759 potest.
1356 4680 1420 4741 Sed
1441 4689 1592 4741 eteorum
1614 4703 1718 4743 aeteruu-

55 4777 105 4835 Ao
124 4795 189 4835 cum
211 4772 402 4833 Caeninenses
425 4769 523 4831 illosci
548 4770 652 4833 ditioni
679 4772 791 4833 finitimi
812 4794 857 4834 es·
886 4786 889 4823 ἔ
917 4777 979 4835 rias
999 4772 1136 4832 fortassis
1168 4769 1266 4831 adbuc
1295 4772 1439 4843 haerent,
1468 4788 1544 4847 quas
1564 4794 1582 4833 a
1602 4773 1719 4835 Moscis

54 4876 136 4931 serat.
159 4866 207 4928 bis
225 4884 296 4925 cero
316 4865 483 4945 stuperatis,
501 4868 674 4925 successario
693 4868 791 4925 casrui
811 4884 858 4927 es·
917 4860 1065 4941 rprrouclaru
1085 4861 1189 4923 clades
1209 4866 1345 4944 perpessi
1365 4874 1449 4935 scrut,
1470 4868 1496 4925 si
1517 4864 1592 4927 lides
1612 4871 1650 4927 iis
1670 4868 1707 4928 ha

54 4957 525 5037 serntAstrachancnscs(upuppe
538 4953 857 5032 quuibusaliundehaud
917 4955 1031 5023 beatur,
1051 4971 1128 5029 turrae
1139 4956 1370 5016 Herberstoiuus
1384 4974 1420 5015 ex
1441 4978 1541 5017 corum
1552 4958 1717 5032 chronicis,

54 5054 115 5109 cito
137 5060 252 5129 poterat
277 5048 442 5112 subsidium
469 5048 566 5123 ruritti)
590 5058 745 5127 rubumque
766 5070 857 5131 popu·
884 5072 888 5117 f
917 5058 948 5108 et
968 5048 1018 5109 alii
1039 5046 1158 5123 qaudam
1178 5048 1318 5108 releuant.
1351 5050 1390 5110 lit
1410 5050 1483 5110 illud
1505 5055 1592 5112 ctiauu
1612 5056 1717 5113 arrianis

55 5142 115 5200 lurn
132 5144 194 5221 jam
215 5142 381 5215 deuictum,
408 5163 445 5203 co
471 5141 605 5203 faciliore
625 5144 749 5220 negocio
772 5150 855 5222 potu
883 5124 887 5227 Ξ
916 5140 1078 5201 'l'urcaruru
1098 5149 1199 5223 potest
1219 5140 1387 5203 obversarir
1407 5143 1553 5215 Graecos,
1566 5148 1623 5206 uisi
1635 5145 1715 5205 Priu-

53 5238 117 5296 isse
148 5236 177 5294 in
209 5232 307 5295 ollicin
333 5238 476 5296 contineri
501 5232 601 5312 ,qrrotl
621 5233 748 5296 llloscus
768 5254 855 5297 arces
882 5230 886 5312 Ξ
914 5236 991 5315 cipis
1024 5232 1198 5297 illos-caulae
1231 5238 1347 5298 nimiam
1379 5234 1608 5299 dominationem
1629 5241 1715 5316 pcrti-
