3742 5626
98 184 155 247 rto
630 184 871 252 munuum
902 184 1224 249 llldlllENS'l‘ElNll

97 366 173 427 quas
205 344 323 409 (ledani
352 366 460 427 magna
499 368 536 409 cn
565 354 649 429 porte
681 350 807 411 ministri
834 350 907 433 ejus·
961 352 1007 409 ter
1025 368 1061 409 so
1081 348 1121 411 dc
1139 368 1177 413 es
1195 346 1415 428 disceptarent,
1443 366 1463 407 n
1483 345 1589 407 llosco
1608 364 1770 427 occupare·

97 441 351 523 conquisiverunt,
379 446 577 517 occupasset:
608 439 783 505 l'ernaniam
816 444 902 503 obse·
961 446 1018 503 tur.
1057 440 1092 503 ld
1113 460 1151 503 ca
1176 442 1289 501 ratione
1315 437 1557 501 commodissimo
1584 438 1648 499 lieri
1669 458 1771 519 posse,

98 532 212 596 disset:
231 535 365 617 pomisne
383 532 516 612 Regem,
535 534 564 595 si
585 532 615 595 id
635 540 814 600 tentaturum
834 557 901 597 eum
962 532 1107 613 silingis
1127 534 1307 613 praesidium
1335 534 1365 593 in
1386 554 1451 593 enm
1471 532 1652 593 immitteret.
1694 530 1771 593 Cum

97 629 323 709 praescivisset,
359 630 390 685 et
418 636 519 685 sumtu
548 635 579 687 et
606 627 708 691 labore
737 632 804 711 ejus
833 628 904 689 anni
963 647 1021 687 nou
1047 626 1175 687 illoscus
1199 632 1320 709 propter
1342 646 1462 708 pacem,
1487 646 1565 706 quae
1590 644 1659 685 cum
1686 622 1771 701 Rege

98 720 169 781 belli
189 716 403 801 supersedere:
425 721 488 803 jam
514 740 584 781 vcro
611 727 642 781 et
666 742 786 783 cursum
806 742 902 783 rerum
963 720 991 781 ei
1009 730 1104 793 esset,
1124 720 1152 781 si
1169 718 1350 801 praesidium
1362 718 1490 797 Regium
1501 717 1602 779 Narra
1616 728 1770 799 receptum

98 814 251 893 praeclare
275 817 379 873 eontra
403 810 541 875 llloscum
571 814 634 892 geri
659 824 844 895 coeptarum,
874 820 905 875 ct
962 810 1087 889 luisset,
1111 832 1282 893 oppugnare
1300 832 1365 875 eam
1385 832 1444 873 non
1463 816 1585 889 posset,
1602 830 1666 870 nou
1685 810 1770 871 modo

97 902 285 965 obsidionem
304 904 563 979 Plcscoricnssm,
588 908 675 989 cujus
700 928 766 969 cum
792 910 905 987 gravio·
961 904 1095 978 Narras,
1121 906 1179 967 sed
1206 905 1331 967 aliorum
1356 906 1446 967 etiam
1466 902 1686 986 praesidiorum
1706 924 1769 965 sac·

98 1017 159 1059 rem
190 1005 305 1079 partem
330 1001 394 1081 jam
420 1008 612 1082 superornet,
642 1000 732 1063 lacile
761 1002 904 1083 reliquum
962 1017 1026 1057 rum
1046 996 1265 1073 Lirnnicomm,
1285 999 1394 1077 quibus
1413 996 1514 1061 Nerva
1533 998 1659 1078 objecta
1678 1010 1770 1057 esset.

98 1090 186 1153 etiam
198 1100 395 1171 superaturus
408 1093 526 1170 luisset,
548 1097 768 1175 interrumpere,
788 1116 826 1157 ac
838 1095 904 1155 sino
962 1092 1115 1165 securitati
1127 1092 1195 1151 sine
1214 1090 1448 1153 incommodare
1467 1092 1606 1151 molestia
1626 1110 1686 1149 sas
1706 1110 1770 1149 curn

98 1184 166 1265 ipso
185 1186 275 1247 otiam
292 1206 397 1267 pacem
417 1186 518 1249 lacero
538 1207 667 1249 necesse
686 1187 846 1263 habuisse;
866 1208 904 1249 nc
964 1183 1182 1245 consulturum:
1216 1184 1364 1263 simulque
1399 1186 1537 1244 omnibus
1575 1184 1677 1261 copiis
1709 1184 1771 1242 sui:-¹

98 1276 167 1339 dum
194 1298 246 1357 pro
271 1280 339 1361 ejus
367 1280 531 1341 commodis
556 1280 717 1353 laboraret,
748 1285 844 1365 majus
874 1284 904 1343 in
963 1277 1144 1357 cunjunctis,
1169 1276 1208 1337 ad
1234 1276 1452 1339 defendendum
1471 1276 1664 1339 Finlandiam
1685 1275 1771 1353 longe

97 1370 227 1433 Linonia
246 1372 472 1445 incommodum,
491 1373 530 1435 do
549 1394 607 1453 qus
627 1376 694 1439 sola
713 1375 822 1437 bollum
842 1381 904 1437 tum
963 1368 1090 1431 laturum
1109 1371 1302 1451 paratiorem:
1322 1372 1351 1429 si
1372 1390 1427 1431 aec
1446 1390 1534 1433 eroes
1556 1378 1771 1430 controversae

98 1468 172 1537 erut,
192 1464 231 1525 sb
251 1484 289 1525 eo
308 1465 475 1545 acciperct3
495 1486 547 1546 pro
560 1467 667 1545 quibus
687 1469 802 1550 injuriis
813 1470 903 1529 omni·
963 1467 1065 1525 contra
1095 1465 1153 1525 rim
1184 1463 1325 1525 hostilem
1355 1461 1563 1523 detendendae
1595 1462 1627 1523 ci
1658 1470 1773 1537 essent,

97 1558 156 1620 lrus
174 1564 208 1619 ut
232 1556 311 1637 Regi
337 1558 440 1637 reique
466 1558 605 1639 publicae
630 1560 834 1633 satisfaceret,
854 1582 904 1640 po-
963 1576 1020 1617 nec
1046 1557 1152 1639 copiae
1177 1558 1208 1618 io
1232 1556 1352 1617 diversa
1370 1555 1520 1635 praesidia
1545 1554 1771 1641 distrslrendne.

98 1650 209 1713 stuluro
223 1652 334 1735 jussus
356 1649 420 1711 luit.
455 1652 581 1713 Secreto
599 1653 770 1715 mandatum
791 1656 819 1715 ei
838 1654 904 1725 fuit,
964 1648 1079 1711 interim
1109 1650 1148 1711 de
1174 1651 1293 1711 arbitris
1319 1650 1397 1709 inter
1424 1670 1461 1711 se
1491 1656 1715 1711 conuenturos:
1744 1658 1772 1709 et

96 1748 130 1805 ut
155 1764 220 1805 cum
247 1742 421 1805 hereditatis
441 1742 625 1823 sigismundi
643 1748 787 1826 Augrrsti:
814 1767 902 1829 poeu-
963 1742 1012 1803 vel
1030 1745 1172 1805 minutum
1190 1744 1411 1805 controversias
1435 1762 1539 1805 omnes
1559 1762 1666 1803 eorum
1687 1744 1772 1803 iuter·

97 1836 211 1897 uiarum
231 1838 260 1899 ei
279 1836 472 1899 crcdilanrm:
498 1838 578 1899 dotis
601 1841 765 1903 abeodem
784 1840 903 1921 promis·
963 1840 1054 1897 uentu
1074 1836 1125 1909 iri;
1147 1836 1196 1897 vel
1215 1837 1243 1897 si
1262 1836 1327 1897 tolli
1346 1856 1403 1897 cao
1421 1856 1480 1897 non
1494 1840 1638 1919 possent,
1657 1832 1771 1915 Reges

98 1948 169 2001 sse,
195 1950 252 1991 ucc
276 1930 346 1991 dum
377 1938 563 2007 numeratae,
594 1933 778 2016 aliarumque
806 1953 904 1995 rerum
962 1926 1092 1991 Nervam
1112 1928 1154 1991 illi
1173 1926 1370 2003 reddituum,
1388 1926 1524 2007 aliasque
1539 1928 1623 2011 juris
1643 1930 1690 1989 sui
1710 1948 1769 2009 prr-

98 2022 281 2105 qusrundsm
299 2024 475 2105 petitionem
496 2024 616 2087 Succos
634 2026 782 2087 relaturus
802 2026 904 2087 existi·
962 2020 1110 2101 sequendi
1136 2024 1269 2083 rationes
1293 2024 1447 2089 initurum:
1472 2042 1511 2083 ue
1533 2042 1607 2083 sero
1627 2020 1726 2083 l'raudi
1745 2024 1770 2081 ei

98 2124 239 2187 mrstur,
256 2116 572 2197 ostenderetquiden,
591 2120 679 2183 dian
692 2139 793 2181 aaron
807 2140 902 2181 teron
962 2120 1063 2185 osset.
1088 2112 1168 2195 quod
1193 2120 1311 2195 propter
1336 2134 1490 2175 cannono
1515 2114 1682 2195 perteutun
1703 2112 1769 2175 Νιτ-

97 2206 292 2288 petoudsrum
316 2212 458 2271 rationem
483 2232 569 2283 esse,
599 2220 770 2293 certumque
800 2212 839 2275 ds
865 2214 904 2275 iis
963 2228 1030 2269 rnnr
1048 2208 1108 2269 silri
1127 2208 1311 2281 tradidisset,
1331 2208 1460 2269 idoneae
1478 2208 1509 2267 iu
1529 2226 1596 2267 cunr
1618 2228 1725 2269 rasum
1743 2210 1770 2267 ri

95 2301 164 2381 jus,
184 2320 222 2363 ac
241 2322 353 2363 morem
372 2302 552 2385 judiciomm
578 2307 786 2387 antiquissimo
803 2306 905 2385 Regni
963 2306 1126 2363 canturam.
1166 2300 1305 2363 Proiecto
1325 2304 1388 2385 Jem
1416 2300 1612 2374 Alamannia,
1634 2300 1771 2363 Varsuri·

100 2392 317 2455 consuetudine
341 2404 510 2475 receptum:
528 2400 617 2459 aliam
637 2400 822 2481 injuriamnr,
842 2400 904 2477 qui·
963 2394 1030 2455 cius
1049 2414 1115 2455 cum
1136 2393 1243 2455 litteris
1268 2416 1287 2455 a
1308 2393 1429 2473 Regina
1449 2392 1559 2473 iligen
1578 2394 1672 2455 seuit.
1714 2394 1771 2455 lle·

98 2484 158 2545 lms
182 2486 222 2546 sl)
246 2484 298 2547 illo
316 2486 384 2547 Rea
408 2487 535 2551 allectus
555 2496 654 2565 essct:
679 2512 814 2573 quaeque
835 2510 904 2553 cum
964 2484 1009 2547 dit
1028 2492 1059 2547 et
1077 2485 1149 2563 lruie
1167 2486 1238 2549 Rex
1263 2486 1367 2549 endem
1388 2486 1571 2567 toro„qnso
1589 2486 1773 2549 Alamanuin

99 2578 139 2639 iis
163 2578 254 2641 mbas
279 2578 352 2641 nilril
376 2600 531 2643 commune
555 2581 716 2643 haberent:
747 2586 775 2645 si
803 2590 904 2647 tnmcn
965 2578 1034 2642 dats
1068 2578 1199 2650 lucrarrt,
1238 2578 1277 2639 sd
1309 2580 1441 2641 Suecinn
1470 2578 1581 2657 Rege·
1615 2580 1773 2641 msrrdsta.

100 2672 142 2731 ns
160 2670 320 2733 auimatum
340 2672 465 2745 uideret,
483 2680 517 2735 ut
535 2673 711 2737 doReralis
730 2696 848 2757 quoquc
867 2697 905 2740 ac
963 2672 1063 2733 Jussit
1081 2677 1198 2748 nutem,
1224 2678 1258 2733 ut
1282 2674 1310 2733 si
1336 2674 1459 2753 priore·
1481 2670 1626 2749 maura
1651 2672 1771 2753 aliquid

99 2766 177 2825 enni
192 2766 262 2849 jure
281 2764 426 2827 Lirouico
444 2766 533 2827 simul
551 2766 692 2831 decidere
715 2776 837 2851 paratus
857 2790 905 2831 cs·
964 2766 1158 2827 constituisse
1184 2764 1401 2839 intellexisset,
1427 2784 1482 2831 uun
1504 2762 1643 2845 exposita
1669 2762 1773 2841 Lega-

99 2862 164 2933 set:
192 2858 272 2921 dotis
292 2864 323 2921 et
342 2862 451 2937 mutui,
475 2858 556 2941 quud
577 2866 708 2942 poteret,
727 2863 905 2925 solutionem
934 2894 939 2984 Ι
964 2860 1046 2919 tione
1065 2878 1101 2919 so
1121 2858 1282 2938 reciperet:
1301 2860 1329 2919 si
1349 2858 1504 2919 iniectare
1516 2854 1675 2918 dimissum
1694 2876 1772 2917 eou-

98 2952 167 3013 sins
185 2952 246 3015 ulls
265 2954 443 3033 exceptione
464 2954 493 3013 ei
511 2950 708 3035 promitteret:
729 2956 906 3036 reliquarum
934 2994 938 3025 ,
963 2952 1110 3033 perisset,
1135 2950 1324 3013 ostenderet:
1348 2950 1428 3033 quod
1456 2950 1587 3033 rusjcrcs
1604 2948 1717 3027 Legati
1737 2972 1772 3009 eo

99 3046 365 3107 mnuoversisrum
377 3044 624 3127 disceptationem
642 3050 849 3111 communitus
861 3070 906 3111 nr·
934 3027 938 3057 ¹
962 3046 1031 3125 ipso
1051 3050 1185 3125 tempore
1210 3044 1240 3103 in
1259 3042 1450 3105 Muscarium
1474 3064 1493 3105 s
1518 3040 1609 3123 Rege
1627 3044 1770 3105 strarcu-

99 3136 186 3199 lritris
205 3136 322 3217 Regem
343 3138 569 3219 permissumm:
594 3146 626 3201 ut
645 3143 791 3204 communi
817 3143 905 3205 otiam
963 3142 1026 3199 tun
1048 3138 1176 3199 Crmilia
1196 3138 1284 3199 etism
1303 3137 1385 3197 brevi
1403 3134 1571 3200 indicturus
1580 3134 1652 3197 Rex
1669 3142 1768 3204 mett

99 3249 177 3313 paco
201 3230 517 3310 comprehenderetur,
542 3232 623 3311 apud
639 3232 781 3297 Muscam
807 3236 906 3297 elabo-
965 3250 1108 3293 summanr
1129 3230 1227 3307 illum,
1254 3238 1286 3293 ot
1311 3236 1345 3291 ut
1368 3248 1447 3311 pace
1473 3251 1493 3290 s
1512 3228 1616 3293 Mara
1634 3246 1768 3309 compre·

99 3332 230 3385 ratarum
266 3324 454 3397 ostenderet:
491 3326 541 3405 qui
575 3328 604 3387 si
637 3347 676 3387 ne
713 3328 753 3389 iis
788 3328 905 3407 quidem
934 3311 938 3425 l
965 3322 1154 3393 henderetur,
1173 3329 1204 3383 ct
1222 3322 1262 3385 do
1280 3324 1348 3385 aliis
1367 3324 1459 3385 rebus
1478 3324 1547 3385 suis
1565 3342 1631 3383 cu
1648 3318 1772 3382 Ordini-

100 3414 322 3477 conditionibus
347 3418 509 3495 permoveri
534 3438 572 3478 sc
597 3424 761 3497 pateretur:
787 3420 836 3481 rel
854 3442 905 3502 ps·
933 3430 938 3473 l
965 3417 1022 3477 ltus
1041 3416 1149 3495 agendi
1162 3416 1334 3479 facultatem
1349 3415 1534 3479 habiturum:
1555 3416 1635 3479 tanc
1650 3434 1772 3477 causan

102 3526 169 3569 cem
194 3528 263 3569 cum
288 3506 399 3571 Mosco
424 3518 535 3572 certam
555 3530 647 3592 opere
664 3512 763 3593 Regis
782 3513 810 3573 ei
830 3512 905 3585 lore,
966 3510 1063 3571 luisse
1081 3508 1173 3589 Regi,
1192 3515 1225 3571 ut
1246 3512 1305 3571 etsi
1322 3511 1387 3591 jam
1406 3516 1476 3573 aute
1497 3509 1606 3571 iisdem
1625 3508 1667 3571 de
1686 3510 1774 3569 rebus

100 3600 149 3661 uel
184 3600 265 3663 mille
302 3604 421 3685 equites
457 3604 488 3663 in
526 3604 635 3665 trellum
666 3605 906 3685 dioscoritieum,
933 3649 937 3730 Ι
966 3602 1113 3683 Legatum
1139 3602 1178 3666 ed
1197 3624 1265 3665 eum
1284 3604 1435 3665 misisset:
1461 3608 1562 3663 tamen
1589 3607 1621 3665 et
1640 3601 1774 3681 Regium

100 3702 203 3757 sumtu
228 3716 285 3759 sun
310 3695 426 3777 Regem
451 3698 479 3757 el
505 3698 715 3778 praestiturum
747 3700 906 3779 reciperet:
933 3737 937 3773 ;
966 3698 1104 3779 conjugis
1124 3716 1199 3757 susc
1217 3696 1356 3777 precilrus
1376 3705 1407 3757 et
1428 3706 1530 3757 mutus
1550 3694 1774 3757 necessitudine

101 3808 139 3849 cx
158 3808 257 3851 eorum
277 3790 413 3852 nimimm
431 3810 553 3871 genere,
573 3792 622 3869 qui
643 3792 798 3853 benefieiis
811 3792 907 3873 Sigis·
933 3778 936 3841 !
965 3792 1126 3861 adductus,
1146 3790 1244 3851 denuo
1264 3810 1300 3851 sc
1321 3790 1359 3851 ad
1379 3790 1459 3851 illum
1471 3790 1619 3851 mitteret:
1640 3788 1774 3869 luneque

100 3880 200 3941 nundi
219 3884 348 3963 Augusti
368 3884 480 3955 ornati,
510 3883 591 3945 lrnud
614 3884 698 3947 multi
724 3888 754 3947 in
773 3888 907 3949 militiam
933 3860 937 3947 i
965 3883 1207 3965 crplicsrrdamm
1233 3886 1363 3947 omnium
1383 3883 1486 3945 lrarum
1506 3884 1774 3945 conuurersisrusr

101 3994 169 4037 eam
200 3978 372 4039 conventuri
403 3986 524 4055 essent,
559 3977 650 4058 idque
683 4000 736 4060 pro
770 3979 907 4043 libertate
934 3966 938 4047 i
965 3978 1216 4061 opportunitatem
1246 3978 1274 4038 ei
1305 3976 1496 4057 significaret.
1534 3978 1571 4037 ln
1603 3976 1776 4038 conditioni·

101 4064 210 4129 Gentis
230 4068 391 4133 l‘nlonicae
414 4072 499 4133 salsa
518 4091 593 4151 pnco
618 4070 736 4151 publica
755 4092 813 4135 suo
831 4075 907 4136 artri·
935 4080 938 4095 '
965 4073 1024 4133 bns
1048 4071 1121 4133 nihil
1147 4070 1390 4149 quemadmodum
1416 4074 1574 4131 ostensum
1594 4074 1665 4142 est,
1686 4074 1775 4131 nuta·

101 4166 179 4221 tratu
199 4159 298 4221 lacere
317 4170 457 4240 possent:
476 4164 788 4245 stipendiosutemac
806 4173 906 4229 sumtu
935 4161 938 4185 '
964 4173 1027 4225 turn
1065 4164 1130 4225 luit.
1181 4165 1351 4243 Antequam
1382 4162 1461 4241 llige
1490 4160 1562 4223 llex
1595 4162 1774 4225 discederet.

101 4250 199 4331 Regis
224 4253 335 4316 tamdiu
361 4256 449 4317 lutari
475 4258 555 4338 apud
577 4278 643 4319 eum
663 4265 782 4330 essent,
808 4260 906 4339 qrroad
935 4314 938 4327 .
966 4260 1096 4339 majores
1127 4257 1278 4335 Legatos,
1311 4256 1350 4315 dc
1375 4257 1485 4336 quibus
1509 4254 1630 4317 dietant
1659 4266 1720 4327 est,
1745 4258 1774 4313 in

100 4344 205 4407 erdem
224 4366 315 4427 pace,
339 4367 427 4429 quam
449 4372 515 4411 eurr
535 4350 624 4429 Rege
644 4350 783 4427 haberet,
809 4356 904 4435 ipsum
935 4428 938 4433 q
965 4350 1153 4415 Muscarium
1186 4350 1371 4427 designavit,
1401 4350 1548 4409 donnrrenr
1580 4348 1776 4411 znonoro·

99 4458 218 4521 quoquo
242 4438 371 4501 Muscas
400 4443 679 4524 comprehenderet:
710 4445 791 4525 quod
815 4448 843 4507 si
869 4468 906 4511 eo
935 4514 938 4535 Ι
967 4442 1135 4505 Palatinum
1164 4442 1422 4513 Brasiai-iensem,
1458 4440 1626 4503 Nicolaum
1661 4440 1777 4504 Talrns·

98 4538 231 4615 tenpore
256 4532 295 4594 do
321 4532 465 4609 biennia,
493 4556 583 4616 quam
606 4542 737 4613 teneret,
767 4540 907 4602 uniuersa
935 4578 938 4625 Ι
965 4536 1043 4597 mam
1063 4536 1268 4599 castellanum
1290 4536 1489 4613 Samogitine,
1514 4534 1706 4597 dliclraelen
1724 4534 1776 4597 llr·

97 4628 263 4707 transigere
282 4629 401 4689 Saccus
419 4629 547 4691 alienum
571 4631 770 4705 existimarem
796 4630 906 4694 docere
965 4627 1131 4691 raburdnm.
1169 4628 1312 4693 Mandata
1333 4628 1411 4695 lroec
1436 4630 1474 4689 iis
1494 4627 1565 4689 datu
1586 4628 1727 4697 luemnt,
1748 4640 1776 4687 ut

94 4721 204 4801 jussus
223 4720 293 4798 luit,
323 4742 382 4783 nou
404 4730 607 4785 recusaturum
626 4723 758 4803 Regem,
778 4745 836 4804 quo
856 4728 907 4785 nri·
959 4726 1129 4806 juramento
1155 4724 1184 4783 iu
1205 4742 1310 4805 pacem
1329 4744 1349 4785 a
1367 4723 1473 4785 llloscn
1492 4724 1627 4799 cincto,
1650 4724 1691 4785 de
1709 4722 1777 4785 Suc

101 4832 158 4873 nus
177 4816 377 4877 communiam
395 4818 556 4879 emiecmm
577 4818 745 4879 interuentu
764 4818 904 4899 quicquid
965 4816 1030 4879 ciac
1055 4826 1212 4898 praeterea
1236 4816 1324 4895 Rege
1349 4816 1453 4877 endem
1478 4834 1556 4897 pace
1584 4816 1777 4899 comprehen-

98 4902 175 4963 inter
195 4928 249 4969 eos
271 4920 356 4973 osset
376 4910 613 4987 controversiae,
634 4912 770 4993 componi
790 4918 904 4992 patere·
964 4908 1064 4971 dendo
1083 4917 1216 4989 agerent.
1255 4912 1303 4971 lle
1322 4910 1422 4973 ll'arra
1442 4916 1558 4985 autem,
1584 4930 1628 4971 ac
1649 4911 1720 4971 aliis
1737 4928 1778 4969 ra·

99 5002 163 5055 tur:
187 5000 216 5057 si
242 5000 313 5079 qrritl
333 5004 420 5065 ctiam
441 5004 552 5066 debere
571 5004 612 5065 illi
634 5004 797 5079 rideretur,
822 5026 904 5086 prae·
965 5004 1062 5065 stellis
1082 5004 1250 5073 Lironicis,
1276 5024 1354 5083 quaa
1373 5024 1393 5065 a
1416 5002 1519 5065 Suecn
1538 5008 1738 5075 tenerentur,
1756 5002 1779 5061 si

98 5094 210 5149 staret:
235 5092 322 5153 modo
347 5096 386 5156 do
410 5096 512 5159 Nerva
534 5099 650 5159 iuterim
675 5099 706 5159 iu
731 5118 839 5159 omues
858 5121 905 5162 ca·
965 5102 1131 5157 tentaturus
1165 5118 1201 5158 ca
1232 5095 1361 5157 llloscus
1392 5106 1493 5167 esset,
1526 5096 1778 5179 quemadmodum

95 5202 153 5243 sus
172 5184 290 5263 utrique
309 5190 385 5247 satis
404 5192 635 5268 prospiceretur:
656 5191 762 5253 nmium
783 5194 843 5273 ipsi
863 5194 904 5254 in·
967 5210 1018 5268 per
1038 5189 1154 5251 litteras
1173 5190 1241 5251 lter
1261 5192 1326 5271 jam
1348 5190 1552 5255 ostendisset.
1580 5213 1645 5251 nna
1667 5190 1768 5253 :letata
