3742 5626
483 254 537 317 lili.
556 250 1172 331 subnomoscov1slco,blsss
1191 256 1232 315 V.

630 608 835 686 sessu
867 608 1153 705 aurnuns.

788 830 988 861 ...ι-...ω

130 1074 308 1139 Ζοιιιιιιοίιιι
327 1070 463 1155 prolecto
490 1074 636 1135 ecastris
659 1070 747 1151 llsge
771 1068 862 1133 disci·
920 1080 954 1134 ut
972 1068 1145 1135 wirundum
1165 1080 1295 1153 putaret,
1314 1072 1480 1135 babituram
1511 1077 1726 1157 perspexisset,

56 1171 167 1252 plinam
186 1168 320 1251 inprimis
340 1165 512 1241 militarem,
538 1184 626 1247 mam
651 1164 729 1227 alias
753 1183 862 1243 nagera
920 1162 1029 1242 ligneis
1048 1163 1185 1228 castellis
1205 1184 1242 1229 ex
1260 1164 1725 1231 vicinarnmuillarumaedibciis

57 1282 129 1325 cura
147 1261 295 1331 tuebatur,
314 1278 373 1340 qno
392 1258 470 1333 inter
488 1266 534 1320 tot
552 1256 745 1319 diiticultates
760 1258 791 1317 in
811 1256 862 1317 ho·
921 1259 1110 1328 constructis,
1130 1256 1398 1339 opportunissimas
1418 1280 1553 1343 quosque
1570 1264 1647 1339 uias,
1667 1280 1726 1325 ma·

56 1358 136 1417 stico
155 1356 253 1416 omnia
272 1350 446 1431 diligentins
465 1346 734 1431 circumspicienda
752 1348 810 1409 sibi
821 1350 862 1409 ui·
920 1351 998 1411 xime
1016 1368 1098 1425 uero,
1118 1370 1196 1432 quae
1215 1371 1233 1414 a
1254 1348 1371 1427 Udova,
1391 1354 1538 1429 Porcovu,
1557 1362 1589 1417 et
1603 1352 1725 1419 Plesco·

56 1447 156 1519 debet,
176 1466 213 1507 eo
232 1444 411 1509 accuratiori
435 1440 539 1505 studio
557 1444 667 1503 sanxit
706 1440 754 1505 Ex
777 1462 863 1523 prae·
920 1444 970 1503 ria
990 1438 1264 1524 storognrdiam
1284 1447 1443 1527 pertinent,
1464 1466 1628 1529 occupare3
1647 1466 1727 1509 cnm·

56 1540 154 1617 lectis,
174 1539 225 1621 qui
245 1544 355 1613 aetate,
374 1534 487 1608 ordine,
512 1554 550 1597 ac
573 1554 632 1595 usu
657 1534 701 1595 rei
725 1534 864 1597 militaris
921 1553 980 1615 que
999 1542 1084 1615 parte
1110 1540 1258 1599 exercitus
1282 1540 1349 1619 ipse
1370 1536 1594 1618 Noregardiam
1617 1560 1726 1603 versus

57 1628 414 1702 ceterosautecedcbant,
432 1626 473 1689 ad
491 1648 569 1710 quos
589 1626 628 1689 de
646 1626 863 1689 secretioribus
921 1630 952 1688 in
978 1624 1128 1692 Prcbnsio
1153 1631 1304 1693 Simeonis
1333 1650 1426 1711 supra
1458 1631 1602 1695 limarsum
1628 1632 1726 1695 locum

57 1726 226 1809 quibusque
250 1745 288 1786 uc
307 1720 494 1802 gravioribus
525 1719 617 1783 rebus
642 1719 781 1793 referret,
807 1739 864 1782 sen
922 1717 981 1781 sub
1000 1723 1091 1783 tectis
1112 1726 1294 1795 corrsistercr
1313 1730 1429 1803 partem
1449 1719 1518 1785 dum
1538 1724 1636 1804 glacie
1655 1746 1724 1787 con·

58 1818 178 1900 delegit.
228 1816 379 1877 Senatorii
400 1813 516 1875 ordinis
540 1812 726 1875 stanislaum
750 1810 863 1874 Turno·
923 1820 1024 1875 cretum
1043 1813 1129 1877 lacus
1149 1823 1242 1888 esset,
1263 1818 1294 1877 in
1305 1813 1413 1877 Prisca
1425 1814 1539 1889 Rnssa,
1558 1824 1590 1877 et
1602 1814 1728 1879 Oiass-

57 1914 136 1972 ritum
155 1908 402 1983 Redemiensem,
422 1906 607 1988 Stephanum
631 1903 863 1969 Grudsioscium
922 1924 996 1987 cosa
1023 1910 1187 1987 pertinere,
1211 1911 1309 1989 iisque
1336 1929 1372 1969 cx
1400 1907 1476 1969 locis
1501 1906 1639 1971 omuibus
1663 1916 1725 1973 tam

57 2002 251 2077 limiensem,
277 1999 480 2062 castellanos.
520 2000 567 2063 Ex
603 1997 672 2059 aliis
701 1998 863 2061 brocatum
920 1996 1120 2075 Plescouiam,
1138 2020 1227 2081 quam
1248 1995 1469 2079 Norognrdiam
1489 2020 1634 2081 premere,
1647 2000 1726 2065 latis·

58 2096 212 2179 VeJcrum,
224 2094 387 2156 lllnrtirmm
398 2092 609 2165 casanovinm,
627 2089 775 2153 loannem
788 2092 864 2154 hes«
919 2092 1055 2173 simeque
1072 2112 1165 2174 supra
1185 2090 1407 2173 lt'ovogardnn
1427 2112 1533 2155 versus
1548 2092 1677 2157 Tvcram
1697 2104 1728 2159 ct

56 2189 250 2260 norolscium,
270 2182 496 2263 sigismundum
514 2184 679 2246 Rosoinnrr
703 2186 813 2245 esteris
832 2186 863 2243 in
921 2184 1105 2245 bloscuviam
1133 2187 1305 2247 u·oatitutern
1343 2182 1532 2247 circumferre
1560 2186 1724 2267 cogitabat.

58 2280 150 2343 rebus
171 2298 276 2341 omues
294 2276 334 2341 ad
354 2278 510 2339 eonrsilinm
529 2274 702 2339 adhibebat
742 2277 863 2338 iuterim
921 2273 969 2339 lta
988 2284 1097 2352 meren,
1116 2286 1149 2339 ut
1168 2275 1267 2358 quoad
1293 2278 1406 2350 liceret,
1433 2278 1558 2357 primam
1581 2280 1726 2343 rstioucm

58 2368 305 2455 quemadmodum
324 2370 391 2431 Rex
410 2391 476 2432 cun
497 2368 549 2430 illo
563 2370 771 2441 constituerat,
796 2388 862 2431 cam
923 2376 1012 2449 atque
1036 2366 1225 2433 l'lescouiam
1255 2390 1343 2451 quam
1372 2366 1542 2433 diutissime
1566 2375 1725 2435 retirmretr

58 2471 89 2527 in
108 2486 171 2527 rem
192 2464 271 2525 omni
290 2460 393 2525 studio
412 2460 613 2539 incumbebat,
632 2471 667 2523 ut
684 2463 712 2523 si
728 2480 865 2543 pereum
923 2480 980 2521 nec
1000 2462 1057 2523 nisi
1083 2461 1190 2525 hiemis
1215 2470 1268 2527 aut
1293 2470 1477 2525 commentus
1501 2460 1728 2529 difficultatibus

58 2560 147 2621 hoste
165 2578 225 2619 non
237 2557 438 2632 conuenisset,
452 2552 492 2618 ad
504 2553 690 2617 obsidionem
701 2574 790 2637 quarn
801 2551 864 2615 diu·
923 2551 1051 2616 adactus
1069 2554 1110 2617 ab
1130 2576 1166 2615 ea
1185 2562 1328 2617 moueret.
1371 2555 1516 2631 Militem,
1536 2576 1623 2636 quem
1648 2560 1728 2621 circa

58 2654 175 2713 tissime
194 2646 434 2723 continuandum,
454 2650 591 2728 lanaeque.
616 2665 653 2708 nc
672 2650 800 2709 omnium
820 2666 866 2707 rc-
922 2644 1131 2711 Svintoborum
1143 2646 1485 2729 suprul’lescouiamad
1499 2643 1660 2710 Udovense
1672 2650 1730 2711 iter

58 2762 122 2805 rurn
149 2744 250 2825 iuopia
274 2740 314 2801 ad
339 2738 520 2802 deditionem
547 2738 650 2800 urbem
675 2736 864 2817 adigendam,
923 2735 1121 2801 obsidentium
1157 2739 1224 2803 leco
1255 2741 1508 2821 opportunissimo
1539 2739 1727 2817 collocutum,

58 2842 206 2898 instmcta
225 2836 324 2895 omunia
343 2853 380 2893 sc
401 2840 505 2911 parata
530 2830 665 2891 haberet.
704 2830 751 2890 lls
775 2828 865 2909 hujus
923 2838 993 2891 arete
1013 2840 1167 2893 ostesssum
1187 2840 1242 2903 est
1262 2832 1506 2892 minimointcrim
1518 2827 1726 2895 dimovendum

58 2932 158 2989 sumna
176 2928 219 2985 rei
239 2943 386 2985 successu
404 2942 465 2983 eron
486 2919 680 2983 dubitandum
705 2918 764 2981 sibi
789 2922 865 2981 eris·
923 2921 1096 2997 arbitratus,
1114 2943 1153 2984 ns
1171 2930 1272 2985 tamen
1290 2924 1444 3005 repentina
1456 2924 1654 3005 impressione
1674 2944 1724 3007 op·

60 3018 196 3092 timebat,
215 3012 297 3097 qnod
315 3022 457 3097 quantum
477 3015 507 3075 in
527 3012 601 3075 urbe
625 3014 747 3089 virium,
774 3032 865 3095 appa·
922 3016 1008 3096 primi
1026 3014 1067 3077 ab
1084 3012 1223 3079 hostibus
1242 3022 1364 3097 posset,
1388 3016 1532 3097 majorem
1549 3013 1727 3098 peditatum,

58 3119 143 3173 retum
161 3109 280 3185 bellici,
310 3116 495 3171 commeatus
519 3126 557 3170 ac
585 3108 630 3167 rei
656 3105 866 3169 frumentariae
923 3126 961 3171 uc
979 3110 1093 3173 minora
1102 3116 1247 3171 tormenta
1259 3108 1384 3189 aliquot,
1394 3106 1638 3191 Stsrrislsumque
1648 3112 1728 3175 Pen=

58 3210 153 3279 esset,
172 3198 624 3281 erSuturnrascribaSrojscii,
642 3200 693 3279 qul
713 3200 744 3259 in
763 3216 865 3261 exem·
923 3198 1086 3263 coslooinm
1111 3204 1139 3263 ci
1157 3198 1305 3281 adjungit.
1344 3199 1381 3263 Si
1404 3200 1502 3265 bostis
1526 3202 1727 3270 incursionem

58 3299 146 3359 siene
164 3292 293 3376 quadam
311 3292 371 3354 una
396 3310 463 3353 cun
492 3290 584 3353 frene
615 3298 722 3373 captus
752 3290 865 3353 luerat:
924 3296 954 3355 in
974 3312 1030 3357 eos
1048 3292 1149 3369 iaciat,
1167 3291 1368 3355 diereaillurn
1386 3292 1522 3367 militare,
1540 3314 1600 3377 qno
1618 3316 1724 3380 propo·

58 3408 124 3461 seu,
142 3382 390 3470 quemadmodum
410 3386 487 3467 ipse,
506 3388 664 3466 postquam
683 3386 714 3445 in
732 3391 866 3465 potesta·
923 3389 984 3449 sito
1002 3388 1216 3468 quamprimum
1235 3382 1274 3449 ad
1295 3404 1382 3466 opem
1400 3382 1727 3451 iislerendamoeorrri

59 3491 120 3544 unt
138 3488 308 3542 nostrornm
333 3480 540 3559 pervenisset,
568 3496 641 3557 prae
670 3496 707 3538 se
738 3476 866 3553 serebat,
924 3478 1033 3559 possit,
1057 3486 1147 3541 nocte
1171 3482 1272 3559 ignem
1291 3477 1398 3543 tollere
1417 3498 1473 3539 cos
1489 3478 1587 3559 jubet.
1627 3480 1726 3543 Simul

59 3574 271 3653 transfugerat,
290 3579 396 3633 exacte
417 3573 566 3650 cognitum
586 3567 726 3643 babebat,
754 3566 866 3631 subdu·
924 3592 963 3633 no
980 3567 1121 3633 discessu
1142 3570 1240 3651 Regio
1259 3578 1340 3633 metu
1359 3574 1437 3632 omasi
1449 3570 1607 3633 liberatum
1626 3592 1662 3635 se
1675 3574 1725 3635 ho·

59 3668 177 3749 otiaque
195 3664 378 3738 rationibus,
401 3664 429 3725 si
454 3682 558 3724 ornnes
590 3659 630 3721 od
659 3658 867 3741 importandoa
923 3665 981 3725 stis
1000 3670 1130 3743 putaret,
1148 3664 1178 3725 in
1195 3682 1300 3725 omnes
1320 3664 1363 3723 rei
1382 3660 1533 3739 gerendae
1547 3666 1726 3727 occasiones

60 3765 91 3821 ia
109 3759 213 3822 urben
233 3764 416 3819 commeatus
436 3776 474 3816 ac
493 3752 631 3815 subsidio
655 3752 757 3814 aditus
783 3772 867 3834 prae·
925 3758 1056 3817 intentos
1077 3762 1152 3816 erat.
1196 3754 1284 3830 Quae
1309 3755 1453 3833 eogitami
1480 3776 1517 3817 ex
1541 3758 1726 3835 superiorum

60 3852 215 3923 elusisset,
235 3870 295 3909 non
315 3847 438 3907 multum
457 3845 535 3907 ultra
545 3864 677 3907 mensem
690 3844 865 3925 lllejumsu·
924 3855 1090 3928 temporum
1109 3844 1314 3927 pabulatorum
1335 3843 1467 3920 licentia,
1490 3848 1539 3925 qni
1559 3850 1669 3927 partito
1696 3851 1725 3911 iu

59 3948 165 4007 odacri
198 3938 386 4002 obsidionem
415 3957 507 4019 posse
538 3936 717 4018 reperiebat.
761 3939 866 4017 ltaque
924 3936 1001 3999 dnos
1020 3940 1143 4019 inperio
1162 3936 1290 4008 militari,
1315 3956 1422 4015 magna
1448 3942 1602 4017 praeterea
1627 3939 1727 4001 volun·

59 4042 108 4099 sie
126 4054 162 4095 se
180 4029 390 4113 comparabat,
409 4038 443 4089 ut
461 4030 510 4091 vel
535 4050 572 4091 ex
601 4026 709 4090 iisdem
737 4032 866 4103 stativis,
924 4032 1064 4093 lariorum
1085 4036 1170 4112 purte
1190 4028 1299 4091 nnllam
1315 4030 1433 4109 lnrperii
1453 4032 1665 4095 necessitatem
1683 4054 1727 4095 re·

59 4124 480 4209 quemadmodumcumque
504 4120 614 4183 lactum
647 4120 757 4193 luerat,
787 4120 867 4185 obsi·
926 4126 1064 4204 cipicutc,
1084 4125 1152 4185 sisse
1171 4130 1251 4183 metu
1271 4121 1318 4183 uel
1339 4122 1454 4201 imperii
1481 4120 1529 4183 vel
1554 4122 1652 4185 bostis
1678 4146 1727 4190 ua·

60 4220 152 4281 dione
171 4216 275 4277 urbem
295 4222 453 4297 premeret,
471 4222 525 4277 aut
548 4215 577 4275 si
604 4213 711 4275 hiemis
730 4216 867 4291 saeuitia,
925 4213 1083 4293 gabantur,
1103 4236 1159 4275 nec
1180 4234 1247 4275 roro
1266 4213 1325 4275 oub
1350 4212 1435 4293 ipsos
1460 4234 1562 4277 murus
1584 4214 1727 4281 sumede·

60 4332 97 4377 ae
118 4316 312 4383 contuerentur,
333 4310 383 4389 qui
403 4316 474 4369 ante
493 4306 590 4367 omnis
609 4304 722 4368 saresb
737 4309 868 4369 exercitu
925 4308 1012 4379 bont,
1039 4303 1178 4369 accidere
1202 4326 1296 4387 posse
1315 4304 1486 4369 facultatem
1508 4310 1553 4371 rai
1578 4309 1730 4389 gerendae

60 4408 257 4483 consumptus
276 4399 383 4475 lueret,
401 4402 552 4479 angustia,
571 4418 631 4481 qno
651 4402 749 4460 minna
775 4396 808 4459 id
827 4397 869 4463 la·
925 4408 1020 4477 ratus,
1041 4396 1091 4463 die
1109 4398 1150 4463 Ι).
1170 4398 1299 4463 Nicolao
1318 4418 1418 4475 mero,
1436 4400 1487 4481 qui
1506 4401 1556 4465 vel
1575 4406 1730 4467 maximes

61 4502 258 4577 compescet,
271 4491 487 4575 prohiberetur,
505 4500 641 4555 remeato
658 4494 869 4573 interimprae·
925 4490 1043 4557 lllescis
1062 4490 1248 4569 observatur,
1267 4492 1385 4555 idoneis
1404 4492 1482 4555 locis
1501 4494 1594 4557 milita
1612 4496 1643 4555 in
1661 4496 1731 4557 iusi·

61 4588 112 4651 dis
132 4608 169 4649 cx
188 4586 307 4648 hostico
326 4580 453 4665 agendis
478 4584 585 4661 milite,
609 4585 761 4649 Peesurae
786 4582 869 4667 pedi·
926 4583 986 4649 diis
1005 4584 1165 4662 collocato,
1184 4604 1287 4647 corros
1306 4586 1420 4667 aliquot
1439 4588 1605 4667 propinquo
1624 4606 1731 4649 amoe-

60 4688 154 4745 nnn
175 4698 308 4750 ornnem,
327 4698 365 4739 ac
398 4683 609 4739 tormentorum
628 4686 742 4759 partem
768 4676 868 4741 admo·
928 4677 1018 4741 nibus
1036 4679 1137 4762 spatio
1162 4682 1213 4757 agi
1235 4676 1338 4758 jubet;
1375 4696 1476 4739 verum
1503 4675 1562 4740 diei
1588 4678 1732 4757 religione

62 4782 155 4849 reret,
174 4792 263 4854 ιῐιιιιιιι
284 4770 323 4833 ob
352 4788 474 4831 causam
496 4777 527 4831 et
546 4790 623 4850 quae
640 4778 710 4833 ante
726 4772 869 4834 comissa
928 4773 1062 4851 quamvis
1082 4769 1233 4850 objectam
1259 4765 1400 4849 praedem
1425 4768 1565 4832 hostibus
1589 4790 1732 4851 spernen-

63 4865 187 4939 iuerant,
207 4872 355 4929 tormenta
374 4882 433 4923 non
456 4859 634 4923 doduacrstr
667 4881 762 4941 eaque
781 4882 869 4923 occu·
928 4862 1019 4935 tibus,
1039 4858 1118 4923 idem
1138 4862 1233 4923 alteru
1252 4861 1301 4923 die
1321 4859 1384 4921 lieri
1405 4864 1539 4941 imperat.
1581 4860 1731 4927 Consede-

64 4964 136 5039 pats
155 4958 245 5019 simili
264 4961 380 5019 ratione
399 4954 564 5017 Percoran
583 4974 622 5017 ac
642 4952 780 5015 Udorum
800 4956 870 5015 vici·
928 4960 995 5015 rant
1022 4957 1140 5035 partitis
1171 4952 1291 5017 insidiis
1321 4955 1351 5013 in
1380 4954 1542 5015 vicinarum
1572 4952 1738 5032 fossarum,

63 5070 102 5113 na
121 5052 248 5114 castella
268 5055 471 5131 oppuguarotr
492 5044 713 5129 praesidiisque
730 5050 871 5129 iisimpo·
930 5066 1007 5127 quae
1027 5046 1162 5109 imbrium
1182 5066 1256 5107 casu
1275 5044 1375 5107 iactae
1394 5054 1494 5121 erant,
1521 5067 1579 5111 una
1598 5048 1731 5129 llungsri

64 5147 134 5207 sitis
155 5144 261 5207 hostes
281 5146 360 5203 intro
373 5144 492 5203 moenia
504 5138 678 5223 compulsos
690 5142 872 5213 contineretr
930 5138 1062 5218 equites:
1087 5141 1116 5199 in
1136 5138 1231 5203 altera
1258 5136 1429 5199 Stanisiaus
1448 5136 1609 5203 Zolbsoina
1633 5140 1732 5207 adole

63 5242 90 5298 ai
110 5236 182 5315 pta·
193 5232 379 5295 ducatum
390 5235 640 5315 oppugnationem
653 5254 766 5305 eornm,
784 5252 872 5313 quam
931 5250 1031 5301 socrus,
1052 5238 1083 5291 et
1094 5230 1229 5293 desertores
1242 5232 1418 5293 Cretensium
1431 5232 1732 5311 l’rijesnscianaetur·

1337 5334 1382 5389 ll'
