3734 5610
95 200 132 265 u
685 199 816 255 RERUM
831 197 1166 256 uoscnvt'rtcsnvs

98 350 899 432 lina,sirealiudaliquodanimalium,ldabborrcnttnu·
954 370 1018 411 runr
1042 352 1110 432 juro
1143 352 1259 434 patriae
1290 350 1446 432 potestatis
1484 353 1613 415 rendere
1648 361 1760 433 potest,

98 447 345 526 quamimpurum,
362 443 421 516 Qui
435 448 899 526 veropauperiorossunteorum
956 442 1032 504 Post
1050 450 1181 524 quartam
1203 451 1301 505 auteur
1321 444 1528 518 venditionem,
1547 447 1588 509 nil
1603 448 1681 528 juris
1700 469 1761 510 am·

98 561 207 600 uxores
228 539 409 600 domesticos
428 538 547 599 labores
567 540 691 609 obeunt,
712 544 742 598 et
761 546 900 616 coquunt.
956 536 1034 614 plius
1054 539 1083 597 in
1107 538 1197 597 filium
1216 536 1315 599 babet.
1362 537 1473 599 Ultimo
1501 540 1648 619 supplicio
1674 541 1760 601 solus

100 632 257 694 Caeterum
277 652 342 691 cum
362 633 433 691 viris
453 632 629 693 absentibus
649 631 733 702 sorte,
754 638 783 690 et
794 632 900 700 servis,
957 628 1102 710 Princeps
1122 651 1238 701 servos,
1259 640 1290 690 et
1310 631 1387 693 alios
1407 631 1526 692 allicere
1546 640 1656 714 potest.

99 726 225 805 gallinas
242 723 377 807 jugulare
397 725 512 796 volunt,
538 731 619 787 stant
637 745 689 805 pro
711 723 840 795 loribus,
860 730 901 784 te·
1032 721 1180 803 Princeps
1206 723 1314 795 altero,
1340 735 1390 785 aut
1415 726 1500 785 tertio
1526 748 1645 806 quoque
1670 749 1760 798 nuno,

100 824 207 882 nentes
226 817 373 896 gallinam,
392 824 444 879 aut
463 817 542 877 aliud
561 817 684 887 animal,
711 827 742 877 et
763 817 900 876 cultrum:
957 835 1010 894 per
1029 817 1199 896 provincias
1216 815 1333 877 delectu
1353 816 1463 888 habito,
1484 820 1561 879 tilios
1579 819 1758 902 Bojaronum

99 914 382 996 praetereuntesque
401 912 489 983 viros,
509 919 541 970 ut
560 911 617 988 ipsi
637 909 819 981 interficiant,
839 909 900 990 plu-
957 910 1131 968 conscribit:
1158 914 1190 969 ut
1210 931 1359 970 numerum
1380 910 1506 982 illorum,
1535 917 1565 972 ct
1584 921 1657 992 quot
1678 917 1757 994 quis·

100 1007 203 1065 rimum
224 1010 335 1082 rogant.
956 1021 1014 1080 que
1042 1022 1137 1081 eques
1169 1020 1206 1061 ae
1236 1004 1398 1063 servitores
1429 1003 1551 1075 babeat,
1584 1015 1757 1083 cognoscat

176 1097 343 1157 Rarissime
362 1099 391 1156 in
411 1097 528 1178 templa,
548 1094 643 1155 rarius
663 1095 752 1154 etiam
772 1093 811 1155 ad
831 1094 900 1153 anri·
956 1092 1034 1153 Dein
1049 1095 1176 1173 singulis
1190 1095 1336 1177 stipendia
1348 1099 1491 1177 proponit,
1506 1108 1537 1157 ut
1548 1099 1758 1176 supradictum

100 1213 201 1254 corum
221 1188 377 1268 colloquia,
397 1190 456 1249 nisi
477 1209 569 1249 senes
582 1186 738 1249 admodum
749 1190 819 1259 sint,
842 1208 900 1247 om·
957 1196 1014 1247 cst.
1043 1187 1104 1258 Qui
1126 1206 1193 1248 vero
1215 1209 1266 1267 per
1285 1188 1443 1251 facultates
1463 1193 1505 1252 rei
1525 1191 1678 1251 familiaris
1690 1214 1758 1269 pos-

102 1288 191 1365 uique
211 1282 384 1363 suspicione
405 1291 540 1353 careant,
559 1280 761 1344 admittuntur.
802 1283 900 1341 Certis
927 1276 930 1301 ¹
957 1286 1036 1351 sunt,
1057 1280 1205 1358 stipendio
1227 1281 1358 1341 militant.
1379 1282 1460 1343 Raro
1482 1283 1540 1343 illis
1554 1284 1639 1343 datur
1659 1287 1757 1362 quies:

101 1385 198 1441 amen
219 1386 249 1437 et
269 1374 388 1435 lestinis
409 1374 516 1435 diebus
535 1376 624 1436 animi
634 1376 727 1453 gratia
736 1375 902 1435 concedunt
927 1384 930 1425 t
957 1395 1023 1433 nam
1042 1383 1093 1434 aut
1112 1374 1219 1435 bellurn
1240 1375 1327 1434 insert
1347 1373 1513 1447 Litbuanis,
1534 1383 1585 1437 aut
1597 1377 1757 1436 Lironien-

101 1470 246 1533 uxoribus
267 1487 304 1528 ac
325 1468 451 1540 filiabus,
471 1478 503 1528 ut
522 1469 551 1528 in
571 1468 901 1551 pratis'anroonissimis
928 1478 931 1519 t
956 1467 1057 1536 sibus,
1077 1475 1128 1525 aut
1148 1466 1363 1539 Suetensibus,
1383 1475 1433 1530 aut
1453 1470 1584 1531 Tartaris
1605 1470 1757 1530 Casanen·

103 1564 291 1633 conveniant,
310 1560 361 1620 ubi
381 1580 471 1638 super
489 1559 616 1643 quadam
637 1566 700 1623 reta
719 1563 812 1620 instar
831 1559 855 1620 F
858 1581 901 1618 or·
928 1554 931 1587 ¹
956 1559 1057 1631 sibus;
1077 1568 1129 1619 aut
1148 1561 1174 1619 si
1197 1560 1304 1621 nullum
1327 1561 1433 1624 bellum
1451 1565 1533 1641 gerit,
1554 1563 1703 1644 praesidia
1713 1573 1757 1623 ta·

102 1667 192 1721 tunae
219 1654 400 1725 insidentes,
427 1653 591 1715 alternatim
616 1675 733 1715 sursum
759 1673 795 1712 ac
819 1652 901 1712 deor·
929 1680 931 1721 Ι
958 1672 1022 1709 meu
1048 1653 1077 1710 iu
1103 1653 1239 1729 singulos
1264 1676 1359 1715 annos
1385 1657 1414 1715 in
1434 1656 1509 1716 loeis
1529 1657 1608 1717 circu
1628 1657 1755 1717 Tanaim

102 1774 168 1813 sum
188 1752 355 1810 moventur:
387 1753 437 1808 aut
462 1748 573 1827 alioqui
600 1748 698 1809 sunem
723 1744 902 1825 appendunt,
929 1726 932 1803 l
957 1750 987 1804 et
1008 1742 1131 1816 Occam,
1150 1745 1188 1805 ad
1208 1747 1407 1825 reprimendas
1427 1748 1611 1809 Tartarorum
1631 1749 1757 1810 Praeco-

103 1866 162 1925 quo
184 1861 351 1923 suspensae
370 1861 406 1900 ac
426 1841 603 1911 insidentes,
622 1840 693 1901 hine
713 1838 781 1898 inde
802 1837 902 1916 impul·
958 1838 1094 1917 pensiurn
1118 1840 1288 1920 eruptiones
1314 1862 1349 1900 ac
1372 1840 1626 1919 depraedationes,
1654 1845 1757 1921 viginti

104 1928 159 1999 sae
178 1936 320 2004 teruntur,
340 1940 566 2013 moventurque:
585 1932 902 2012 autdeniquequibus-
959 1931 1036 1989 milia
1062 1929 1211 1992 bominum
1238 1935 1390 2012 imponere
1416 1936 1505 1995 solet.
1554 1936 1641 1996 Solet
1667 1939 1757 1996 etiarn

104 2031 171 2093 dam
196 2038 226 2090 et
252 2028 343 2087 cortis
370 2026 542 2098 cantilenis,
568 2027 704 2085 rnanibus
728 2025 903 2103 plaudentes
929 2036 932 2079 1
958 2026 1116 2104 quotannis
1142 2047 1179 2085 ex
1203 2028 1269 2087 suis
1297 2029 1454 2106 provinciis
1485 2027 1586 2089 ordine
1611 2029 1756 2110 quosdam

104 2146 140 2187 se
166 2123 329 2189 oblectant,
358 2117 484 2179 choreas
512 2140 633 2197 prorsus
658 2119 753 2179 nullas
780 2118 901 2179 ducunt.
958 2137 1073 2187 vocare,
1094 2119 1142 2197 qui
1168 2116 1340 2179 blascoviae
1360 2122 1417 2180 sibi
1438 2123 1535 2182 omnia
1553 2142 1589 2181 ac
1609 2123 1757 2202 quaelibet

102 2200 161 2281 Eat
180 2212 356 2278 Moscoviae
381 2210 499 2291 quidam
519 2213 682 2273 Alemanus
707 2212 789 2272 saber
815 2213 902 2272 terra·
930 2286 932 2295 Ι
957 2216 1110 2291 praestant
1129 2210 1235 2271 ollicia
1261 2212 1339 2274 Belli
1359 2220 1457 2274 autem
1477 2224 1615 2297 temporo,
1637 2237 1757 2277 nonan·

103 2315 176 2381 rius,
196 2311 389 2383 cognomento
408 2303 565 2376 Jordanus,
586 2306 636 2383 qui
648 2304 771 2365 duxerat
782 2326 902 2364 uxorem
930 2316 933 2335 ²
959 2305 1027 2363 nnis
1049 2324 1085 2363 ex
1105 2303 1208 2365 ordine
1229 2313 1258 2366 et
1278 2307 1401 2367 alternis
1413 2307 1518 2368 otliciis
1530 2310 1679 2379 inservire,
1700 2309 1757 2369 sed

103 2402 292 2468 Rutbenam;
323 2417 360 2457 ea
384 2417 450 2456 curn
470 2396 548 2477 apud
567 2398 697 2457 maritum
724 2397 904 2477 aliquamdiu
930 2374 933 2445 l
959 2417 1063 2457 omnes
1084 2402 1114 2457 et
1133 2398 1256 2477 singuli,
1276 2406 1332 2461 tam
1344 2401 1526 2482 stipendiarii
1540 2404 1756 2483 quamgratiam

106 2503 200 2564 csset,
219 2491 298 2551 hunc
318 2512 353 2550 ox
373 2493 532 2551 occasione
551 2490 677 2571 quadarn
696 2492 791 2551 amica
808 2491 852 2551 sic
864 2489 903 2550 al·
931 2448 934 2517 l
959 2487 1106 2567 Principis
1127 2498 1338 2571 expectantes,
1364 2495 1393 2553 in
1413 2495 1520 2554 bellum
1542 2497 1583 2554 irc
1604 2502 1755 2573 coguntur.

104 2589 248 2671 loquitur:
272 2583 397 2655 Curmo,
409 2585 537 2666 conjunx
550 2584 713 2654 carissime,
733 2583 904 2644 nonamasl
931 2540 934 2675 l
1034 2581 1154 2642 Habent
1172 2605 1265 2663 equos
1277 2592 1401 2665 parvos,
1421 2594 1577 2658 castratos,
1596 2590 1689 2648 soleis
1709 2609 1756 2650 en·

105 2678 282 2762 Respondet
302 2679 438 2739 maritus:
479 2677 544 2757 Ego
570 2697 639 2738 varo
665 2686 696 2737 ta
716 2675 904 2737 vehementer
931 2688 934 2699 ·
960 2681 1069 2746 rentes,
1090 2675 1240 2735 levissima
1261 2677 1359 2736 frena:
1391 2690 1449 2738 turn
1478 2679 1612 2758 ephippia
1637 2682 1666 2738 in
1686 2701 1755 2739 euru

105 2796 184 2838 ιιιιιο.
222 2770 374 2841 Nondum,
405 2771 515 2855 inquit,
546 2771 633 2848 signa
664 2770 760 2831 babeo
785 2772 904 2831 amoris.
931 2774 934 2801 ³
959 2788 1044 2827 usum
1065 2768 1278 2839 acommodata,
1297 2780 1328 2827 ut
1348 2792 1383 2829 se
1403 2773 1432 2831 in
1454 2772 1755 2851 omnespartosnullo

107 2868 279 2941 Quaerebat
299 2865 385 2943 igitur
405 2866 541 2937 maritras,
568 2862 666 2942 qualia
689 2864 777 2941 signa
796 2863 904 2924 rellet‘l
960 2863 1078 2938 negotio
1110 2872 1239 2934 vertere,
1271 2884 1428 2943 arcumque
1459 2865 1609 2926 intendore
1635 2875 1755 2945 queant.

105 2962 277 3043 Nunquam,
295 2958 350 3028 ait,
372 2978 417 3016 me
437 2957 609 3018 verberasti.
647 2954 722 3016 Mibi
749 2977 823 3017 sanc
842 2977 904 3017 ver·
932 3016 935 3051 Ι
960 2953 1091 3015 Pedibus
1112 2956 1302 3035 usqueadeo
1324 2959 1457 3017 attractis
1478 2958 1643 3019 insidentes
1669 2979 1756 3037 equo,

107 3052 192 3125 bera,
209 3051 301 3131 inquit
320 3051 451 3119 maritus,
471 3068 528 3108 non
549 3045 817 3129 videbantursigna
829 3070 905 3110 amo·
961 3053 993 3109 ut
1013 3048 1122 3109 nullum
1141 3048 1248 3111 hastae
1268 3060 1318 3110 aut
1338 3052 1388 3111 teli
1410 3052 1496 3129 paulo
1510 3052 1755 3112 vehementiorem

109 3152 166 3211 ris:
199 3142 256 3205 sed
280 3149 378 3202 tauron
404 3162 459 3201 nec
484 3141 541 3200 bac
560 3145 643 3221 parte
664 3140 764 3204 deero.
803 3143 905 3221 Atque
960 3142 1049 3201 ictum
1069 3143 1216 3202 sustinere
1236 3150 1353 3221 queant,
1394 3145 1757 3224 Calcaribuspanoissimi,

108 3246 150 3303 ita
171 3259 228 3299 non
249 3236 341 3295 multo
362 3243 441 3317 post,
461 3232 667 3294 crudelissimo
687 3256 751 3296 eam
772 3236 905 3295 verbera·
961 3234 1077 3312 flagello
1098 3235 1227 3314 plerique
1248 3243 1380 3307 utuntur,
1407 3236 1485 3315 quod
1505 3259 1624 3318 sempor
1641 3241 1756 3298 minimo

108 3337 164 3396 vit:
198 3331 359 3409 lassusque
383 3325 453 3388 mibi
475 3338 538 3399 ost,
563 3327 650 3404 longe
676 3331 788 3410 majore
807 3348 905 3388 amora
961 3327 1053 3407 digito
1075 3328 1198 3388 dextrae
1219 3327 1360 3399 inhaeret,
1381 3336 1412 3388 ut
1432 3329 1461 3388 id
1482 3332 1597 3408 quoties
1619 3333 1757 3411 opussit,

109 3449 144 3488 se
173 3449 192 3487 a
224 3443 280 3483 sua
310 3442 398 3481 uxore
428 3420 551 3502 posthac
581 3421 767 3482 observatum
795 3421 906 3495 luisse3
932 3488 935 3493 Α
961 3421 1184 3503 approbandant
1210 3427 1240 3480 et
1264 3428 1396 3481 utantur:
1427 3443 1529 3483 rursus
1555 3427 1582 3483 si
1613 3424 1651 3483 ad
1677 3445 1756 3484 arma

110 3540 196 3600 quam
215 3538 276 3576 rem
289 3515 412 3596 saepius
426 3515 573 3575 exercuit:
593 3514 738 3593 nobisque
751 3523 812 3573 tum
825 3514 905 3575 blos-
932 3512 936 3653 q
961 3514 1117 3576 deventum
1137 3515 1232 3585 suerit,
1252 3518 1413 3597 projectum
1433 3536 1450 3574 o
1469 3535 1558 3576 rnanu
1578 3517 1717 3597 pendeat.

110 3613 211 3673 coriae
236 3607 450 3678 existentibus,
482 3608 628 3667 cervicem
660 3607 701 3667 illi
731 3606 848 3667 tandern
876 3613 906 3668 et
933 3658 935 3665 .
1038 3608 1211 3669 Communia
1230 3629 1311 3669 arma
1330 3617 1410 3679 sunt,
1431 3629 1527 3679 arcus,
1548 3609 1650 3680 telum,
1672 3632 1745 3671 secu

107 3725 192 3769 crura
210 3700 358 3784 praecidit.
932 3674 936 3801 l
961 3703 1012 3772 ris,
1032 3712 1063 3763 et
1082 3704 1222 3772 baculus,
1243 3704 1336 3761 instar
1356 3706 1491 3772 caestus,
1519 3703 1568 3781 qui
1588 3701 1757 3765 Rutbenice

186 3796 303 3857 Omnes
323 3814 359 3854 se
379 3791 524 3872 Principis
544 3793 675 3872 eblopos,
696 3792 726 3852 irl
744 3804 906 3854 estsenos
933 3812 936 3867 t
961 3793 1102 3866 Kasteni,
1130 3795 1272 3856 Polonico
1291 3793 1452 3855 Bassaliclr
1478 3793 1591 3855 dlcitur.
1632 3797 1757 3857 l'raruea

108 3888 244 3952 latentur.
284 3889 356 3949 ltern
376 3887 624 3968 praestantiores,
645 3908 681 3946 ex
701 3889 905 3968 majoroparto
933 3886 936 3905 ²
961 3889 1123 3949 nobiliores
1149 3895 1179 3949 et
1203 3888 1324 3948 ditiores
1349 3894 1479 3948 utuntur.
1529 3887 1681 3968 Pugiones
1706 3891 1756 3950 ob·

109 3988 224 4063 emptos
242 3990 293 4040 aut
313 3990 419 4062 captos
441 4002 547 4043 servos
567 3980 692 4042 babent:
713 4001 789 4061 quos
808 3985 905 4039 autem
933 3914 936 4023 l
960 3981 1065 4058 longos
1085 3983 1113 4041 in
1133 3982 1249 4042 modum
1276 3982 1456 4042 cultellorum
1482 3981 1701 4063 dependentes,
1727 3985 1756 4044 in

109 4074 219 4134 liberos
239 4074 268 4132 in
288 4074 408 4134 servitio
428 4076 566 4146 nutriunt,
584 4075 622 4133 iis
643 4094 700 4133 non
722 4079 769 4133 est
785 4073 906 4135 liberum
933 4060 935 4079 Ι
960 4076 1075 4153 vaginis
1096 4075 1172 4135 adeo
1192 4075 1359 4134 reconditos
1380 4076 1504 4147 babent,
1529 4086 1561 4138 ut
1586 4079 1635 4138 rix
1655 4099 1756 4159 supre-

103 4165 242 4246 ·quolibet
267 4174 399 4245 ternpore
424 4166 590 4228 discedere.
636 4165 670 4226 Si
700 4166 807 4247 aliquis
832 4168 906 4227 citra
960 4188 1038 4227 mam
1064 4168 1161 4248 capuli
1179 4173 1291 4248 partem
1316 4170 1473 4245 attingere,
1500 4178 1549 4230 ant
1575 4174 1755 4232 necessitate

110 4258 288 4319 voluntatem
308 4259 417 4319 domini
438 4260 508 4330 abit,
528 4279 614 4319 nemo
634 4281 699 4321 curu
711 4262 847 4322 assumit.
870 4260 904 4320 Si
961 4270 1085 4339 cogente
1105 4258 1323 4341 apprehendere
1342 4264 1454 4342 possis.
1475 4264 1554 4326 Loro
1566 4269 1671 4345 pariter
1680 4263 1755 4320 sreui

111 4351 246 4440 dominus
272 4349 377 4410 bonnm
403 4372 439 4410 ac
464 4352 645 4412 commodum
676 4353 816 4414 famulum
847 4375 905 4414 nnn
961 4353 1057 4430 longo,
1077 4359 1107 4414 et
1127 4356 1156 4414 iu
1175 4355 1359 4415 extremitate
1372 4356 1519 4436 perforato
1531 4365 1656 4424 utuntur,
1676 4353 1755 4430 quod

109 4446 186 4505 beno
199 4448 314 4513 tractat,
334 4442 364 4501 lit
375 4442 591 4522 quodammodo
602 4444 718 4506 infamis
730 4446 808 4524 apud
820 4447 906 4519 alios,
961 4446 1052 4524 digito
1073 4449 1193 4507 sinistro
1214 4455 1385 4520 annectunt,
1413 4458 1445 4511 ut
1471 4473 1568 4512 arcum
1594 4445 1754 4525 approben-

111 4558 207 4618 neque
227 4535 351 4617 posthac
369 4535 445 4596 alios
465 4535 590 4596 famulos
609 4540 731 4617 assequi
751 4545 858 4620 potest.
933 4546 936 4623 ff
962 4539 1048 4611 dere,
1077 4560 1170 4618 eoque
1189 4546 1303 4599 retento
1324 4545 1366 4602 uti
1386 4547 1512 4626 possint.
1548 4541 1641 4599 Porro
1666 4560 1755 4618 quan-

189 4628 273 4690 Gcns
293 4629 343 4692 illa
362 4630 456 4706 magis
480 4630 635 4700 servitute,
660 4653 746 4710 quam
772 4631 906 4692 libertato
933 4628 936 4755 q
963 4654 1052 4712 quam
1071 4632 1159 4693 sinrul
1179 4638 1209 4693 et
1228 4632 1332 4695 aedem
1346 4643 1475 4719 ternpore
1489 4632 1623 4694 manibus
1636 4639 1756 4696 teneant

111 4722 234 4803 gandet3
260 4744 325 4784 nam
346 4722 478 4801 morituri
494 4727 526 4782 ut
544 4721 696 4804 plurimum
724 4730 821 4785 certos
847 4746 907 4786 ser·
933 4768 936 4789 .
964 4725 1090 4806 frenum,
1116 4745 1231 4798 arcum,
1257 4726 1412 4800 frameam,
1438 4728 1526 4788 telum
1553 4731 1583 4785 et
1603 4726 1749 4805 llagollnm

111 4838 167 4876 sos
188 4818 406 4878 manumittunt:
438 4816 488 4895 qui
508 4820 660 4875 setamen
681 4817 818 4876 centinuo
839 4818 907 4881 aliis
933 4804 936 4863 l
963 4821 1031 4880 istis
1050 4825 1147 4880 tamon
1167 4827 1241 4882 scite
1261 4832 1292 4881 et
1311 4825 1376 4883 siue
1396 4820 1455 4879 ullo
1477 4818 1684 4895 impedimento
1706 4842 1755 4881 no-

112 4908 247 4980 ‹loininis,
266 4911 392 4989 pecnnia
410 4917 544 4990 accepta,
565 4909 594 4968 in
615 4911 786 4970 seruitutem
809 4912 907 4972 vendi·
932 4948 935 4987 q
963 4923 1029 4975 runt
1051 4915 1101 4973 nti.

112 5008 187 5064 cant
227 5002 260 5061 Si
281 5011 362 5082 pater
381 5004 488 5075 lilium,
513 5008 545 5063 ut
564 5023 629 5063 mos
650 5009 711 5075 est,
737 5003 852 5076 vendit,
877 5012 907 5067 ot
932 4990 935 5097 l
1038 5005 1177 5067 Nonnulli
1204 5029 1241 5067 ex
1262 5003 1540 5085 praestantioribus,
1567 5006 1673 5078 lorica,
1693 5007 1756 5069 tho·

111 5097 139 5156 is
166 5114 340 5175 quocunque
365 5096 482 5157 tandem
509 5095 594 5157 modo
621 5096 695 5158 liber
719 5096 832 5172 lactus,
856 5106 907 5162 aut
962 5119 1030 5160 racc
1057 5098 1246 5187 affabreseu
1273 5119 1312 5156 ex
1330 5092 1504 5176 quibusdam
1533 5103 1665 5178 squamis
1689 5123 1756 5162 con·

110 5182 311 5249 manumissus
331 5186 426 5259 tuerit,
446 5194 529 5268 pater
549 5190 627 5251 bunc
640 5213 744 5255 rursus
755 5200 844 5273 etque
855 5196 904 5256 ita·
928 5224 932 5247 ι
962 5194 1093 5263 cinnato,
1127 5202 1157 5251 et
1184 5187 1320 5251 armillis:
1363 5189 1535 5268 pancissimi
1574 5200 1670 5255 autem
1704 5197 1756 5254 cri·
