<?xml version="1.0" encoding="UTF-8"?>
<!DOCTYPE html PUBLIC "-//W3C//DTD XHTML 1.0 Transitional//EN"
    "http://www.w3.org/TR/xhtml1/DTD/xhtml1-transitional.dtd">
<html xmlns="http://www.w3.org/1999/xhtml" xml:lang="en" lang="en">
 <head>
  <title>
</title>
<meta http-equiv="Content-Type" content="text/html;charset=utf-8" />
  <meta name='ocr-system' content='tesseract 3.04.00' />
  <meta name='ocr-capabilities' content='ocr_page ocr_carea ocr_par ocr_line ocrx_word'/>
</head>
<body>
  <div class='ocr_page' id='page_1' title='image "./historiaeruthen00stargoog_0194.png"; bbox 0 0 3742 5626; ppageno 0'>
   <div class='ocr_carea' id='block_1_1' title="bbox 768 215 1723 277">
    <p class='ocr_par' dir='ltr' id='par_1_1' title="bbox 768 215 1723 277">
     <span class='ocr_line' id='line_1_1' title="bbox 768 215 1723 277; baseline -0.006 0"><span class='ocrx_word' id='word_1_1' title='bbox 768 215 1003 277; x_wconf 66' lang='lat' dir='ltr'><strong>Dm.</strong></span> <span class='ocrx_word' id='word_1_2' title='bbox 1707 218 1723 271; x_wconf 82' lang='lat' dir='ltr'><strong>i</strong></span> 
     </span>
    </p>
   </div>
   <div class='ocr_carea' id='block_1_2' title="bbox 58 370 1725 3709">
    <p class='ocr_par' dir='ltr' id='par_1_2' title="bbox 58 370 1725 3709">
     <span class='ocr_line' id='line_1_2' title="bbox 61 370 1725 457; baseline -0.002 -16"><span class='ocrx_word' id='word_1_3' title='bbox 61 373 870 442; x_wconf 76' lang='lat' dir='ltr'><strong>soientiiistatautanbisexeaakabiesenviatitmt·</strong></span> <span class='ocrx_word' id='word_1_4' title='bbox 922 380 1007 437; x_wconf 85' lang='lat' dir='ltr'><strong>reeta</strong></span> <span class='ocrx_word' id='word_1_5' title='bbox 1024 378 1056 435; x_wconf 87' lang='lat' dir='ltr'><strong>tn</strong></span> <span class='ocrx_word' id='word_1_6' title='bbox 1074 370 1229 439; x_wconf 76' lang='lat' dir='ltr'><strong>Oriente·</strong></span> <span class='ocrx_word' id='word_1_7' title='bbox 1257 373 1330 451; x_wconf 77' lang='lat' dir='ltr'><strong>tuit,</strong></span> <span class='ocrx_word' id='word_1_8' title='bbox 1360 382 1451 457; x_wconf 74' lang='lat' dir='ltr'><strong>atque</strong></span> <span class='ocrx_word' id='word_1_9' title='bbox 1469 377 1548 437; x_wconf 85' lang='lat' dir='ltr'><strong>inter</strong></span> <span class='ocrx_word' id='word_1_10' title='bbox 1567 372 1670 437; x_wconf 80' lang='lat' dir='ltr'><strong>Caras</strong></span> <span class='ocrx_word' id='word_1_11' title='bbox 1693 383 1725 437; x_wconf 86' lang='lat' dir='ltr'><strong>et</strong></span> 
     </span>
     <span class='ocr_line' id='line_1_3' title="bbox 64 462 1723 551; baseline -0.003 -18"><span class='ocrx_word' id='word_1_12' title='bbox 64 473 187 534; x_wconf 82' lang='lat' dir='ltr'><strong>iinribus</strong></span> <span class='ocrx_word' id='word_1_13' title='bbox 192 471 356 543; x_wconf 67' lang='lat' dir='ltr'><strong>Potentem,</strong></span> <span class='ocrx_word' id='word_1_14' title='bbox 367 469 525 533; x_wconf 84' lang='lat' dir='ltr'><strong>aiontibue</strong></span> <span class='ocrx_word' id='word_1_15' title='bbox 538 489 610 533; x_wconf 86' lang='lat' dir='ltr'><strong>vero</strong></span> <span class='ocrx_word' id='word_1_16' title='bbox 618 468 724 533; x_wconf 88' lang='lat' dir='ltr'><strong>0ccae</strong></span> <span class='ocrx_word' id='word_1_17' title='bbox 736 468 816 532; x_wconf 82' lang='lat' dir='ltr'><strong>duvii</strong></span> <span class='ocrx_word' id='word_1_18' title='bbox 828 462 870 530; x_wconf 87' lang='lat' dir='ltr'><strong>ad</strong></span> <span class='ocrx_word' id='word_1_19' title='bbox 923 464 1096 529; x_wconf 67' lang='lat' dir='ltr'><strong>murum</strong></span> <span class='ocrx_word' id='word_1_20' title='bbox 1108 466 1295 531; x_wconf 79' lang='lat' dir='ltr'><strong>Tartetormn</strong></span> <span class='ocrx_word' id='word_1_21' title='bbox 1306 467 1424 551; x_wconf 72' lang='lat' dir='ltr'><strong>Regna,</strong></span> <span class='ocrx_word' id='word_1_22' title='bbox 1442 488 1520 549; x_wconf 77' lang='lat' dir='ltr'><strong>quae</strong></span> <span class='ocrx_word' id='word_1_23' title='bbox 1531 466 1723 529; x_wconf 76' lang='lat' dir='ltr'><strong>Moschorum</strong></span> 
     </span>
     <span class='ocr_line' id='line_1_4' title="bbox 64 556 1724 649; baseline -0.003 -21"><span class='ocrx_word' id='word_1_24' title='bbox 64 575 179 649; x_wconf 87' lang='lat' dir='ltr'><strong>partem</strong></span> <span class='ocrx_word' id='word_1_25' title='bbox 203 566 356 628; x_wconf 75' lang='lat' dir='ltr'><strong>ainiauam</strong></span> <span class='ocrx_word' id='word_1_26' title='bbox 382 560 563 627; x_wconf 80' lang='lat' dir='ltr'><strong>reflectendo</strong></span> <span class='ocrx_word' id='word_1_27' title='bbox 590 560 628 625; x_wconf 81' lang='lat'><strong>18</strong></span> <span class='ocrx_word' id='word_1_28' title='bbox 647 562 752 627; x_wconf 86' lang='lat' dir='ltr'><strong>rxiiiar.</strong></span> <span class='ocrx_word' id='word_1_29' title='bbox 770 560 868 624; x_wconf 83' lang='lat' dir='ltr'><strong>Haec·</strong></span> <span class='ocrx_word' id='word_1_30' title='bbox 923 556 993 621; x_wconf 81' lang='lat' dir='ltr'><strong>an</strong></span> <span class='ocrx_word' id='word_1_31' title='bbox 1010 558 1103 623; x_wconf 80' lang='lat' dir='ltr'><strong>Anno</strong></span> <span class='ocrx_word' id='word_1_32' title='bbox 1121 558 1240 625; x_wconf 82' lang='lat' dir='ltr'><strong>Domini</strong></span> <span class='ocrx_word' id='word_1_33' title='bbox 1266 562 1350 625; x_wconf 56' lang='lat'><strong>155&amp;</strong></span> <span class='ocrx_word' id='word_1_34' title='bbox 1375 582 1451 625; x_wconf 81' lang='lat' dir='ltr'><strong>enne</strong></span> <span class='ocrx_word' id='word_1_35' title='bbox 1469 558 1574 624; x_wconf 88' lang='lat' dir='ltr'><strong>ditioni</strong></span> <span class='ocrx_word' id='word_1_36' title='bbox 1594 559 1724 641; x_wconf 75' lang='lat' dir='ltr'><strong>subegit</strong></span> 
     </span>
     <span class='ocr_line' id='line_1_5' title="bbox 64 652 1723 742; baseline -0.003 -20"><span class='ocrx_word' id='word_1_37' title='bbox 64 680 123 742; x_wconf 81' lang='lat' dir='ltr'><strong>qne</strong></span> <span class='ocrx_word' id='word_1_38' title='bbox 143 655 255 741; x_wconf 89' lang='lat' dir='ltr'><strong>oppida</strong></span> <span class='ocrx_word' id='word_1_39' title='bbox 280 656 365 720; x_wconf 81' lang='lat' dir='ltr'><strong>Octa</strong></span> <span class='ocrx_word' id='word_1_40' title='bbox 382 655 489 719; x_wconf 74' lang='lat' dir='ltr'><strong>tuom</strong></span> <span class='ocrx_word' id='word_1_41' title='bbox 514 655 754 740; x_wconf 71' lang='lat' dir='ltr'><strong>praeterlabitur,</strong></span> <span class='ocrx_word' id='word_1_42' title='bbox 773 653 868 715; x_wconf 84' lang='lat' dir='ltr'><strong>Voro·</strong></span> <span class='ocrx_word' id='word_1_43' title='bbox 922 672 978 715; x_wconf 88' lang='lat' dir='ltr'><strong>aex</strong></span> <span class='ocrx_word' id='word_1_44' title='bbox 995 653 1044 715; x_wconf 85' lang='lat' dir='ltr'><strong>roi</strong></span> <span class='ocrx_word' id='word_1_45' title='bbox 1062 661 1179 735; x_wconf 77' lang='lat' dir='ltr'><strong>septeni</strong></span> <span class='ocrx_word' id='word_1_46' title='bbox 1197 652 1496 735; x_wconf 76' lang='lat' dir='ltr'><strong>miliaribusaVoign</strong></span> <span class='ocrx_word' id='word_1_47' title='bbox 1515 652 1613 728; x_wconf 81' lang='lat' dir='ltr'><strong>fluvio,</strong></span> <span class='ocrx_word' id='word_1_48' title='bbox 1633 674 1723 719; x_wconf 86' lang='lat' dir='ltr'><strong>cursu</strong></span> 
     </span>
     <span class='ocr_line' id='line_1_6' title="bbox 64 745 1722 832; baseline -0.003 -16"><span class='ocrx_word' id='word_1_49' title='bbox 64 755 182 822; x_wconf 86' lang='lat' dir='ltr'><strong>tiniam.</strong></span> <span class='ocrx_word' id='word_1_50' title='bbox 217 748 375 831; x_wconf 66' lang='lat' dir='ltr'><strong>Colum,</strong></span> <span class='ocrx_word' id='word_1_51' title='bbox 394 748 597 832; x_wconf 82' lang='lat' dir='ltr'><strong>Cerpacbnm,</strong></span> <span class='ocrx_word' id='word_1_52' title='bbox 617 749 782 821; x_wconf 66' lang='lat' dir='ltr'><strong>Gorsiram</strong></span> <span class='ocrx_word' id='word_1_53' title='bbox 809 745 866 809; x_wconf 82' lang='lat' dir='ltr'><strong>Go-</strong></span> <span class='ocrx_word' id='word_1_54' title='bbox 921 745 1055 808; x_wconf 84' lang='lat' dir='ltr'><strong>nonnihil</strong></span> <span class='ocrx_word' id='word_1_55' title='bbox 1076 746 1318 830; x_wconf 81' lang='lat' dir='ltr'><strong>Septentrionem</strong></span> <span class='ocrx_word' id='word_1_56' title='bbox 1339 766 1446 811; x_wconf 79' lang='lat' dir='ltr'><strong>versus</strong></span> <span class='ocrx_word' id='word_1_57' title='bbox 1472 751 1624 812; x_wconf 86' lang='lat' dir='ltr'><strong>incurvato</strong></span> <span class='ocrx_word' id='word_1_58' title='bbox 1650 747 1722 811; x_wconf 86' lang='lat' dir='ltr'><strong>labi·</strong></span> 
     </span>
     <span class='ocr_line' id='line_1_7' title="bbox 64 837 1723 925; baseline -0.001 -19"><span class='ocrx_word' id='word_1_59' title='bbox 64 846 209 916; x_wconf 84' lang='lat' dir='ltr'><strong>inmnam,</strong></span> <span class='ocrx_word' id='word_1_60' title='bbox 237 843 413 918; x_wconf 79' lang='lat' dir='ltr'><strong>Roxaniaxn,</strong></span> <span class='ocrx_word' id='word_1_61' title='bbox 447 840 689 925; x_wconf 68' lang='lat' dir='ltr'><strong>Caxigorodianr,</strong></span> <span class='ocrx_word' id='word_1_62' title='bbox 706 841 867 905; x_wconf 78' lang='lat' dir='ltr'><strong>Mutinam·</strong></span> <span class='ocrx_word' id='word_1_63' title='bbox 921 848 977 915; x_wconf 87' lang='lat' dir='ltr'><strong>tur,</strong></span> <span class='ocrx_word' id='word_1_64' title='bbox 996 838 1115 903; x_wconf 89' lang='lat' dir='ltr'><strong>demum</strong></span> <span class='ocrx_word' id='word_1_65' title='bbox 1134 843 1165 903; x_wconf 96' lang='lat' dir='ltr'><strong>in</strong></span> <span class='ocrx_word' id='word_1_66' title='bbox 1184 837 1341 903; x_wconf 82' lang='lat' dir='ltr'><strong>Moridicm</strong></span> <span class='ocrx_word' id='word_1_67' title='bbox 1360 860 1451 903; x_wconf 87' lang='lat' dir='ltr'><strong>cursu</strong></span> <span class='ocrx_word' id='word_1_68' title='bbox 1474 844 1598 905; x_wconf 88' lang='lat' dir='ltr'><strong>sinuoso</strong></span> <span class='ocrx_word' id='word_1_69' title='bbox 1622 840 1723 905; x_wconf 85' lang='lat' dir='ltr'><strong>redec-</strong></span> 
     </span>
     <span class='ocr_line' id='line_1_8' title="bbox 65 930 1723 1021; baseline 0.001 -23"><span class='ocrx_word' id='word_1_70' title='bbox 65 958 132 1021; x_wconf 78' lang='lat' dir='ltr'><strong>que.</strong></span> <span class='ocrx_word' id='word_1_71' title='bbox 158 934 200 998; x_wconf 80' lang='lat' dir='ltr'><strong>iit</strong></span> <span class='ocrx_word' id='word_1_72' title='bbox 218 933 287 999; x_wconf 84' lang='lat' dir='ltr'><strong>inde</strong></span> <span class='ocrx_word' id='word_1_73' title='bbox 305 956 394 999; x_wconf 89' lang='lat' dir='ltr'><strong>curan</strong></span> <span class='ocrx_word' id='word_1_74' title='bbox 415 934 456 999; x_wconf 97' lang='lat' dir='ltr'><strong>ad</strong></span> <span class='ocrx_word' id='word_1_75' title='bbox 477 935 717 1019; x_wconf 78' lang='lat' dir='ltr'><strong>Septentrionem</strong></span> <span class='ocrx_word' id='word_1_76' title='bbox 733 932 867 998; x_wconf 86' lang='lat' dir='ltr'><strong>nonnibil</strong></span> <span class='ocrx_word' id='word_1_77' title='bbox 919 940 998 1007; x_wconf 83' lang='lat' dir='ltr'><strong>tens,</strong></span> <span class='ocrx_word' id='word_1_78' title='bbox 1016 936 1048 997; x_wconf 92' lang='lat' dir='ltr'><strong>ia</strong></span> <span class='ocrx_word' id='word_1_79' title='bbox 1067 931 1194 1017; x_wconf 84' lang='lat' dir='ltr'><strong>paludes</strong></span> <span class='ocrx_word' id='word_1_80' title='bbox 1212 930 1357 997; x_wconf 78' lang='lat' dir='ltr'><strong>bientidia</strong></span> <span class='ocrx_word' id='word_1_81' title='bbox 1375 941 1558 1007; x_wconf 83' lang='lat' dir='ltr'><strong>exonemtur,</strong></span> <span class='ocrx_word' id='word_1_82' title='bbox 1576 932 1618 999; x_wconf 90' lang='lat' dir='ltr'><strong>ad</strong></span> <span class='ocrx_word' id='word_1_83' title='bbox 1635 939 1723 1018; x_wconf 79' lang='lat' dir='ltr'><strong>eojm</strong></span> 
     </span>
     <span class='ocr_line' id='line_1_9' title="bbox 65 1025 1722 1111; baseline 0.002 -21"><span class='ocrx_word' id='word_1_84' title='bbox 65 1029 175 1094; x_wconf 76' lang='lat' dir='ltr'><strong>retexo</strong></span> <span class='ocrx_word' id='word_1_85' title='bbox 199 1027 275 1093; x_wconf 83' lang='lat' dir='ltr'><strong>inira</strong></span> <span class='ocrx_word' id='word_1_86' title='bbox 297 1025 521 1111; x_wconf 69' lang='lat' dir='ltr'><strong>Noeoprodiaaa</strong></span> <span class='ocrx_word' id='word_1_87' title='bbox 544 1027 714 1093; x_wconf 82' lang='lat' dir='ltr'><strong>interiorem</strong></span> <span class='ocrx_word' id='word_1_88' title='bbox 738 1030 770 1091; x_wconf 88' lang='lat' dir='ltr'><strong>in</strong></span> <span class='ocrx_word' id='word_1_89' title='bbox 794 1025 868 1089; x_wconf 87' lang='lat' dir='ltr'><strong>Voi·</strong></span> <span class='ocrx_word' id='word_1_90' title='bbox 920 1030 1001 1092; x_wconf 84' lang='lat' dir='ltr'><strong>ostia</strong></span> <span class='ocrx_word' id='word_1_91' title='bbox 1018 1027 1127 1111; x_wconf 78' lang='lat' dir='ltr'><strong>Azopb</strong></span> <span class='ocrx_word' id='word_1_92' title='bbox 1145 1029 1254 1093; x_wconf 83' lang='lat' dir='ltr'><strong>civitas</strong></span> <span class='ocrx_word' id='word_1_93' title='bbox 1273 1025 1383 1089; x_wconf 74' lang='lat' dir='ltr'><strong>Turcix</strong></span> <span class='ocrx_word' id='word_1_94' title='bbox 1400 1025 1556 1093; x_wconf 77' lang='lat' dir='ltr'><strong>tiibntaria</strong></span> <span class='ocrx_word' id='word_1_95' title='bbox 1578 1029 1640 1111; x_wconf 78' lang='lat' dir='ltr'><strong>sita</strong></span> <span class='ocrx_word' id='word_1_96' title='bbox 1663 1037 1722 1093; x_wconf 82' lang='lat' dir='ltr'><strong>ast.</strong></span> 
     </span>
     <span class='ocr_line' id='line_1_10' title="bbox 64 1118 1724 1206; baseline -0.001 -19"><span class='ocrx_word' id='word_1_97' title='bbox 64 1145 133 1205; x_wconf 75' lang='lat' dir='ltr'><strong>gam</strong></span> <span class='ocrx_word' id='word_1_98' title='bbox 156 1131 349 1198; x_wconf 86' lang='lat' dir='ltr'><strong>exoneratur,</strong></span> <span class='ocrx_word' id='word_1_99' title='bbox 373 1123 476 1204; x_wconf 74' lang='lat' dir='ltr'><strong>Spiris</strong></span> <span class='ocrx_word' id='word_1_100' title='bbox 508 1125 644 1206; x_wconf 78' lang='lat' dir='ltr'><strong>utrinqne</strong></span> <span class='ocrx_word' id='word_1_101' title='bbox 668 1124 752 1206; x_wconf 90' lang='lat' dir='ltr'><strong>ripae</strong></span> <span class='ocrx_word' id='word_1_102' title='bbox 775 1120 866 1203; x_wconf 80' lang='lat' dir='ltr'><strong>liujus</strong></span> <span class='ocrx_word' id='word_1_103' title='bbox 920 1119 1030 1202; x_wconf 77' lang='lat' dir='ltr'><strong>Asopb</strong></span> <span class='ocrx_word' id='word_1_104' title='bbox 1054 1129 1154 1185; x_wconf 81' lang='lat' dir='ltr'><strong>antem</strong></span> <span class='ocrx_word' id='word_1_105' title='bbox 1178 1124 1307 1204; x_wconf 80' lang='lat' dir='ltr'><strong>quinque</strong></span> <span class='ocrx_word' id='word_1_106' title='bbox 1331 1118 1446 1183; x_wconf 73' lang='lat' dir='ltr'><strong>derum</strong></span> <span class='ocrx_word' id='word_1_107' title='bbox 1470 1122 1661 1201; x_wconf 73' lang='lat' dir='ltr'><strong>navigatione</strong></span> <span class='ocrx_word' id='word_1_108' title='bbox 1683 1120 1724 1185; x_wconf 94' lang='lat' dir='ltr'><strong>ab</strong></span> 
     </span>
     <span class='ocr_line' id='line_1_11' title="bbox 62 1212 1724 1299; baseline -0.002 -19"><span class='ocrx_word' id='word_1_109' title='bbox 62 1217 191 1280; x_wconf 80' lang='lat' dir='ltr'><strong>fluminis</strong></span> <span class='ocrx_word' id='word_1_110' title='bbox 210 1214 403 1290; x_wconf 85' lang='lat' dir='ltr'><strong>elaodnntor,</strong></span> <span class='ocrx_word' id='word_1_111' title='bbox 422 1235 500 1298; x_wconf 80' lang='lat' dir='ltr'><strong>quae</strong></span> <span class='ocrx_word' id='word_1_112' title='bbox 523 1216 687 1299; x_wconf 76' lang='lat' dir='ltr'><strong>capreolis,</strong></span> <span class='ocrx_word' id='word_1_113' title='bbox 706 1214 867 1289; x_wconf 82' lang='lat' dir='ltr'><strong>bermeilis,</strong></span> <span class='ocrx_word' id='word_1_114' title='bbox 919 1212 1034 1275; x_wconf 78' lang='lat' dir='ltr'><strong>isthmo</strong></span> <span class='ocrx_word' id='word_1_115' title='bbox 1054 1213 1214 1289; x_wconf 80' lang='lat' dir='ltr'><strong>Tauricae.</strong></span> <span class='ocrx_word' id='word_1_116' title='bbox 1233 1234 1310 1297; x_wconf 84' lang='lat' dir='ltr'><strong>quae</strong></span> <span class='ocrx_word' id='word_1_117' title='bbox 1334 1234 1416 1277; x_wconf 88' lang='lat' dir='ltr'><strong>nnnc</strong></span> <span class='ocrx_word' id='word_1_118' title='bbox 1435 1212 1573 1299; x_wconf 87' lang='lat' dir='ltr'><strong>Praeenp</strong></span> <span class='ocrx_word' id='word_1_119' title='bbox 1590 1221 1724 1288; x_wconf 84' lang='lat' dir='ltr'><strong>vocetur,</strong></span> 
     </span>
     <span class='ocr_line' id='line_1_12' title="bbox 61 1303 1723 1394; baseline -0.002 -19"><span class='ocrx_word' id='word_1_120' title='bbox 61 1311 294 1394; x_wconf 77' lang='lat' dir='ltr'><strong>oratoribusque</strong></span> <span class='ocrx_word' id='word_1_121' title='bbox 314 1319 347 1373; x_wconf 88' lang='lat' dir='ltr'><strong>et</strong></span> <span class='ocrx_word' id='word_1_122' title='bbox 364 1309 453 1372; x_wconf 85' lang='lat' dir='ltr'><strong>mello</strong></span> <span class='ocrx_word' id='word_1_123' title='bbox 471 1308 627 1390; x_wconf 79' lang='lat' dir='ltr'><strong>plurimun</strong></span> <span class='ocrx_word' id='word_1_124' title='bbox 646 1307 789 1371; x_wconf 76' lang='lat' dir='ltr'><strong>abnouae</strong></span> <span class='ocrx_word' id='word_1_125' title='bbox 922 1303 1024 1370; x_wconf 90' lang='lat' dir='ltr'><strong>distat.</strong></span> <span class='ocrx_word' id='word_1_126' title='bbox 1045 1308 1079 1369; x_wconf 85' lang='lat' dir='ltr'><strong>ln</strong></span> <span class='ocrx_word' id='word_1_127' title='bbox 1099 1329 1135 1371; x_wconf 86' lang='lat' dir='ltr'><strong>ea</strong></span> <span class='ocrx_word' id='word_1_128' title='bbox 1153 1307 1307 1371; x_wconf 85' lang='lat' dir='ltr'><strong>muitarum</strong></span> <span class='ocrx_word' id='word_1_129' title='bbox 1327 1329 1364 1371; x_wconf 87' lang='lat' dir='ltr'><strong>cx</strong></span> <span class='ocrx_word' id='word_1_130' title='bbox 1384 1305 1512 1371; x_wconf 88' lang='lat' dir='ltr'><strong>diversis</strong></span> <span class='ocrx_word' id='word_1_131' title='bbox 1531 1307 1666 1391; x_wconf 83' lang='lat' dir='ltr'><strong>pertibus</strong></span> <span class='ocrx_word' id='word_1_132' title='bbox 1679 1328 1723 1373; x_wconf 88' lang='lat' dir='ltr'><strong>or·</strong></span> 
     </span>
     <span class='ocr_line' id='line_1_13' title="bbox 139 1397 1723 1487; baseline 0 -23"><span class='ocrx_word' id='word_1_133' title='bbox 139 1402 246 1484; x_wconf 83' lang='lat' dir='ltr'><strong>Campi</strong></span> <span class='ocrx_word' id='word_1_134' title='bbox 265 1403 356 1465; x_wconf 75' lang='lat' dir='ltr'><strong>adnm</strong></span> <span class='ocrx_word' id='word_1_135' title='bbox 375 1419 479 1463; x_wconf 85' lang='lat' dir='ltr'><strong>omnes</strong></span> <span class='ocrx_word' id='word_1_136' title='bbox 498 1420 575 1482; x_wconf 84' lang='lat' dir='ltr'><strong>qnos</strong></span> <span class='ocrx_word' id='word_1_137' title='bbox 598 1399 782 1483; x_wconf 77' lang='lat' dir='ltr'><strong>praeterfluit</strong></span> <span class='ocrx_word' id='word_1_138' title='bbox 804 1401 867 1462; x_wconf 82' lang='lat' dir='ltr'><strong>irri-</strong></span> <span class='ocrx_word' id='word_1_139' title='bbox 920 1397 971 1462; x_wconf 89' lang='lat' dir='ltr'><strong>bis</strong></span> <span class='ocrx_word' id='word_1_140' title='bbox 994 1403 1138 1481; x_wconf 68' lang='lat' dir='ltr'><strong>gentium,</strong></span> <span class='ocrx_word' id='word_1_141' title='bbox 1162 1400 1383 1464; x_wconf 85' lang='lat' dir='ltr'><strong>celeberrimum</strong></span> <span class='ocrx_word' id='word_1_142' title='bbox 1406 1410 1456 1467; x_wconf 88' lang='lat' dir='ltr'><strong>est</strong></span> <span class='ocrx_word' id='word_1_143' title='bbox 1479 1400 1662 1487; x_wconf 77' lang='lat' dir='ltr'><strong>Emporium.</strong></span> <span class='ocrx_word' id='word_1_144' title='bbox 1690 1405 1723 1464; x_wconf 89' lang='lat' dir='ltr'><strong>ia</strong></span> 
     </span>
     <span class='ocr_line' id='line_1_14' title="bbox 64 1490 1721 1578; baseline 0.001 -20"><span class='ocrx_word' id='word_1_145' title='bbox 64 1499 184 1575; x_wconf 61' lang='lat' dir='ltr'><strong>satione</strong></span> <span class='ocrx_word' id='word_1_146' title='bbox 204 1497 288 1577; x_wconf 81' lang='lat' dir='ltr'><strong>ejus,</strong></span> <span class='ocrx_word' id='word_1_147' title='bbox 306 1493 481 1557; x_wconf 70' lang='lat' dir='ltr'><strong>fertilissimi</strong></span> <span class='ocrx_word' id='word_1_148' title='bbox 500 1501 580 1555; x_wconf 75' lang='lat' dir='ltr'><strong>nme</strong></span> <span class='ocrx_word' id='word_1_149' title='bbox 600 1493 733 1556; x_wconf 81' lang='lat' dir='ltr'><strong>Piscium</strong></span> <span class='ocrx_word' id='word_1_150' title='bbox 752 1495 868 1575; x_wconf 86' lang='lat' dir='ltr'><strong>copiam</strong></span> <span class='ocrx_word' id='word_1_151' title='bbox 921 1490 971 1555; x_wconf 89' lang='lat' dir='ltr'><strong>bis</strong></span> <span class='ocrx_word' id='word_1_152' title='bbox 991 1500 1090 1557; x_wconf 85' lang='lat' dir='ltr'><strong>autern</strong></span> <span class='ocrx_word' id='word_1_153' title='bbox 1108 1492 1243 1576; x_wconf 85' lang='lat' dir='ltr'><strong>partibus</strong></span> <span class='ocrx_word' id='word_1_154' title='bbox 1260 1498 1420 1577; x_wconf 87' lang='lat' dir='ltr'><strong>praecipue</strong></span> <span class='ocrx_word' id='word_1_155' title='bbox 1429 1498 1510 1559; x_wconf 92' lang='lat' dir='ltr'><strong>circa</strong></span> <span class='ocrx_word' id='word_1_156' title='bbox 1519 1493 1646 1578; x_wconf 85' lang='lat' dir='ltr'><strong>paludes</strong></span> <span class='ocrx_word' id='word_1_157' title='bbox 1659 1494 1721 1559; x_wconf 79' lang='lat' dir='ltr'><strong>bie·</strong></span> 
     </span>
     <span class='ocr_line' id='line_1_15' title="bbox 63 1582 1722 1669; baseline 0 -18"><span class='ocrx_word' id='word_1_158' title='bbox 63 1592 114 1669; x_wconf 77' lang='lat' dir='ltr'><strong>qui</strong></span> <span class='ocrx_word' id='word_1_159' title='bbox 135 1589 262 1651; x_wconf 86' lang='lat' dir='ltr'><strong>caeteris</strong></span> <span class='ocrx_word' id='word_1_160' title='bbox 282 1585 451 1649; x_wconf 79' lang='lat' dir='ltr'><strong>fluminibus</strong></span> <span class='ocrx_word' id='word_1_161' title='bbox 470 1585 644 1651; x_wconf 79' lang='lat' dir='ltr'><strong>dioscoviae</strong></span> <span class='ocrx_word' id='word_1_162' title='bbox 662 1582 868 1668; x_wconf 73' lang='lat' dir='ltr'><strong>praeferuntur</strong></span> <span class='ocrx_word' id='word_1_163' title='bbox 921 1582 1024 1659; x_wconf 88' lang='lat' dir='ltr'><strong>otidis,</strong></span> <span class='ocrx_word' id='word_1_164' title='bbox 1051 1606 1111 1648; x_wconf 88' lang='lat' dir='ltr'><strong>non</strong></span> <span class='ocrx_word' id='word_1_165' title='bbox 1131 1584 1254 1649; x_wconf 89' lang='lat' dir='ltr'><strong>miliaria</strong></span> <span class='ocrx_word' id='word_1_166' title='bbox 1273 1585 1331 1649; x_wconf 87' lang='lat' dir='ltr'><strong>aed</strong></span> <span class='ocrx_word' id='word_1_167' title='bbox 1349 1585 1461 1649; x_wconf 88' lang='lat' dir='ltr'><strong>dierum</strong></span> <span class='ocrx_word' id='word_1_168' title='bbox 1490 1592 1596 1653; x_wconf 88' lang='lat' dir='ltr'><strong>itinera</strong></span> <span class='ocrx_word' id='word_1_169' title='bbox 1621 1588 1722 1653; x_wconf 85' lang='lat' dir='ltr'><strong>obaer-</strong></span> 
     </span>
     <span class='ocr_line' id='line_1_16' title="bbox 62 1677 1036 1762; baseline 0.001 -22"><span class='ocrx_word' id='word_1_170' title='bbox 62 1679 164 1742; x_wconf 75' lang='lat' dir='ltr'><strong>babet.</strong></span> <span class='ocrx_word' id='word_1_171' title='bbox 186 1678 331 1742; x_wconf 80' lang='lat' dir='ltr'><strong>Orinntur</strong></span> <span class='ocrx_word' id='word_1_172' title='bbox 347 1698 463 1760; x_wconf 83' lang='lat' dir='ltr'><strong>qnoque</strong></span> <span class='ocrx_word' id='word_1_173' title='bbox 483 1678 629 1762; x_wconf 84' lang='lat' dir='ltr'><strong>exbqu</strong></span> <span class='ocrx_word' id='word_1_174' title='bbox 655 1677 759 1741; x_wconf 90' lang='lat' dir='ltr'><strong>0ccae</strong></span> <span class='ocrx_word' id='word_1_175' title='bbox 779 1677 865 1741; x_wconf 78' lang='lat' dir='ltr'><strong>fonti·</strong></span> <span class='ocrx_word' id='word_1_176' title='bbox 919 1686 1036 1741; x_wconf 81' lang='lat' dir='ltr'><strong>vantur.</strong></span> 
     </span>
     <span class='ocr_line' id='line_1_17' title="bbox 61 1769 1722 1855; baseline 0.001 -23"><span class='ocrx_word' id='word_1_177' title='bbox 61 1771 120 1833; x_wconf 89' lang='lat' dir='ltr'><strong>bns</strong></span> <span class='ocrx_word' id='word_1_178' title='bbox 146 1773 198 1834; x_wconf 86' lang='lat' dir='ltr'><strong>aiii</strong></span> <span class='ocrx_word' id='word_1_179' title='bbox 229 1770 289 1835; x_wconf 91' lang='lat' dir='ltr'><strong>duo</strong></span> <span class='ocrx_word' id='word_1_180' title='bbox 319 1770 412 1845; x_wconf 81' lang='lat' dir='ltr'><strong>duvii,</strong></span> <span class='ocrx_word' id='word_1_181' title='bbox 437 1770 510 1833; x_wconf 72' lang='lat' dir='ltr'><strong>Sc·</strong></span> <span class='ocrx_word' id='word_1_182' title='bbox 534 1770 674 1835; x_wconf 83' lang='lat' dir='ltr'><strong>videlicet</strong></span> <span class='ocrx_word' id='word_1_183' title='bbox 697 1780 729 1835; x_wconf 87' lang='lat' dir='ltr'><strong>et</strong></span> <span class='ocrx_word' id='word_1_184' title='bbox 752 1770 863 1844; x_wconf 81' lang='lat' dir='ltr'><strong>Sosua,</strong></span> <span class='ocrx_word' id='word_1_185' title='bbox 996 1769 1055 1833; x_wconf 72' lang='lat' dir='ltr'><strong>uas</strong></span> <span class='ocrx_word' id='word_1_186' title='bbox 1078 1774 1167 1835; x_wconf 54' lang='lat' dir='ltr'><strong>dam</strong></span> <span class='ocrx_word' id='word_1_187' title='bbox 1191 1770 1268 1836; x_wconf 83' lang='lat' dir='ltr'><strong>aiter</strong></span> <span class='ocrx_word' id='word_1_188' title='bbox 1287 1770 1400 1837; x_wconf 81' lang='lat' dir='ltr'><strong>Tanais</strong></span> <span class='ocrx_word' id='word_1_189' title='bbox 1430 1775 1525 1835; x_wconf 86' lang='lat' dir='ltr'><strong>minor</strong></span> <span class='ocrx_word' id='word_1_190' title='bbox 1543 1776 1593 1855; x_wconf 82' lang='lat' dir='ltr'><strong>qui</strong></span> <span class='ocrx_word' id='word_1_191' title='bbox 1612 1776 1643 1835; x_wconf 90' lang='lat' dir='ltr'><strong>in</strong></span> <span class='ocrx_word' id='word_1_192' title='bbox 1667 1772 1722 1837; x_wconf 84' lang='lat' dir='ltr'><strong>Se.</strong></span> 
     </span>
     <span class='ocr_line' id='line_1_18' title="bbox 60 1861 1722 1947; baseline 0 -20"><span class='ocrx_word' id='word_1_193' title='bbox 60 1865 192 1947; x_wconf 69' lang='lat' dir='ltr'><strong>&amp;mque</strong></span> <span class='ocrx_word' id='word_1_194' title='bbox 210 1874 294 1929; x_wconf 88' lang='lat' dir='ltr'><strong>recta</strong></span> <span class='ocrx_word' id='word_1_195' title='bbox 312 1869 342 1927; x_wconf 91' lang='lat' dir='ltr'><strong>in</strong></span> <span class='ocrx_word' id='word_1_196' title='bbox 360 1861 522 1939; x_wconf 86' lang='lat' dir='ltr'><strong>meridiem,</strong></span> <span class='ocrx_word' id='word_1_197' title='bbox 540 1873 574 1927; x_wconf 96' lang='lat' dir='ltr'><strong>et</strong></span> <span class='ocrx_word' id='word_1_198' title='bbox 591 1864 725 1927; x_wconf 89' lang='lat' dir='ltr'><strong>uonnibii</strong></span> <span class='ocrx_word' id='word_1_199' title='bbox 742 1862 863 1929; x_wconf 83' lang='lat' dir='ltr'><strong>tandem</strong></span> <span class='ocrx_word' id='word_1_200' title='bbox 916 1867 1047 1928; x_wconf 85' lang='lat' dir='ltr'><strong>veriensi</strong></span> <span class='ocrx_word' id='word_1_201' title='bbox 1064 1864 1185 1927; x_wconf 78' lang='lat' dir='ltr'><strong>Ducatu</strong></span> <span class='ocrx_word' id='word_1_202' title='bbox 1210 1864 1310 1927; x_wconf 85' lang='lat' dir='ltr'><strong>fontes</strong></span> <span class='ocrx_word' id='word_1_203' title='bbox 1328 1886 1402 1927; x_wconf 90' lang='lat' dir='ltr'><strong>suos</strong></span> <span class='ocrx_word' id='word_1_204' title='bbox 1422 1865 1527 1939; x_wconf 86' lang='lat' dir='ltr'><strong>babet,</strong></span> <span class='ocrx_word' id='word_1_205' title='bbox 1545 1863 1642 1943; x_wconf 84' lang='lat' dir='ltr'><strong>(unde</strong></span> <span class='ocrx_word' id='word_1_206' title='bbox 1660 1865 1722 1927; x_wconf 85' lang='lat' dir='ltr'><strong>Du·</strong></span> 
     </span>
     <span class='ocr_line' id='line_1_19' title="bbox 60 1953 1723 2043; baseline 0.003 -23"><span class='ocrx_word' id='word_1_207' title='bbox 60 1961 92 2020; x_wconf 91' lang='lat' dir='ltr'><strong>in</strong></span> <span class='ocrx_word' id='word_1_208' title='bbox 112 1957 267 2021; x_wconf 76' lang='lat' dir='ltr'><strong>Orientem</strong></span> <span class='ocrx_word' id='word_1_209' title='bbox 286 1975 406 2019; x_wconf 75' lang='lat' dir='ltr'><strong>curem</strong></span> <span class='ocrx_word' id='word_1_210' title='bbox 424 1953 565 2038; x_wconf 74' lang='lat' dir='ltr'><strong>dirigens,</strong></span> <span class='ocrx_word' id='word_1_211' title='bbox 584 1957 782 2021; x_wconf 75' lang='lat' dir='ltr'><strong>Severemm</strong></span> <span class='ocrx_word' id='word_1_212' title='bbox 799 1956 862 2019; x_wconf 81' lang='lat' dir='ltr'><strong>Da·</strong></span> <span class='ocrx_word' id='word_1_213' title='bbox 917 1968 985 2021; x_wconf 82' lang='lat' dir='ltr'><strong>nete</strong></span> <span class='ocrx_word' id='word_1_214' title='bbox 1005 1955 1147 2021; x_wconf 79' lang='lat' dir='ltr'><strong>Severeki</strong></span> <span class='ocrx_word' id='word_1_215' title='bbox 1163 1959 1303 2036; x_wconf 85' lang='lat' dir='ltr'><strong>vocatur)</strong></span> <span class='ocrx_word' id='word_1_216' title='bbox 1322 1968 1354 2022; x_wconf 90' lang='lat' dir='ltr'><strong>et</strong></span> <span class='ocrx_word' id='word_1_217' title='bbox 1371 1980 1463 2041; x_wconf 84' lang='lat' dir='ltr'><strong>snpra</strong></span> <span class='ocrx_word' id='word_1_218' title='bbox 1478 1959 1594 2043; x_wconf 81' lang='lat' dir='ltr'><strong>Anopb,</strong></span> <span class='ocrx_word' id='word_1_219' title='bbox 1612 1963 1643 2022; x_wconf 92' lang='lat' dir='ltr'><strong>iu</strong></span> <span class='ocrx_word' id='word_1_220' title='bbox 1665 1958 1723 2025; x_wconf 82' lang='lat' dir='ltr'><strong>&#39;l&#39;a-</strong></span> 
     </span>
     <span class='ocr_line' id='line_1_20' title="bbox 61 2047 1722 2133; baseline 0.001 -18"><span class='ocrx_word' id='word_1_221' title='bbox 61 2060 159 2115; x_wconf 87' lang='lat' dir='ltr'><strong>catum</strong></span> <span class='ocrx_word' id='word_1_222' title='bbox 178 2049 372 2133; x_wconf 81' lang='lat' dir='ltr'><strong>praeterfluit,</strong></span> <span class='ocrx_word' id='word_1_223' title='bbox 403 2047 614 2133; x_wconf 79' lang='lat' dir='ltr'><strong>Oppidmaqne</strong></span> <span class='ocrx_word' id='word_1_224' title='bbox 647 2049 768 2114; x_wconf 83' lang='lat' dir='ltr'><strong>Putivoi</strong></span> <span class='ocrx_word' id='word_1_225' title='bbox 790 2049 863 2113; x_wconf 87' lang='lat' dir='ltr'><strong>aiin·</strong></span> <span class='ocrx_word' id='word_1_226' title='bbox 917 2055 998 2115; x_wconf 85' lang='lat' dir='ltr'><strong>naim</strong></span> <span class='ocrx_word' id='word_1_227' title='bbox 1022 2070 1160 2132; x_wconf 75' lang='lat' dir='ltr'><strong>magnum</strong></span> <span class='ocrx_word' id='word_1_228' title='bbox 1186 2060 1372 2115; x_wconf 76' lang='lat' dir='ltr'><strong>exoneratur.</strong></span> <span class='ocrx_word' id='word_1_229' title='bbox 1401 2052 1490 2116; x_wconf 86' lang='lat' dir='ltr'><strong>Circa</strong></span> <span class='ocrx_word' id='word_1_230' title='bbox 1521 2056 1600 2117; x_wconf 87' lang='lat' dir='ltr'><strong>ostia</strong></span> <span class='ocrx_word' id='word_1_231' title='bbox 1622 2063 1722 2117; x_wconf 85' lang='lat' dir='ltr'><strong>autem</strong></span> 
     </span>
     <span class='ocr_line' id='line_1_21' title="bbox 61 2141 1723 2232; baseline 0.003 -25"><span class='ocrx_word' id='word_1_232' title='bbox 61 2149 166 2207; x_wconf 83' lang='lat' dir='ltr'><strong>enain</strong></span> <span class='ocrx_word' id='word_1_233' title='bbox 186 2143 313 2207; x_wconf 83' lang='lat' dir='ltr'><strong>Dianam</strong></span> <span class='ocrx_word' id='word_1_234' title='bbox 332 2142 450 2205; x_wconf 78' lang='lat' dir='ltr'><strong>durium</strong></span> <span class='ocrx_word' id='word_1_235' title='bbox 470 2143 609 2222; x_wconf 82' lang='lat' dir='ltr'><strong>illabitur,</strong></span> <span class='ocrx_word' id='word_1_236' title='bbox 632 2148 719 2228; x_wconf 85' lang='lat' dir='ltr'><strong>juxta</strong></span> <span class='ocrx_word' id='word_1_237' title='bbox 744 2142 862 2205; x_wconf 71' lang='lat' dir='ltr'><strong>czeru-</strong></span> <span class='ocrx_word' id='word_1_238' title='bbox 918 2143 1009 2226; x_wconf 87' lang='lat' dir='ltr'><strong>bujus</strong></span> <span class='ocrx_word' id='word_1_239' title='bbox 1029 2146 1149 2207; x_wconf 88' lang='lat' dir='ltr'><strong>minoris</strong></span> <span class='ocrx_word' id='word_1_240' title='bbox 1170 2141 1292 2217; x_wconf 82' lang='lat' dir='ltr'><strong>Tanais,</strong></span> <span class='ocrx_word' id='word_1_241' title='bbox 1314 2152 1440 2227; x_wconf 77' lang='lat' dir='ltr'><strong>quatuor</strong></span> <span class='ocrx_word' id='word_1_242' title='bbox 1457 2143 1550 2209; x_wconf 83' lang='lat' dir='ltr'><strong>dietis</strong></span> <span class='ocrx_word' id='word_1_243' title='bbox 1565 2145 1723 2232; x_wconf 79' lang='lat' dir='ltr'><strong>abeopb</strong></span> 
     </span>
     <span class='ocr_line' id='line_1_22' title="bbox 61 2234 1721 2323; baseline 0.004 -25"><span class='ocrx_word' id='word_1_244' title='bbox 61 2258 129 2319; x_wconf 72' lang='lat' dir='ltr'><strong>poe</strong></span> <span class='ocrx_word' id='word_1_245' title='bbox 148 2235 299 2320; x_wconf 89' lang='lat' dir='ltr'><strong>oppidum.</strong></span> <span class='ocrx_word' id='word_1_246' title='bbox 319 2234 424 2299; x_wconf 81' lang='lat' dir='ltr'><strong>Desnn</strong></span> <span class='ocrx_word' id='word_1_247' title='bbox 442 2243 542 2299; x_wconf 86' lang='lat' dir='ltr'><strong>autem</strong></span> <span class='ocrx_word' id='word_1_248' title='bbox 561 2236 639 2301; x_wconf 83' lang='lat' dir='ltr'><strong>inira</strong></span> <span class='ocrx_word' id='word_1_249' title='bbox 657 2237 809 2320; x_wconf 81' lang='lat' dir='ltr'><strong>Kijoviaxn</strong></span> <span class='ocrx_word' id='word_1_250' title='bbox 832 2239 864 2298; x_wconf 88' lang='lat' dir='ltr'><strong>iu</strong></span> <span class='ocrx_word' id='word_1_251' title='bbox 919 2240 1054 2312; x_wconf 82' lang='lat' dir='ltr'><strong>civitate,</strong></span> <span class='ocrx_word' id='word_1_252' title='bbox 1079 2241 1109 2301; x_wconf 93' lang='lat' dir='ltr'><strong>in</strong></span> <span class='ocrx_word' id='word_1_253' title='bbox 1133 2237 1283 2301; x_wconf 87' lang='lat' dir='ltr'><strong>montibus</strong></span> <span class='ocrx_word' id='word_1_254' title='bbox 1308 2258 1385 2320; x_wconf 82' lang='lat' dir='ltr'><strong>quos</strong></span> <span class='ocrx_word' id='word_1_255' title='bbox 1409 2246 1534 2302; x_wconf 87' lang='lat' dir='ltr'><strong>sanctos</strong></span> <span class='ocrx_word' id='word_1_256' title='bbox 1559 2240 1721 2323; x_wconf 80' lang='lat' dir='ltr'><strong>appeliant,</strong></span> 
     </span>
     <span class='ocr_line' id='line_1_23' title="bbox 61 2326 1720 2417; baseline 0.004 -24"><span class='ocrx_word' id='word_1_257' title='bbox 61 2331 249 2395; x_wconf 86' lang='lat' dir='ltr'><strong>Boristenem</strong></span> <span class='ocrx_word' id='word_1_258' title='bbox 269 2336 455 2390; x_wconf 83' lang='lat' dir='ltr'><strong>exoneratur.</strong></span> <span class='ocrx_word' id='word_1_259' title='bbox 475 2326 571 2391; x_wconf 77' lang='lat' dir='ltr'><strong>Porro</strong></span> <span class='ocrx_word' id='word_1_260' title='bbox 592 2328 694 2393; x_wconf 87' lang='lat' dir='ltr'><strong>Sosna</strong></span> <span class='ocrx_word' id='word_1_261' title='bbox 719 2348 810 2393; x_wconf 77' lang='lat' dir='ltr'><strong>curun</strong></span> <span class='ocrx_word' id='word_1_262' title='bbox 831 2332 864 2393; x_wconf 87' lang='lat' dir='ltr'><strong>in</strong></span> <span class='ocrx_word' id='word_1_263' title='bbox 911 2328 1022 2395; x_wconf 88' lang='lat' dir='ltr'><strong>-dicuut</strong></span> <span class='ocrx_word' id='word_1_264' title='bbox 1040 2338 1158 2395; x_wconf 74' lang='lat' dir='ltr'><strong>musas</strong></span> <span class='ocrx_word' id='word_1_265' title='bbox 1176 2334 1380 2414; x_wconf 72' lang='lat' dir='ltr'><strong>imaginesque</strong></span> <span class='ocrx_word' id='word_1_266' title='bbox 1402 2329 1547 2415; x_wconf 74' lang='lat' dir='ltr'><strong>quasdm</strong></span> <span class='ocrx_word' id='word_1_267' title='bbox 1566 2338 1720 2417; x_wconf 77' lang='lat' dir='ltr'><strong>anu&#39;qnita·</strong></span> 
     </span>
     <span class='ocr_line' id='line_1_24' title="bbox 60 2419 1205 2505; baseline 0.001 -19"><span class='ocrx_word' id='word_1_268' title='bbox 60 2424 217 2487; x_wconf 82' lang='lat' dir='ltr'><strong>Orientem</strong></span> <span class='ocrx_word' id='word_1_269' title='bbox 239 2419 354 2484; x_wconf 74' lang='lat' dir='ltr'><strong>duecte</strong></span> <span class='ocrx_word' id='word_1_270' title='bbox 380 2441 435 2503; x_wconf 90' lang='lat' dir='ltr'><strong>per</strong></span> <span class='ocrx_word' id='word_1_271' title='bbox 460 2421 648 2505; x_wconf 78' lang='lat' dir='ltr'><strong>campestria</strong></span> <span class='ocrx_word' id='word_1_272' title='bbox 673 2421 864 2487; x_wconf 84' lang='lat' dir='ltr'><strong>Tartarornrn</strong></span> <span class='ocrx_word' id='word_1_273' title='bbox 917 2425 959 2487; x_wconf 86' lang='lat' dir='ltr'><strong>tia</strong></span> <span class='ocrx_word' id='word_1_274' title='bbox 977 2427 1074 2505; x_wconf 73' lang='lat' dir='ltr'><strong>signa,</strong></span> <span class='ocrx_word' id='word_1_275' title='bbox 1094 2433 1205 2487; x_wconf 86' lang='lat' dir='ltr'><strong>extare.</strong></span> 
     </span>
     <span class='ocr_line' id='line_1_25' title="bbox 59 2512 1720 2600; baseline 0.003 -20"><span class='ocrx_word' id='word_1_276' title='bbox 59 2521 92 2580; x_wconf 92' lang='lat' dir='ltr'><strong>in</strong></span> <span class='ocrx_word' id='word_1_277' title='bbox 112 2516 239 2579; x_wconf 81' lang='lat' dir='ltr'><strong>Tanaim</strong></span> <span class='ocrx_word' id='word_1_278' title='bbox 256 2514 375 2577; x_wconf 81' lang='lat' dir='ltr'><strong>fluvium</strong></span> <span class='ocrx_word' id='word_1_279' title='bbox 394 2512 533 2577; x_wconf 78' lang='lat' dir='ltr'><strong>defertur.</strong></span> <span class='ocrx_word' id='word_1_280' title='bbox 995 2516 1158 2581; x_wconf 72' lang='lat' dir='ltr'><strong>Colum</strong></span> <span class='ocrx_word' id='word_1_281' title='bbox 1176 2521 1265 2582; x_wconf 86' lang='lat' dir='ltr'><strong>etiam</strong></span> <span class='ocrx_word' id='word_1_282' title='bbox 1282 2515 1445 2582; x_wconf 78' lang='lat' dir='ltr'><strong>Alexandri</strong></span> <span class='ocrx_word' id='word_1_283' title='bbox 1462 2516 1564 2600; x_wconf 73' lang='lat' dir='ltr'><strong>Mami</strong></span> <span class='ocrx_word' id='word_1_284' title='bbox 1577 2517 1720 2587; x_wconf 68' lang='lat' dir='ltr'><strong>Macedo</strong></span> 
     </span>
     <span class='ocr_line' id='line_1_26' title="bbox 140 2604 1718 2696; baseline 0.004 -26"><span class='ocrx_word' id='word_1_285' title='bbox 140 2608 255 2689; x_wconf 74' lang='lat' dir='ltr'><strong>coinga</strong></span> <span class='ocrx_word' id='word_1_286' title='bbox 279 2604 432 2690; x_wconf 83' lang='lat' dir='ltr'><strong>oppidum.</strong></span> <span class='ocrx_word' id='word_1_287' title='bbox 453 2616 485 2671; x_wconf 86' lang='lat' dir='ltr'><strong>et</strong></span> <span class='ocrx_word' id='word_1_288' title='bbox 509 2616 640 2671; x_wconf 73' lang='lat' dir='ltr'><strong>mauu·</strong></span> <span class='ocrx_word' id='word_1_289' title='bbox 659 2608 803 2689; x_wconf 65' lang='lat' dir='ltr'><strong>iginum,</strong></span> <span class='ocrx_word' id='word_1_290' title='bbox 820 2604 863 2673; x_wconf 90' lang='lat' dir='ltr'><strong>ad</strong></span> <span class='ocrx_word' id='word_1_291' title='bbox 916 2630 986 2674; x_wconf 89' lang='lat' dir='ltr'><strong>num</strong></span> <span class='ocrx_word' id='word_1_292' title='bbox 1013 2609 1124 2693; x_wconf 74' lang='lat' dir='ltr'><strong>Regis,</strong></span> <span class='ocrx_word' id='word_1_293' title='bbox 1143 2614 1174 2674; x_wconf 91' lang='lat' dir='ltr'><strong>iu</strong></span> <span class='ocrx_word' id='word_1_294' title='bbox 1200 2610 1250 2674; x_wconf 85' lang='lat' dir='ltr'><strong>bis</strong></span> <span class='ocrx_word' id='word_1_295' title='bbox 1275 2611 1410 2695; x_wconf 91' lang='lat' dir='ltr'><strong>partibus</strong></span> <span class='ocrx_word' id='word_1_296' title='bbox 1435 2611 1554 2694; x_wconf 73' lang='lat' dir='ltr'><strong>midam</strong></span> <span class='ocrx_word' id='word_1_297' title='bbox 1579 2633 1718 2696; x_wconf 70' lang='lat' dir='ltr'><strong>potuere.</strong></span> 
     </span>
     <span class='ocr_line' id='line_1_27' title="bbox 60 2700 1717 2788; baseline 0.005 -24"><span class='ocrx_word' id='word_1_298' title='bbox 60 2702 178 2766; x_wconf 83' lang='lat' dir='ltr'><strong>Oecanr</strong></span> <span class='ocrx_word' id='word_1_299' title='bbox 199 2702 317 2765; x_wconf 78' lang='lat' dir='ltr'><strong>fluvium</strong></span> <span class='ocrx_word' id='word_1_300' title='bbox 335 2701 375 2770; x_wconf 69' lang='grc'><strong>36</strong></span> <span class='ocrx_word' id='word_1_301' title='bbox 391 2700 555 2765; x_wconf 82' lang='lat' dir='ltr'><strong>miliaribus</strong></span> <span class='ocrx_word' id='word_1_302' title='bbox 569 2702 722 2765; x_wconf 82' lang='lat' dir='ltr'><strong>Polonicis</strong></span> <span class='ocrx_word' id='word_1_303' title='bbox 742 2724 761 2765; x_wconf 97' lang='lat' dir='ltr'><strong>a</strong></span> <span class='ocrx_word' id='word_1_304' title='bbox 780 2701 862 2765; x_wconf 86' lang='lat' dir='ltr'><strong>blos-</strong></span> <span class='ocrx_word' id='word_1_305' title='bbox 915 2705 961 2767; x_wconf 81' lang='lat' dir='ltr'><strong>At</strong></span> <span class='ocrx_word' id='word_1_306' title='bbox 978 2724 1059 2766; x_wconf 90' lang='lat' dir='ltr'><strong>anne</strong></span> <span class='ocrx_word' id='word_1_307' title='bbox 1076 2705 1187 2767; x_wconf 79' lang='lat' dir='ltr'><strong>nudum</strong></span> <span class='ocrx_word' id='word_1_308' title='bbox 1206 2708 1363 2785; x_wconf 69' lang='lat' dir='ltr'><strong>vestigium</strong></span> <span class='ocrx_word' id='word_1_309' title='bbox 1383 2724 1482 2773; x_wconf 81' lang='lat' dir='ltr'><strong>earum</strong></span> <span class='ocrx_word' id='word_1_310' title='bbox 1501 2726 1656 2788; x_wconf 87' lang='lat' dir='ltr'><strong>apparere,</strong></span> <span class='ocrx_word' id='word_1_311' title='bbox 1674 2707 1717 2771; x_wconf 87' lang='lat' dir='ltr'><strong>ilii</strong></span> 
     </span>
     <span class='ocr_line' id='line_1_28' title="bbox 59 2793 1720 2881; baseline 0.005 -24"><span class='ocrx_word' id='word_1_312' title='bbox 59 2799 147 2859; x_wconf 83' lang='lat' dir='ltr'><strong>cevia</strong></span> <span class='ocrx_word' id='word_1_313' title='bbox 165 2794 262 2868; x_wconf 80' lang='lat' dir='ltr'><strong>abest,</strong></span> <span class='ocrx_word' id='word_1_314' title='bbox 283 2794 325 2858; x_wconf 93' lang='lat' dir='ltr'><strong>ibi</strong></span> <span class='ocrx_word' id='word_1_315' title='bbox 344 2797 504 2876; x_wconf 85' lang='lat' dir='ltr'><strong>quotannis</strong></span> <span class='ocrx_word' id='word_1_316' title='bbox 524 2793 678 2878; x_wconf 80' lang='lat' dir='ltr'><strong>proesidia</strong></span> <span class='ocrx_word' id='word_1_317' title='bbox 695 2804 801 2859; x_wconf 72' lang='lat' dir='ltr'><strong>contu</strong></span> <span class='ocrx_word' id='word_1_318' title='bbox 819 2798 861 2857; x_wconf 87' lang='lat' dir='ltr'><strong>in·</strong></span> <span class='ocrx_word' id='word_1_319' title='bbox 918 2801 967 2880; x_wconf 79' lang='lat' dir='ltr'><strong>qui</strong></span> <span class='ocrx_word' id='word_1_320' title='bbox 988 2819 1026 2861; x_wconf 91' lang='lat' dir='ltr'><strong>ea</strong></span> <span class='ocrx_word' id='word_1_321' title='bbox 1045 2798 1111 2861; x_wconf 88' lang='lat' dir='ltr'><strong>ioca</strong></span> <span class='ocrx_word' id='word_1_322' title='bbox 1129 2801 1252 2881; x_wconf 85' lang='lat' dir='ltr'><strong>saepius</strong></span> <span class='ocrx_word' id='word_1_323' title='bbox 1277 2807 1471 2881; x_wconf 77' lang='lat' dir='ltr'><strong>peragrarunt</strong></span> <span class='ocrx_word' id='word_1_324' title='bbox 1488 2798 1659 2880; x_wconf 89' lang='lat' dir='ltr'><strong>perbibent,</strong></span> <span class='ocrx_word' id='word_1_325' title='bbox 1677 2810 1720 2865; x_wconf 82' lang='lat' dir='ltr'><strong>at·</strong></span> 
     </span>
     <span class='ocr_line' id='line_1_29' title="bbox 60 2887 1718 2973; baseline 0.004 -22"><span class='ocrx_word' id='word_1_326' title='bbox 60 2892 216 2951; x_wconf 86' lang='lat' dir='ltr'><strong>cursiones</strong></span> <span class='ocrx_word' id='word_1_327' title='bbox 227 2887 417 2951; x_wconf 79' lang='lat' dir='ltr'><strong>Tartarorunn</strong></span> <span class='ocrx_word' id='word_1_328' title='bbox 425 2888 784 2968; x_wconf 71' lang='lat' dir='ltr'><strong>stsmeresoietmagnna</strong></span> <span class='ocrx_word' id='word_1_329' title='bbox 795 2888 864 2952; x_wconf 86' lang='lat' dir='ltr'><strong>Dux</strong></span> <span class='ocrx_word' id='word_1_330' title='bbox 917 2910 975 2973; x_wconf 83' lang='lat' dir='ltr'><strong>qne</strong></span> <span class='ocrx_word' id='word_1_331' title='bbox 993 2888 1062 2953; x_wconf 91' lang='lat' dir='ltr'><strong>ideo</strong></span> <span class='ocrx_word' id='word_1_332' title='bbox 1082 2890 1156 2954; x_wconf 88' lang='lat' dir='ltr'><strong>nibil</strong></span> <span class='ocrx_word' id='word_1_333' title='bbox 1175 2894 1248 2955; x_wconf 88' lang='lat' dir='ltr'><strong>certi</strong></span> <span class='ocrx_word' id='word_1_334' title='bbox 1269 2887 1308 2953; x_wconf 90' lang='lat' dir='ltr'><strong>de</strong></span> <span class='ocrx_word' id='word_1_335' title='bbox 1324 2893 1418 2953; x_wconf 89' lang='lat' dir='ltr'><strong>ruinis</strong></span> <span class='ocrx_word' id='word_1_336' title='bbox 1438 2899 1469 2953; x_wconf 91' lang='lat' dir='ltr'><strong>et</strong></span> <span class='ocrx_word' id='word_1_337' title='bbox 1484 2895 1546 2954; x_wconf 89' lang='lat' dir='ltr'><strong>situ</strong></span> <span class='ocrx_word' id='word_1_338' title='bbox 1557 2912 1657 2955; x_wconf 83' lang='lat' dir='ltr'><strong>carum</strong></span> <span class='ocrx_word' id='word_1_339' title='bbox 1672 2916 1718 2958; x_wconf 83' lang='lat' dir='ltr'><strong>es·</strong></span> 
     </span>
     <span class='ocr_line' id='line_1_30' title="bbox 58 2980 1117 3066; baseline 0.006 -25"><span class='ocrx_word' id='word_1_340' title='bbox 58 2980 245 3042; x_wconf 78' lang='lat' dir='ltr'><strong>ntoeeoviae.</strong></span> <span class='ocrx_word' id='word_1_341' title='bbox 915 2986 1001 3066; x_wconf 83' lang='lat' dir='ltr'><strong>sequi</strong></span> <span class='ocrx_word' id='word_1_342' title='bbox 1020 2980 1117 3048; x_wconf 87' lang='lat' dir='ltr'><strong>dxtnr.</strong></span> 
     </span>
     <span class='ocr_line' id='line_1_31' title="bbox 993 3074 1717 3158; baseline 0.004 -17"><span class='ocrx_word' id='word_1_343' title='bbox 993 3076 1080 3141; x_wconf 84' lang='lat' dir='ltr'><strong>Haec</strong></span> <span class='ocrx_word' id='word_1_344' title='bbox 1099 3081 1188 3158; x_wconf 74' lang='lat' dir='ltr'><strong>igitur</strong></span> <span class='ocrx_word' id='word_1_345' title='bbox 1205 3076 1244 3141; x_wconf 91' lang='lat' dir='ltr'><strong>de</strong></span> <span class='ocrx_word' id='word_1_346' title='bbox 1266 3078 1379 3142; x_wconf 74' lang='lat' dir='ltr'><strong>&#39;l’anois</strong></span> <span class='ocrx_word' id='word_1_347' title='bbox 1391 3074 1479 3140; x_wconf 84' lang='lat' dir='ltr'><strong>duvio</strong></span> <span class='ocrx_word' id='word_1_348' title='bbox 1495 3076 1625 3142; x_wconf 85' lang='lat' dir='ltr'><strong>breviter</strong></span> <span class='ocrx_word' id='word_1_349' title='bbox 1637 3079 1717 3145; x_wconf 88' lang='lat' dir='ltr'><strong>dicta</strong></span> 
     </span>
     <span class='ocr_line' id='line_1_32' title="bbox 916 3168 1717 3236; baseline 0.004 -3"><span class='ocrx_word' id='word_1_350' title='bbox 916 3168 1082 3235; x_wconf 78' lang='lat' dir='ltr'><strong>miiciantz</strong></span> <span class='ocrx_word' id='word_1_351' title='bbox 1099 3170 1188 3236; x_wconf 88' lang='lat' dir='ltr'><strong>Nunc</strong></span> <span class='ocrx_word' id='word_1_352' title='bbox 1205 3192 1310 3235; x_wconf 85' lang='lat' dir='ltr'><strong>rursus</strong></span> <span class='ocrx_word' id='word_1_353' title='bbox 1329 3170 1368 3234; x_wconf 90' lang='lat' dir='ltr'><strong>ad</strong></span> <span class='ocrx_word' id='word_1_354' title='bbox 1387 3169 1603 3235; x_wconf 75' lang='lat' dir='ltr'><strong>describendae</strong></span> <span class='ocrx_word' id='word_1_355' title='bbox 1621 3183 1717 3236; x_wconf 85' lang='lat' dir='ltr'><strong>caete·</strong></span> 
     </span>
     <span class='ocr_line' id='line_1_33' title="bbox 161 3233 1717 3347; baseline 0 -17"><span class='ocrx_word' id='word_1_356' title='bbox 161 3233 498 3333; x_wconf 60' lang='lat' dir='ltr'><strong>vodbfffflbfflsls</strong></span> <span class='ocrx_word' id='word_1_357' title='bbox 531 3236 759 3335; x_wconf 61' lang='lat' dir='ltr'><strong>BUOETUS.</strong></span> <span class='ocrx_word' id='word_1_358' title='bbox 916 3284 967 3327; x_wconf 90' lang='lat' dir='ltr'><strong>ras</strong></span> <span class='ocrx_word' id='word_1_359' title='bbox 985 3264 1158 3329; x_wconf 79' lang='lat' dir='ltr'><strong>dioscorum</strong></span> <span class='ocrx_word' id='word_1_360' title='bbox 1166 3264 1263 3328; x_wconf 85' lang='lat' dir='ltr'><strong>Ducis</strong></span> <span class='ocrx_word' id='word_1_361' title='bbox 1281 3268 1460 3347; x_wconf 79' lang='lat' dir='ltr'><strong>provincius,</strong></span> <span class='ocrx_word' id='word_1_362' title='bbox 1478 3285 1599 3347; x_wconf 75' lang='lat' dir='ltr'><strong>pergam</strong></span> <span class='ocrx_word' id='word_1_363' title='bbox 1629 3274 1717 3347; x_wconf 69' lang='lat' dir='ltr'><strong>utone</strong></span> 
     </span>
     <span class='ocr_line' id='line_1_34' title="bbox 915 3356 1716 3442; baseline 0.002 -21"><span class='ocrx_word' id='word_1_364' title='bbox 915 3357 1111 3421; x_wconf 78' lang='lat' dir='ltr'><strong>abioscovia</strong></span> <span class='ocrx_word' id='word_1_365' title='bbox 1129 3356 1283 3421; x_wconf 85' lang='lat' dir='ltr'><strong>meridiem</strong></span> <span class='ocrx_word' id='word_1_366' title='bbox 1305 3376 1427 3431; x_wconf 81' lang='lat' dir='ltr'><strong>versus,</strong></span> <span class='ocrx_word' id='word_1_367' title='bbox 1447 3356 1631 3421; x_wconf 73' lang='lat' dir='ltr'><strong>dextrorsum</strong></span> <span class='ocrx_word' id='word_1_368' title='bbox 1650 3379 1716 3442; x_wconf 86' lang='lat' dir='ltr'><strong>pro·</strong></span> 
     </span>
     <span class='ocr_line' id='line_1_35' title="bbox 134 3447 1629 3533; baseline 0.001 -22"><span class='ocrx_word' id='word_1_369' title='bbox 134 3447 272 3513; x_wconf 76' lang='lat' dir='ltr'><strong>lineatus</strong></span> <span class='ocrx_word' id='word_1_370' title='bbox 290 3448 510 3522; x_wconf 84' lang='lat' dir='ltr'><strong>Vorotinensis,</strong></span> <span class='ocrx_word' id='word_1_371' title='bbox 529 3449 660 3515; x_wconf 83' lang='lat' dir='ltr'><strong>tribuae</strong></span> <span class='ocrx_word' id='word_1_372' title='bbox 678 3451 793 3533; x_wconf 75' lang='lat' dir='ltr'><strong>Coinga</strong></span> <span class='ocrx_word' id='word_1_373' title='bbox 810 3456 860 3515; x_wconf 86' lang='lat' dir='ltr'><strong>rni-</strong></span> <span class='ocrx_word' id='word_1_374' title='bbox 915 3447 1061 3523; x_wconf 84' lang='lat' dir='ltr'><strong>cedendo,</strong></span> <span class='ocrx_word' id='word_1_375' title='bbox 1080 3450 1290 3514; x_wconf 70' lang='lat' dir='ltr'><strong>devenientem</strong></span> <span class='ocrx_word' id='word_1_376' title='bbox 1308 3449 1457 3515; x_wconf 83' lang='lat' dir='ltr'><strong>Ducaturn</strong></span> <span class='ocrx_word' id='word_1_377' title='bbox 1477 3455 1629 3533; x_wconf 68' lang='lat' dir='ltr'><strong>attingam.</strong></span> 
     </span>
     <span class='ocr_line' id='line_1_36' title="bbox 58 3540 849 3624; baseline 0.005 -19"><span class='ocrx_word' id='word_1_378' title='bbox 58 3542 185 3605; x_wconf 86' lang='lat' dir='ltr'><strong>liaribus</strong></span> <span class='ocrx_word' id='word_1_379' title='bbox 197 3545 391 3606; x_wconf 80' lang='lat' dir='ltr'><strong>cumcivitetc</strong></span> <span class='ocrx_word' id='word_1_380' title='bbox 410 3550 552 3607; x_wconf 75' lang='lat' dir='ltr'><strong>etemue</strong></span> <span class='ocrx_word' id='word_1_381' title='bbox 572 3540 708 3624; x_wconf 80' lang='lat' dir='ltr'><strong>ejusdem</strong></span> <span class='ocrx_word' id='word_1_382' title='bbox 720 3549 849 3611; x_wconf 84' lang='lat' dir='ltr'><strong>nominis</strong></span> 
     </span>
     <span class='ocr_line' id='line_1_37' title="bbox 60 3633 580 3709; baseline 0 -9"><span class='ocrx_word' id='word_1_383' title='bbox 60 3634 103 3700; x_wconf 89' lang='lat' dir='ltr'><strong>ad</strong></span> <span class='ocrx_word' id='word_1_384' title='bbox 116 3635 231 3699; x_wconf 88' lang='lat' dir='ltr'><strong>0ccanr</strong></span> <span class='ocrx_word' id='word_1_385' title='bbox 252 3634 370 3697; x_wconf 76' lang='lat' dir='ltr'><strong>durium</strong></span> <span class='ocrx_word' id='word_1_386' title='bbox 387 3638 457 3709; x_wconf 84' lang='lat' dir='ltr'><strong>aito,</strong></span> <span class='ocrx_word' id='word_1_387' title='bbox 477 3633 580 3700; x_wconf 78' lang='lat' dir='ltr'><strong>distat.</strong></span> 
     </span>
    </p>
   </div>
   <div class='ocr_carea' id='block_1_3' title="bbox 932 3706 1701 3807">
    <p class='ocr_par' dir='ltr' id='par_1_3' title="bbox 932 3706 1701 3807">
     <span class='ocr_line' id='line_1_38' title="bbox 932 3706 1701 3807; baseline 0.007 -5"><span class='ocrx_word' id='word_1_388' title='bbox 932 3706 994 3803; x_wconf 82' lang='lat' dir='ltr'><strong>iiii</strong></span> <span class='ocrx_word' id='word_1_389' title='bbox 1016 3706 1175 3805; x_wconf 70' lang='lat' dir='ltr'><strong>ilitio</strong></span> <span class='ocrx_word' id='word_1_390' title='bbox 1199 3706 1477 3807; x_wconf 74' lang='lat' dir='ltr'><strong>suiuuiuusi</strong></span> <span class='ocrx_word' id='word_1_391' title='bbox 1505 3708 1701 3807; x_wconf 71' lang='lat' dir='ltr'><strong>nucum.</strong></span> 
     </span>
    </p>
   </div>
   <div class='ocr_carea' id='block_1_4' title="bbox 105 3889 1716 3998">
    <p class='ocr_par' dir='ltr' id='par_1_4' title="bbox 105 3889 1716 3998">
     <span class='ocr_line' id='line_1_39' title="bbox 105 3889 1716 3998; baseline -0.003 -9"><span class='ocrx_word' id='word_1_392' title='bbox 105 3890 167 3989; x_wconf 80' lang='lat' dir='ltr'><strong>bd</strong></span> <span class='ocrx_word' id='word_1_393' title='bbox 202 3889 368 3988; x_wconf 77' lang='lat' dir='ltr'><strong>TdeiS</strong></span> <span class='ocrx_word' id='word_1_394' title='bbox 400 3890 554 3989; x_wconf 75' lang='lat' dir='ltr'><strong>inuiti</strong></span> <span class='ocrx_word' id='word_1_395' title='bbox 585 3892 827 3993; x_wconf 70' lang='lat' dir='ltr'><strong>mininis.</strong></span> <span class='ocrx_word' id='word_1_396' title='bbox 992 3920 1181 3985; x_wconf 65' lang='lat' dir='ltr'><strong>severum</strong></span> <span class='ocrx_word' id='word_1_397' title='bbox 1206 3921 1343 3983; x_wconf 68' lang='lat' dir='ltr'><strong>onem</strong></span> <span class='ocrx_word' id='word_1_398' title='bbox 1361 3932 1410 3983; x_wconf 64' lang='lat' dir='ltr'><strong>ee</strong></span> <span class='ocrx_word' id='word_1_399' title='bbox 1434 3924 1553 3998; x_wconf 73' lang='lat' dir='ltr'><strong>ingens,</strong></span> <span class='ocrx_word' id='word_1_400' title='bbox 1573 3930 1604 3982; x_wconf 72' lang='lat' dir='ltr'><strong>o</strong></span> <span class='ocrx_word' id='word_1_401' title='bbox 1627 3922 1716 3985; x_wconf 67' lang='lat' dir='ltr'><strong>renus</strong></span> 
     </span>
    </p>
   </div>
   <div class='ocr_carea' id='block_1_5' title="bbox 54 4010 1718 5303">
    <p class='ocr_par' dir='ltr' id='par_1_5' title="bbox 916 4010 1716 4094">
     <span class='ocr_line' id='line_1_40' title="bbox 916 4010 1716 4094; baseline 0.005 -19"><span class='ocrx_word' id='word_1_402' title='bbox 916 4014 1052 4077; x_wconf 81' lang='lat' dir='ltr'><strong>omnibus</strong></span> <span class='ocrx_word' id='word_1_403' title='bbox 1078 4014 1220 4088; x_wconf 81' lang='lat' dir='ltr'><strong>affluens,</strong></span> <span class='ocrx_word' id='word_1_404' title='bbox 1245 4016 1333 4094; x_wconf 90' lang='lat' dir='ltr'><strong>cujus</strong></span> <span class='ocrx_word' id='word_1_405' title='bbox 1357 4010 1482 4075; x_wconf 79' lang='lat' dir='ltr'><strong>latitudo</strong></span> <span class='ocrx_word' id='word_1_406' title='bbox 1513 4034 1532 4074; x_wconf 87' lang='lat' dir='ltr'><strong>o</strong></span> <span class='ocrx_word' id='word_1_407' title='bbox 1559 4012 1716 4079; x_wconf 88' lang='lat' dir='ltr'><strong>Boristeno</strong></span> 
     </span>
    </p>

    <p class='ocr_par' dir='ltr' id='par_1_6' title="bbox 54 4103 1718 5303">
     <span class='ocr_line' id='line_1_41' title="bbox 141 4103 1712 4192; baseline 0.004 -26"><span class='ocrx_word' id='word_1_408' title='bbox 141 4104 254 4167; x_wconf 84' lang='lat' dir='ltr'><strong>Tanais</strong></span> <span class='ocrx_word' id='word_1_409' title='bbox 273 4103 352 4166; x_wconf 82' lang='lat' dir='ltr'><strong>duvii</strong></span> <span class='ocrx_word' id='word_1_410' title='bbox 372 4103 481 4179; x_wconf 63' lang='lat' dir='ltr'><strong>fonte,</strong></span> <span class='ocrx_word' id='word_1_411' title='bbox 497 4106 563 4190; x_wconf 80' lang='lat' dir='ltr'><strong>(qni</strong></span> <span class='ocrx_word' id='word_1_412' title='bbox 575 4107 773 4192; x_wconf 81' lang='lat' dir='ltr'><strong>Europamab</strong></span> <span class='ocrx_word' id='word_1_413' title='bbox 785 4112 861 4173; x_wconf 82' lang='lat' dir='ltr'><strong>Asia</strong></span> <span class='ocrx_word' id='word_1_414' title='bbox 914 4128 1009 4189; x_wconf 81' lang='lat' dir='ltr'><strong>usquo</strong></span> <span class='ocrx_word' id='word_1_415' title='bbox 1029 4105 1068 4170; x_wconf 80' lang='lat' dir='ltr'><strong>nd</strong></span> <span class='ocrx_word' id='word_1_416' title='bbox 1079 4104 1241 4169; x_wconf 78' lang='lat' dir='ltr'><strong>blsezcnek</strong></span> <span class='ocrx_word' id='word_1_417' title='bbox 1261 4115 1391 4169; x_wconf 68' lang='lat' dir='ltr'><strong>curuum</strong></span> <span class='ocrx_word' id='word_1_418' title='bbox 1404 4105 1540 4179; x_wconf 88' lang='lat' dir='ltr'><strong>dirutum,</strong></span> <span class='ocrx_word' id='word_1_419' title='bbox 1560 4107 1712 4191; x_wconf 87' lang='lat' dir='ltr'><strong>supradic·</strong></span> 
     </span>
     <span class='ocr_line' id='line_1_42' title="bbox 57 4194 1716 4286; baseline 0.005 -26"><span class='ocrx_word' id='word_1_420' title='bbox 57 4195 274 4271; x_wconf 83' lang='lat' dir='ltr'><strong>disterminat),</strong></span> <span class='ocrx_word' id='word_1_421' title='bbox 311 4194 431 4279; x_wconf 77' lang='lat' dir='ltr'><strong>qnidam</strong></span> <span class='ocrx_word' id='word_1_422' title='bbox 467 4198 525 4263; x_wconf 82' lang='lat' dir='ltr'><strong>snb</strong></span> <span class='ocrx_word' id='word_1_423' title='bbox 558 4200 685 4285; x_wconf 82' lang='lat' dir='ltr'><strong>Ripbeis</strong></span> <span class='ocrx_word' id='word_1_424' title='bbox 710 4204 860 4265; x_wconf 85' lang='lat' dir='ltr'><strong>montibus</strong></span> <span class='ocrx_word' id='word_1_425' title='bbox 914 4208 976 4263; x_wconf 89' lang='lat' dir='ltr'><strong>tum</strong></span> <span class='ocrx_word' id='word_1_426' title='bbox 995 4198 1176 4272; x_wconf 82' lang='lat' dir='ltr'><strong>extenditur,</strong></span> <span class='ocrx_word' id='word_1_427' title='bbox 1199 4208 1360 4283; x_wconf 78' lang='lat' dir='ltr'><strong>vastosque</strong></span> <span class='ocrx_word' id='word_1_428' title='bbox 1386 4209 1417 4263; x_wconf 86' lang='lat' dir='ltr'><strong>et</strong></span> <span class='ocrx_word' id='word_1_429' title='bbox 1440 4198 1577 4265; x_wconf 85' lang='lat' dir='ltr'><strong>desertos</strong></span> <span class='ocrx_word' id='word_1_430' title='bbox 1603 4208 1716 4286; x_wconf 85' lang='lat' dir='ltr'><strong>passim</strong></span> 
     </span>
     <span class='ocr_line' id='line_1_43' title="bbox 57 4288 1716 4375; baseline 0.004 -21"><span class='ocrx_word' id='word_1_431' title='bbox 57 4290 138 4354; x_wconf 82' lang='lat' dir='ltr'><strong>iaisa</strong></span> <span class='ocrx_word' id='word_1_432' title='bbox 165 4292 304 4373; x_wconf 88' lang='lat' dir='ltr'><strong>opinione</strong></span> <span class='ocrx_word' id='word_1_433' title='bbox 327 4288 409 4353; x_wconf 86' lang='lat' dir='ltr'><strong>ducti</strong></span> <span class='ocrx_word' id='word_1_434' title='bbox 434 4291 594 4373; x_wconf 87' lang='lat' dir='ltr'><strong>ponebant.</strong></span> <span class='ocrx_word' id='word_1_435' title='bbox 620 4294 679 4357; x_wconf 81' lang='lat' dir='ltr'><strong>Hic</strong></span> <span class='ocrx_word' id='word_1_436' title='bbox 705 4300 860 4358; x_wconf 85' lang='lat' dir='ltr'><strong>antemio</strong></span> <span class='ocrx_word' id='word_1_437' title='bbox 915 4313 1037 4375; x_wconf 83' lang='lat' dir='ltr'><strong>campos</strong></span> <span class='ocrx_word' id='word_1_438' title='bbox 1056 4290 1203 4374; x_wconf 82' lang='lat' dir='ltr'><strong>possidet</strong></span> <span class='ocrx_word' id='word_1_439' title='bbox 1224 4293 1322 4355; x_wconf 84' lang='lat' dir='ltr'><strong>Primo</strong></span> <span class='ocrx_word' id='word_1_440' title='bbox 1341 4295 1445 4357; x_wconf 87' lang='lat' dir='ltr'><strong>Duces</strong></span> <span class='ocrx_word' id='word_1_441' title='bbox 1461 4294 1657 4360; x_wconf 84' lang='lat' dir='ltr'><strong>Severienses</strong></span> <span class='ocrx_word' id='word_1_442' title='bbox 1667 4303 1716 4361; x_wconf 92' lang='lat' dir='ltr'><strong>sui</strong></span> 
     </span>
     <span class='ocr_line' id='line_1_44' title="bbox 56 4380 1715 4469; baseline 0.003 -22"><span class='ocrx_word' id='word_1_443' title='bbox 56 4383 193 4447; x_wconf 76' lang='lat' dir='ltr'><strong>Rexania</strong></span> <span class='ocrx_word' id='word_1_444' title='bbox 223 4380 357 4446; x_wconf 78' lang='lat' dir='ltr'><strong>Rmsise</strong></span> <span class='ocrx_word' id='word_1_445' title='bbox 388 4387 510 4465; x_wconf 73' lang='lat' dir='ltr'><strong>regione</strong></span> <span class='ocrx_word' id='word_1_446' title='bbox 546 4406 653 4466; x_wconf 76' lang='lat' dir='ltr'><strong>magno</strong></span> <span class='ocrx_word' id='word_1_447' title='bbox 685 4387 859 4453; x_wconf 81' lang='lat' dir='ltr'><strong>Moscoviae</strong></span> <span class='ocrx_word' id='word_1_448' title='bbox 911 4390 991 4469; x_wconf 84' lang='lat' dir='ltr'><strong>juris</strong></span> <span class='ocrx_word' id='word_1_449' title='bbox 1014 4395 1114 4458; x_wconf 85' lang='lat' dir='ltr'><strong>erent,</strong></span> <span class='ocrx_word' id='word_1_450' title='bbox 1138 4381 1196 4447; x_wconf 87' lang='lat' dir='ltr'><strong>sed</strong></span> <span class='ocrx_word' id='word_1_451' title='bbox 1214 4394 1321 4468; x_wconf 81' lang='lat' dir='ltr'><strong>posteo</strong></span> <span class='ocrx_word' id='word_1_452' title='bbox 1339 4393 1456 4469; x_wconf 74' lang='lat' dir='ltr'><strong>magnis</strong></span> <span class='ocrx_word' id='word_1_453' title='bbox 1472 4387 1629 4453; x_wconf 83' lang='lat' dir='ltr'><strong>Lituaniac</strong></span> <span class='ocrx_word' id='word_1_454' title='bbox 1654 4391 1715 4452; x_wconf 88' lang='lat' dir='ltr'><strong>Dn-</strong></span> 
     </span>
     <span class='ocr_line' id='line_1_45' title="bbox 58 4473 1715 4565; baseline 0.002 -25"><span class='ocrx_word' id='word_1_455' title='bbox 58 4476 137 4540; x_wconf 84' lang='lat' dir='ltr'><strong>Dnci</strong></span> <span class='ocrx_word' id='word_1_456' title='bbox 154 4473 296 4556; x_wconf 81' lang='lat' dir='ltr'><strong>subjecta</strong></span> <span class='ocrx_word' id='word_1_457' title='bbox 324 4478 430 4539; x_wconf 78' lang='lat' dir='ltr'><strong>oriturz</strong></span> <span class='ocrx_word' id='word_1_458' title='bbox 449 4500 487 4541; x_wconf 92' lang='lat' dir='ltr'><strong>ex</strong></span> <span class='ocrx_word' id='word_1_459' title='bbox 501 4478 569 4543; x_wconf 86' lang='lat' dir='ltr'><strong>lacu</strong></span> <span class='ocrx_word' id='word_1_460' title='bbox 588 4478 715 4561; x_wconf 79' lang='lat' dir='ltr'><strong>quodam</strong></span> <span class='ocrx_word' id='word_1_461' title='bbox 731 4480 860 4546; x_wconf 84' lang='lat' dir='ltr'><strong>ivanovo</strong></span> <span class='ocrx_word' id='word_1_462' title='bbox 916 4479 1002 4543; x_wconf 88' lang='lat' dir='ltr'><strong>cibus</strong></span> <span class='ocrx_word' id='word_1_463' title='bbox 1020 4479 1182 4562; x_wconf 84' lang='lat' dir='ltr'><strong>permultos</strong></span> <span class='ocrx_word' id='word_1_464' title='bbox 1201 4498 1297 4543; x_wconf 88' lang='lat' dir='ltr'><strong>annos</strong></span> <span class='ocrx_word' id='word_1_465' title='bbox 1315 4481 1469 4565; x_wconf 79' lang='lat' dir='ltr'><strong>parebunt.</strong></span> <span class='ocrx_word' id='word_1_466' title='bbox 1492 4480 1626 4545; x_wconf 83' lang='lat' dir='ltr'><strong>Tandem</strong></span> <span class='ocrx_word' id='word_1_467' title='bbox 1645 4501 1715 4563; x_wconf 78' lang='lat' dir='ltr'><strong>quo·</strong></span> 
     </span>
     <span class='ocr_line' id='line_1_46' title="bbox 59 4567 1716 4656; baseline 0.003 -26"><span class='ocrx_word' id='word_1_468' title='bbox 59 4570 176 4633; x_wconf 70' lang='lat' dir='ltr'><strong>tenero</strong></span> <span class='ocrx_word' id='word_1_469' title='bbox 194 4568 297 4649; x_wconf 73' lang='lat' dir='ltr'><strong>gentili</strong></span> <span class='ocrx_word' id='word_1_470' title='bbox 316 4567 417 4650; x_wconf 59' lang='lat' dir='ltr'><strong>bnans</strong></span> <span class='ocrx_word' id='word_1_471' title='bbox 435 4570 532 4647; x_wconf 91' lang='lat' dir='ltr'><strong>dicto,</strong></span> <span class='ocrx_word' id='word_1_472' title='bbox 551 4577 600 4656; x_wconf 74' lang='lat' dir='ltr'><strong>qui</strong></span> <span class='ocrx_word' id='word_1_473' title='bbox 621 4577 652 4635; x_wconf 92' lang='lat' dir='ltr'><strong>in</strong></span> <span class='ocrx_word' id='word_1_474' title='bbox 677 4575 860 4639; x_wconf 77' lang='lat' dir='ltr'><strong>iab‘tndinem</strong></span> <span class='ocrx_word' id='word_1_475' title='bbox 916 4592 974 4654; x_wconf 86' lang='lat' dir='ltr'><strong>que</strong></span> <span class='ocrx_word' id='word_1_476' title='bbox 992 4573 1074 4650; x_wconf 86' lang='lat' dir='ltr'><strong>(cum</strong></span> <span class='ocrx_word' id='word_1_477' title='bbox 1093 4592 1217 4652; x_wconf 76' lang='lat' dir='ltr'><strong>magnus</strong></span> <span class='ocrx_word' id='word_1_478' title='bbox 1236 4573 1373 4639; x_wconf 74' lang='lat' dir='ltr'><strong>Ducatrrs</strong></span> <span class='ocrx_word' id='word_1_479' title='bbox 1391 4574 1547 4654; x_wconf 79' lang='lat' dir='ltr'><strong>Jagielone</strong></span> <span class='ocrx_word' id='word_1_480' title='bbox 1566 4573 1716 4655; x_wconf 85' lang='lat' dir='ltr'><strong>baptisato</strong></span> 
     </span>
     <span class='ocr_line' id='line_1_47' title="bbox 60 4658 1716 4748; baseline 0 -23"><span class='ocrx_word' id='word_1_481' title='bbox 60 4658 100 4725; x_wconf 87' lang='lat' dir='ltr'><strong>ad</strong></span> <span class='ocrx_word' id='word_1_482' title='bbox 122 4663 180 4737; x_wconf 65' lang='lat' dir='ltr'><strong>bit)</strong></span> <span class='ocrx_word' id='word_1_483' title='bbox 206 4663 297 4725; x_wconf 73' lang='lat' dir='ltr'><strong>Vetat</strong></span> <span class='ocrx_word' id='word_1_484' title='bbox 312 4662 480 4728; x_wconf 81' lang='lat' dir='ltr'><strong>secundum</strong></span> <span class='ocrx_word' id='word_1_485' title='bbox 505 4665 662 4731; x_wconf 68' lang='lat' dir='ltr'><strong>distantia</strong></span> <span class='ocrx_word' id='word_1_486' title='bbox 688 4668 859 4735; x_wconf 85' lang='lat' dir='ltr'><strong>Moscoviti·</strong></span> <span class='ocrx_word' id='word_1_487' title='bbox 915 4665 956 4729; x_wconf 89' lang='lat' dir='ltr'><strong>ad</strong></span> <span class='ocrx_word' id='word_1_488' title='bbox 974 4664 1108 4728; x_wconf 85' lang='lat' dir='ltr'><strong>Polonos</strong></span> <span class='ocrx_word' id='word_1_489' title='bbox 1127 4668 1274 4746; x_wconf 85' lang='lat' dir='ltr'><strong>pervenit)</strong></span> <span class='ocrx_word' id='word_1_490' title='bbox 1295 4667 1430 4748; x_wconf 75' lang='lat' dir='ltr'><strong>Regibus</strong></span> <span class='ocrx_word' id='word_1_491' title='bbox 1451 4666 1594 4727; x_wconf 87' lang='lat' dir='ltr'><strong>Poioniae</strong></span> <span class='ocrx_word' id='word_1_492' title='bbox 1607 4664 1716 4726; x_wconf 78' lang='lat' dir='ltr'><strong>uibuta</strong></span> 
     </span>
     <span class='ocr_line' id='line_1_48' title="bbox 58 4755 1715 4842; baseline -0.001 -22"><span class='ocrx_word' id='word_1_493' title='bbox 58 4776 113 4820; x_wconf 71' lang='grc' dir='ltr'>ω</span> <span class='ocrx_word' id='word_1_494' title='bbox 132 4776 210 4839; x_wconf 78' lang='lat' dir='ltr'><strong>spirae</strong></span> <span class='ocrx_word' id='word_1_495' title='bbox 229 4757 287 4817; x_wconf 81' lang='lat'><strong>1⁰0</strong></span> <span class='ocrx_word' id='word_1_496' title='bbox 314 4756 440 4821; x_wconf 77' lang='lat' dir='ltr'><strong>miliaria</strong></span> <span class='ocrx_word' id='word_1_497' title='bbox 464 4758 610 4821; x_wconf 85' lang='lat' dir='ltr'><strong>Poiouicx</strong></span> <span class='ocrx_word' id='word_1_498' title='bbox 635 4759 780 4838; x_wconf 83' lang='lat' dir='ltr'><strong>efficiunt,</strong></span> <span class='ocrx_word' id='word_1_499' title='bbox 812 4786 860 4827; x_wconf 91' lang='lat' dir='ltr'><strong>ex·</strong></span> <span class='ocrx_word' id='word_1_500' title='bbox 915 4759 1135 4842; x_wconf 86' lang='lat' dir='ltr'><strong>persolvebant.</strong></span> <span class='ocrx_word' id='word_1_501' title='bbox 1153 4756 1273 4821; x_wconf 84' lang='lat' dir='ltr'><strong>Deinde</strong></span> <span class='ocrx_word' id='word_1_502' title='bbox 1296 4782 1316 4822; x_wconf 90' lang='lat' dir='ltr'><strong>a</strong></span> <span class='ocrx_word' id='word_1_503' title='bbox 1343 4763 1491 4823; x_wconf 72' lang='lat' dir='ltr'><strong>casimiro</strong></span> <span class='ocrx_word' id='word_1_504' title='bbox 1516 4756 1602 4836; x_wconf 75' lang='lat' dir='ltr'><strong>Rege</strong></span> <span class='ocrx_word' id='word_1_505' title='bbox 1628 4755 1715 4818; x_wconf 82' lang='lat' dir='ltr'><strong>Polo·</strong></span> 
     </span>
     <span class='ocr_line' id='line_1_49' title="bbox 56 4846 1718 4936; baseline 0 -23"><span class='ocrx_word' id='word_1_506' title='bbox 56 4847 197 4913; x_wconf 82' lang='lat' dir='ltr'><strong>tenditur.</strong></span> <span class='ocrx_word' id='word_1_507' title='bbox 216 4846 265 4911; x_wconf 78' lang='lat' dir='ltr'><strong>Ex</strong></span> <span class='ocrx_word' id='word_1_508' title='bbox 282 4847 341 4911; x_wconf 84' lang='lat' dir='ltr'><strong>boc</strong></span> <span class='ocrx_word' id='word_1_509' title='bbox 358 4858 459 4913; x_wconf 88' lang='lat' dir='ltr'><strong>autenr</strong></span> <span class='ocrx_word' id='word_1_510' title='bbox 478 4851 545 4913; x_wconf 88' lang='lat' dir='ltr'><strong>iacn</strong></span> <span class='ocrx_word' id='word_1_511' title='bbox 564 4851 640 4913; x_wconf 85' lang='lat' dir='ltr'><strong>aliua</strong></span> <span class='ocrx_word' id='word_1_512' title='bbox 659 4851 764 4917; x_wconf 79' lang='lat' dir='ltr'><strong>durius</strong></span> <span class='ocrx_word' id='word_1_513' title='bbox 781 4876 860 4936; x_wconf 75' lang='lat' dir='ltr'><strong>mag·</strong></span> <span class='ocrx_word' id='word_1_514' title='bbox 914 4855 982 4915; x_wconf 85' lang='lat' dir='ltr'><strong>niae</strong></span> <span class='ocrx_word' id='word_1_515' title='bbox 995 4870 1159 4933; x_wconf 71' lang='lat' dir='ltr'><strong>magnoque</strong></span> <span class='ocrx_word' id='word_1_516' title='bbox 1169 4848 1256 4913; x_wconf 85' lang='lat' dir='ltr'><strong>Duce</strong></span> <span class='ocrx_word' id='word_1_517' title='bbox 1267 4849 1452 4919; x_wconf 77' lang='lat' dir='ltr'><strong>bitinacius,</strong></span> <span class='ocrx_word' id='word_1_518' title='bbox 1471 4847 1635 4927; x_wconf 78' lang='lat' dir='ltr'><strong>iogicionis</strong></span> <span class='ocrx_word' id='word_1_519' title='bbox 1648 4847 1718 4924; x_wconf 80' lang='lat' dir='ltr'><strong>filio.</strong></span> 
     </span>
     <span class='ocr_line' id='line_1_50' title="bbox 56 4939 1716 5023; baseline 0.001 -18"><span class='ocrx_word' id='word_1_520' title='bbox 56 4962 124 5015; x_wconf 72' lang='lat' dir='ltr'><strong>nm,</strong></span> <span class='ocrx_word' id='word_1_521' title='bbox 144 4944 240 5005; x_wconf 83' lang='lat' dir='ltr'><strong>minor</strong></span> <span class='ocrx_word' id='word_1_522' title='bbox 257 4939 466 5005; x_wconf 80' lang='lat' dir='ltr'><strong>tancu&#39;l&#39;anai</strong></span> <span class='ocrx_word' id='word_1_523' title='bbox 485 4945 616 5023; x_wconf 67' lang='lat' dir='ltr'><strong>emergit,</strong></span> <span class='ocrx_word' id='word_1_524' title='bbox 636 4942 740 5009; x_wconf 82' lang='lat' dir='ltr'><strong>Sobad</strong></span> <span class='ocrx_word' id='word_1_525' title='bbox 752 4944 860 5021; x_wconf 64' lang='lat' dir='ltr'><strong>dictim</strong></span> <span class='ocrx_word' id='word_1_526' title='bbox 914 4941 956 5007; x_wconf 83' lang='lat' dir='ltr'><strong>ad</strong></span> <span class='ocrx_word' id='word_1_527' title='bbox 972 4942 1119 5005; x_wconf 77' lang='lat' dir='ltr'><strong>ioannem</strong></span> <span class='ocrx_word' id='word_1_528' title='bbox 1153 4961 1290 5021; x_wconf 70' lang='lat' dir='ltr'><strong>magnum</strong></span> <span class='ocrx_word' id='word_1_529' title='bbox 1316 4941 1491 5003; x_wconf 84' lang='lat' dir='ltr'><strong>Moscoviae</strong></span> <span class='ocrx_word' id='word_1_530' title='bbox 1517 4939 1648 5016; x_wconf 87' lang='lat' dir='ltr'><strong>Ducem,</strong></span> <span class='ocrx_word' id='word_1_531' title='bbox 1666 4941 1716 5009; x_wconf 88' lang='lat' dir='ltr'><strong>de·</strong></span> 
     </span>
     <span class='ocr_line' id='line_1_51' title="bbox 54 5030 1715 5121; baseline 0.002 -24"><span class='ocrx_word' id='word_1_532' title='bbox 54 5038 107 5119; x_wconf 73' lang='lat' dir='ltr'><strong>qni</strong></span> <span class='ocrx_word' id='word_1_533' title='bbox 134 5038 167 5097; x_wconf 90' lang='lat' dir='ltr'><strong>in</strong></span> <span class='ocrx_word' id='word_1_534' title='bbox 201 5030 398 5097; x_wconf 80' lang='lat' dir='ltr'><strong>Occidentem</strong></span> <span class='ocrx_word' id='word_1_535' title='bbox 422 5054 512 5099; x_wconf 83' lang='lat' dir='ltr'><strong>cursu</strong></span> <span class='ocrx_word' id='word_1_536' title='bbox 540 5033 670 5110; x_wconf 82' lang='lat' dir='ltr'><strong>directo,</strong></span> <span class='ocrx_word' id='word_1_537' title='bbox 693 5037 861 5121; x_wconf 82' lang='lat' dir='ltr'><strong>Huppaqua</strong></span> <span class='ocrx_word' id='word_1_538' title='bbox 915 5034 1060 5099; x_wconf 78' lang='lat' dir='ltr'><strong>iecerunt</strong></span> <span class='ocrx_word' id='word_1_539' title='bbox 1072 5031 1171 5097; x_wconf 85' lang='lat' dir='ltr'><strong>Sedes</strong></span> <span class='ocrx_word' id='word_1_540' title='bbox 1181 5042 1279 5097; x_wconf 87' lang='lat' dir='ltr'><strong>antem</strong></span> <span class='ocrx_word' id='word_1_541' title='bbox 1289 5032 1573 5118; x_wconf 84' lang='lat' dir='ltr'><strong>hujusPrincipntus</strong></span> <span class='ocrx_word' id='word_1_542' title='bbox 1583 5035 1715 5101; x_wconf 81' lang='lat' dir='ltr'><strong>inNovo·</strong></span> 
     </span>
     <span class='ocr_line' id='line_1_52' title="bbox 54 5122 1715 5215; baseline 0.005 -30"><span class='ocrx_word' id='word_1_543' title='bbox 54 5127 273 5197; x_wconf 67' lang='lat' dir='ltr'><strong>meinbamtc,</strong></span> <span class='ocrx_word' id='word_1_544' title='bbox 293 5122 409 5189; x_wconf 79' lang='lat' dir='ltr'><strong>Oetam</strong></span> <span class='ocrx_word' id='word_1_545' title='bbox 417 5126 520 5194; x_wconf 73' lang='lat' dir='ltr'><strong>utut</strong></span> <span class='ocrx_word' id='word_1_546' title='bbox 542 5129 861 5213; x_wconf 77' lang='lat' dir='ltr'><strong>Tanaieautearqnan</strong></span> <span class='ocrx_word' id='word_1_547' title='bbox 915 5122 1030 5209; x_wconf 66' lang='lat' dir='ltr'><strong>modu</strong></span> <span class='ocrx_word' id='word_1_548' title='bbox 1055 5130 1116 5189; x_wconf 88' lang='lat' dir='ltr'><strong>sita</strong></span> <span class='ocrx_word' id='word_1_549' title='bbox 1146 5131 1221 5189; x_wconf 82' lang='lat' dir='ltr'><strong>erat.</strong></span> <span class='ocrx_word' id='word_1_550' title='bbox 1261 5124 1327 5190; x_wconf 84' lang='lat' dir='ltr'><strong>Sed</strong></span> <span class='ocrx_word' id='word_1_551' title='bbox 1345 5125 1466 5191; x_wconf 89' lang='lat' dir='ltr'><strong>tandcm</strong></span> <span class='ocrx_word' id='word_1_552' title='bbox 1502 5127 1532 5191; x_wconf 89' lang='lat' dir='ltr'><strong>bi</strong></span> <span class='ocrx_word' id='word_1_553' title='bbox 1558 5127 1715 5215; x_wconf 83' lang='lat' dir='ltr'><strong>Principes</strong></span> 
     </span>
     <span class='ocr_line' id='line_1_53' title="bbox 54 5216 1717 5303; baseline 0 -18"><span class='ocrx_word' id='word_1_554' title='bbox 54 5220 156 5285; x_wconf 76' lang='lat' dir='ltr'><strong>tteeet</strong></span> <span class='ocrx_word' id='word_1_555' title='bbox 182 5220 251 5283; x_wconf 78' lang='lat' dir='ltr'><strong>noo</strong></span> <span class='ocrx_word' id='word_1_556' title='bbox 276 5216 443 5299; x_wconf 71' lang='lat' dir='ltr'><strong>appetunt.</strong></span> <span class='ocrx_word' id='word_1_557' title='bbox 473 5244 510 5287; x_wconf 89' lang='lat' dir='ltr'><strong>ex</strong></span> <span class='ocrx_word' id='word_1_558' title='bbox 538 5222 644 5289; x_wconf 77' lang='lat' dir='ltr'><strong>eodem</strong></span> <span class='ocrx_word' id='word_1_559' title='bbox 672 5224 739 5291; x_wconf 87' lang='lat' dir='ltr'><strong>iaco</strong></span> <span class='ocrx_word' id='word_1_560' title='bbox 766 5232 858 5295; x_wconf 72' lang='lat' dir='ltr'><strong>orbos,</strong></span> <span class='ocrx_word' id='word_1_561' title='bbox 915 5222 1020 5303; x_wconf 79' lang='lat' dir='ltr'><strong>(prout</strong></span> <span class='ocrx_word' id='word_1_562' title='bbox 1044 5218 1111 5283; x_wconf 81' lang='lat' dir='ltr'><strong>aliis</strong></span> <span class='ocrx_word' id='word_1_563' title='bbox 1134 5216 1235 5283; x_wconf 77' lang='lat' dir='ltr'><strong>anius</strong></span> <span class='ocrx_word' id='word_1_564' title='bbox 1261 5218 1435 5286; x_wconf 78' lang='lat' dir='ltr'><strong>dioscoriae</strong></span> <span class='ocrx_word' id='word_1_565' title='bbox 1467 5220 1544 5285; x_wconf 84' lang='lat' dir='ltr'><strong>Duci</strong></span> <span class='ocrx_word' id='word_1_566' title='bbox 1570 5222 1717 5302; x_wconf 84' lang='lat' dir='ltr'><strong>subjectis</strong></span> 
     </span>
    </p>
   </div>
   <div class='ocr_carea' id='block_1_6' title="bbox 0 0 1876 5626">
    <p class='ocr_par' dir='ltr' id='par_1_7' title="bbox 0 0 1876 5626">
     <span class='ocr_line' id='line_1_54' title="bbox 0 0 1876 5626; baseline 0 3"><span class='ocrx_word' id='word_1_567' title='bbox 0 0 1876 5626; x_wconf 95' lang='lat' dir='ltr'><strong> </strong></span> 
     </span>
    </p>
   </div>
  </div>
 </body>
</html>
