3742 5626
587 222 640 284 iiii
659 220 800 287 BELLO
819 218 1122 292 moscovtt‘tco,
1143 219 1269 283 LIBER
1289 220 1343 283 lv.
1731 224 1786 285 ibt

118 408 176 449 trus
201 387 306 458 ctinu,
331 405 418 466 quem
443 405 463 446 u
488 405 604 447 summo
629 385 772 447 Pontiiics
795 383 922 463 tegatu-
980 379 1101 443 tandem
1121 384 1249 442 artimus
1266 380 1306 442 ad
1318 402 1423 463 paceni
1440 383 1616 464 applicaret,
1634 396 1786 451 auctorem

117 478 156 541 nd
169 478 308 541 Mosco·
329 480 432 553 ivisse,
453 498 543 560 supra
557 478 755 550 ostendinus,
774 498 840 539 cun
852 495 922 537 mos
981 478 1009 536 ei
1029 493 1109 550 esse,
1130 475 1290 556 egisseque
1309 474 1386 537 banc
1406 475 1445 537 ob
1466 496 1588 538 canum
1607 496 1675 539 cutm
1689 478 1787 561 Rege,

117 578 188 655 prosi
205 572 375 634 discessus
395 592 415 633 a
428 569 670 651 Voigsliudiriii
688 570 834 634 dimissus
851 568 923 630 inis·
981 575 1015 629 nt
1036 588 1074 628 ne
1093 586 1209 629 curnem
1227 574 1328 628 umen
1347 565 1386 628 de
1406 567 1784 649 paceagendiiacnitatcm

117 674 176 741 eet,
196 667 236 726 ad
255 665 373 744 Regem·
392 672 525 737 venerat,
545 664 771 745 turmisaiiqnot
781 663 922 745 equitum,
980 660 1108 737 tolieret,
1127 659 1316 741 impetrasse,
1335 668 1369 722 nt
1381 660 1515 739 Legatos
1535 664 1603 741 ejas
1621 675 1734 729 certum
1754 671 1784 730 in

115 779 193 839 qnns
211 780 230 820 e
248 756 438 839 Norugurdia
456 757 634 821 deudventn
645 759 713 841 ejus
733 758 841 819 certior
851 753 921 815 Res
980 754 1088 829 iocum,
1109 755 1158 835 qni
1178 751 1287 814 Mosco
1306 750 1466 829 rideretur,
1486 752 1640 829 accedere,
1659 780 1785 844 cumque

117 851 224 922 iactus,
244 850 360 913 obviae
381 851 423 912 iiii
444 852 576 927 miserat,
594 852 624 912 in
645 861 745 913 eastra
761 848 919 912 deductus.
978 851 1043 908 suis
1064 847 1188 925 Legatis
1208 843 1246 906 de
1271 865 1347 927 pace
1372 866 1462 926 agero
1485 866 1522 909 sc
1540 867 1700 929 passurum
1719 854 1786 925 Rex

118 942 274 1006 Aii'erebat
293 942 352 1015 bic,
371 943 512 1007 Moscum
537 945 597 1005 etsi
621 944 652 1004 in
679 963 716 1005 ea
736 953 768 1004 et
788 962 846 1004 sua
863 946 919 1001 trc-
978 943 1135 1021 receperit.
1185 938 1312 1001 Moscns
1343 938 1450 1001 titteris
1480 940 1519 1001 iis
1549 946 1684 1024 acceptis
1717 948 1785 1011 sine

116 1036 276 1118 pidatinne,
296 1044 327 1098 et
341 1036 601 1100 beiiiadrcrsitata
620 1057 688 1098 curn
714 1037 816 1117 primis
834 1035 921 1116 pacis
978 1052 1061 1093 mora
1086 1032 1219 1093 nuntium
1237 1052 1297 1093 nna
1317 1051 1383 1093 crim
1403 1052 1460 1094 sno
1475 1030 1641 1106 tabellario,
1666 1036 1786 1103 litteris·

115 1128 243 1210 cupidus
262 1136 356 1203 esset,
376 1131 469 1191 nniiis
486 1136 586 1192 tanen
612 1130 680 1191 aiiis
698 1128 920 1191 conditionibus
977 1146 1037 1206 que
1055 1124 1095 1185 sd
1114 1124 1313 1189 Passerinum
1333 1126 1465 1187 remittit.
1504 1124 1619 1207 Pagnm
1630 1128 1785 1212 Zapoiiam

114 1242 181 1283 earn
205 1222 343 1304 accipere
368 1224 548 1285 obstinatus
574 1222 701 1295 bebere,
727 1242 814 1303 quan
842 1240 919 1300 quas
977 1221 1138 1297 nonaginta
1158 1238 1301 1299 passuum
1322 1218 1510 1281 nPiescoria
1529 1220 1671 1300 niiiibus,
1691 1226 1722 1285 in
1741 1223 1784 1287 di·

110 1317 173 1396 jam
191 1321 262 1376 autc
281 1314 419 1378 Poiotiac
437 1338 490 1396 per
500 1316 634 1395 Legatos
652 1334 727 1377 snos
746 1313 918 1395 proposuis·
978 1309 1138 1391 picmatnm
1163 1330 1238 1373 usna
1264 1317 1295 1372 et
1314 1313 1411 1393 ipsum
1432 1316 1634 1386 constituntur,
1653 1314 1694 1377 ad
1713 1338 1783 1383 con·

114 1414 172 1468 sci.
210 1407 286 1471 Nau
306 1408 387 1492 qnod
406 1409 513 1479 biens,
532 1430 611 1490 quac
630 1408 810 1469 saevissima
829 1406 870 1466 iis
888 1406 917 1465 in
977 1406 1145 1464 t'cntioncm
1171 1400 1290 1483 deligit,
1327 1404 1527 1486 publicaeque
1557 1405 1628 1469 fidei
1654 1410 1782 1489 litteras,

113 1501 190 1561 iocis
209 1500 317 1580 frigora
335 1501 452 1562 adferre
471 1501 596 1577 soleret,
621 1504 762 1563 instaret:
788 1499 918 1573 miiitcu,
977 1495 1085 1575 tegatis
1104 1498 1169 1557 suis
1190 1499 1265 1558 mitti
1291 1497 1432 1578 postulat.
1477 1499 1637 1563 Mittuntur
1656 1502 1784 1583 litterae,

113 1614 201 1675 qucru
221 1615 260 1654 nc
279 1597 392 1691 pri-ps
410 1594 529 1675 qnidam
549 1595 672 1677 injurias
691 1596 759 1676 ejus
778 1592 916 1653 toleratu·
977 1588 1062 1650 iocus
1081 1592 1235 1672 accipitur.
1275 1589 1433 1651 Exercitus
1454 1593 1579 1666 interim,
1599 1597 1649 1675 qui
1664 1595 1704 1659 ad
1716 1597 1783 1662 Pis·

113 1706 175 1748 rum
195 1688 256 1747 sibi
274 1686 490 1770 persuadebat,
515 1708 569 1770 pcr
588 1684 712 1748 biberna
731 1685 917 1747 distributum
977 1684 1110 1742 sccviam
1137 1691 1216 1756 erat,
1246 1684 1380 1744 maximis
1401 1702 1467 1743 conr
1487 1684 1602 1758 biemis,
1621 1695 1683 1750 tum
1702 1690 1782 1755 obsi·

112 1781 159 1855 iri,
179 1778 295 1859 Regem
320 1781 505 1862 superiorum
530 1798 673 1840 ennormn
699 1777 917 1841 consuetudine
975 1771 1076 1836 dionis
1096 1774 1253 1838 diuturnae
1272 1774 1468 1837 incommodis
1487 1776 1684 1842 afficiebatur.
1724 1783 1782 1846 1η.

112 1871 151 1931 ad
170 1874 291 1935 wmitia
311 1871 449 1934 obeunda
467 1873 497 1933 iu
517 1892 638 1952 regnu·
664 1892 700 1932 se
720 1880 916 1954 recepturus,
976 1888 1033 1948 que
1053 1888 1119 1929 cum
1139 1875 1172 1929 et
1189 1887 1209 1928 a
1227 1868 1404 1929 voluntariis
1423 1869 1521 1950 palam
1542 1872 1647 1935 missio
1667 1874 1781 1956 flagita.

111 1966 225 2026 interim
245 1966 345 2026 urbere
366 1965 539 2036 obsidione,
563 1985 600 2026 sc
620 1972 701 2025 mctn
722 1964 852 2025 solutum
872 1965 916 2033 iri,
975 1968 1064 2037 tetur,
1085 1959 1335 2041 conditionesque
1353 1963 1439 2043 pacis
1456 1967 1570 2044 passim
1591 1968 1780 2033 sermonibus

112 2056 260 2137 iaciieqnc
279 2060 414 2139 qna-cis
433 2059 521 2119 siis·
545 2053 715 2118 sustincsdi
734 2056 804 2117 beiti
825 2058 916 2138 impe-
975 2056 1173 2132 agitarentur:
1192 2075 1252 2115 non
1273 2053 1412 2131 deerant,
1433 2059 1482 2137 qui
1503 2058 1711 2123 remittendum
1729 2084 1781 2146 pq.

111 2156 222 2231 tuaque
247 2152 320 2231 regii
344 2152 485 2213 rabonem
506 2149 652 2232 deinceps
677 2170 714 2210 so
734 2155 915 2231 repertum·
974 2150 1034 2207 tius
1054 2147 1161 2208 biosco
1181 2144 1220 2209 dc
1238 2148 1364 2210 tritonia
1378 2147 1489 2229 aiiqnid
1501 2162 1672 2230 censerent,
1692 2176 1779 2237 quam

110 2242 288 2305 confidebat.
328 2243 416 2323 Rege
435 2250 539 2305 contre
548 2241 715 2303 Possctino
727 2242 914 2314 ostendente,
975 2259 1042 2300 cum
1063 2242 1211 2301 exereitus
1237 2238 1424 2301 incommodo
1452 2239 1565 2305 dindus
1592 2244 1781 2313 obsidionem

110 2356 168 2396 nec
187 2337 322 2417 seprius
342 2338 507 2417 exercitum
531 2336 570 2398 ab
594 2336 668 2397 nrbc
687 2335 915 2418 deportabrrns,
974 2330 1155 2394 ducendam:
1176 2331 1257 2414 qnod
1269 2340 1302 2395 nt
1312 2333 1426 2395 Summi
1436 2332 1593 2399 Pontificis
1604 2345 1782 2407 auctoritate

111 2448 197 2507 quara
218 2428 266 2490 rei
284 2428 358 2489 urbe
378 2431 491 2510 potitus
510 2439 612 2501 essct,
640 2427 689 2489 rei
708 2430 848 2490 universa
866 2427 916 2489 bi·
973 2424 1157 2508 persuadere
1180 2426 1259 2506 Regi
1285 2434 1453 2504 conaretur,
1471 2427 1672 2495 Posserinnm
1691 2440 1780 2501 etism

111 2523 198 2582 tortia
218 2521 347 2584 liioecns
365 2520 563 2594 decessisset,
582 2521 755 2583 bortabutnr
770 2521 915 2584 nibilomi·
973 2518 1064 2580 tacite
1080 2518 1283 2594 hortabantur,
1304 2517 1396 2602 idque
1415 2541 1474 2602 quo
1492 2523 1677 2589 commodius
1695 2532 1780 2611 perti.

110 2635 168 2675 nus
188 2635 256 2675 eum
277 2614 479 2688 possevinus,
504 2637 543 2677 ne
562 2636 677 2677 omnem
702 2620 802 2678 tames
829 2635 913 2696 spen
973 2621 1065 2687 neret,
1085 2633 1153 2673 curn
1172 2617 1340 2675 sententias
1360 2626 1485 2677 senatus
1506 2614 1545 2679 dc
1557 2616 1780 2689 conditionibus

110 2708 193 2788 pacis
212 2707 408 2790 praecideret,
428 2709 586 2791 iocosque
605 2707 754 2789 eoiioquio
773 2706 913 2767 constitui
973 2702 1111 2767 dicturus
1143 2714 1241 2777 esset,
1261 2725 1329 2766 eom
1349 2710 1466 2779 vocari,
1492 2720 1710 2795 praesenteque
1728 2716 1780 2779 iiio

111 2806 268 2878 pateretur,
287 2802 318 2862 in
338 2821 424 2881 quest
444 2805 582 2883 utrinque
602 2802 692 2879 iegati
710 2801 914 2874 conuenirent,
974 2799 1143 2860 sententias
1175 2796 1237 2859 dici
1267 2795 1379 2859 debere
1414 2800 1590 2863 censebant.
1649 2806 1778 2889 Sparge·

108 2912 146 2954 ac
166 2892 205 2953 dc
224 2911 298 2972 paca
322 2894 399 2953 iutcr
423 2914 459 2953 se
484 2898 622 2972 egerent:
647 2889 729 2973 quod
753 2910 823 2952 eum
843 2889 914 2953 Res
973 2888 1061 2951 batur
1089 2893 1121 2951 in
1155 2889 1283 2970 vulgus,
1320 2889 1436 2971 Regem
1468 2900 1503 2954 ut
1534 2895 1661 2961 nerine
1690 2900 1778 2965 Lito.

108 2986 312 3066 permisisset,
331 2985 435 3047 iitcras
457 3005 512 3067 per
529 2982 701 3065 expeditum
725 2983 855 3064 equitc·
874 2982 915 3045 ad
973 2985 1053 3044 niam
1077 2984 1247 3045 nniversam
1272 2980 1479 3064 adjunxisset,
1504 3004 1621 3051 curtam
1646 2992 1678 3053 in
1696 2990 1779 3056 iius.

108 3076 250 3141 Mosen·
270 3076 337 3140 datr
356 3076 406 3140 bis
424 3078 594 3141 eoo-uisa
602 3074 829 3157 minema
842 3096 914 3139 asse
971 3094 1073 3156 garos,
1108 3074 1157 3137 vei
1188 3074 1312 3139 bunnar
1337 3096 1460 3139 sucrum
1491 3076 1569 3141 iiiios
1600 3078 1775 3151 tivum.

106 3171 250 3247 adsedit,
268 3181 303 3233 ut
321 3190 382 3231 sus
398 3171 485 3253 prius
502 3170 721 3242 amma,
745 3174 799 3232 aut
821 3168 914 3232 uiis·
971 3166 1075 3250 itaque
1106 3166 1322 3251 stipendiarius
1353 3173 1444 3233 etia·
1472 3170 1558 3235 mdes
1589 3178 1778 3245 mrmcnibus

107 3262 178 3324 beiti
199 3264 287 3325 baem
306 3262 440 3325 iacturas
458 3264 510 3340 sit,
527 3285 616 3346 quast
633 3262 774 3325 uaiuecss
787 3261 915 3325 noma
972 3260 1154 3336 notamur,
1189 3281 1244 3323 cnr
1280 3282 1336 3345 pro
1373 3262 1481 3327 alienis
1520 3267 1685 3333 mammis
1719 3292 1777 3337 sua

105 3354 233 3419 treme
253 3354 391 3421 excedat.
430 3352 597 3428 (itureae
624 3356 742 3417 niniu-
767 3375 806 3418 aa
830 3357 861 3417 in
880 3377 913 3419 re
971 3374 1039 3417 enm
1080 3354 1213 3437 periendo
1255 3352 1456 3438 depugnaretr
1515 3380 1570 3442 pro
1612 3367 1777 3445 provincia,

107 3458 239 3529 poneret,
257 3449 338 3530 qnod
356 3450 473 3529 frigoris
491 3450 618 3512 meida
635 3455 770 3511 coaeum
789 3449 912 3513 absces-
971 3470 1009 3512 cs
1034 3468 1093 3532 qua
1117 3470 1176 3510 nec
1200 3446 1373 3530 adipsum,
1404 3471 1461 3513 nec
1489 3450 1530 3515 ad
1549 3452 1777 3537 Rcmpnbiiean

106 3564 209 3605 mrum
230 3543 351 3605 tandem
369 3543 735 3615 exercitumcxistiararet,
755 3541 856 3603 uidere
875 3564 911 3604 se
968 3540 1084 3604 tructus
1103 3541 1181 3603 nilus
1200 3552 1398 3623 peruenturus
1417 3552 1511 3621 esset,
1530 3554 1564 3609 nt
1581 3549 1632 3611 aiii
1649 3548 1777 3616 ditum.

105 3637 259 3698 obtinento
282 3635 324 3699 ad
348 3634 553 3718 perferendas
580 3656 647 3697 cau
681 3654 788 3695 omncs
812 3636 910 3697 animo
968 3643 1026 3711 tur,
1045 3638 1137 3696 vitam
1155 3639 1391 3717 sanguinemque
1410 3656 1497 3699 sunm
1523 3642 1590 3720 ipse
1615 3644 1645 3703 in
1672 3641 1775 3708 disat.

104 3748 194 3803 csse3
213 3737 275 3792 tun
295 3739 329 3791 nt
348 3729 467 3792 obsidio
485 3730 691 3798 sustineretur,
710 3727 822 3788 debere
840 3746 909 3789 eam
969 3746 1036 3788 men
1055 3724 1229 3789 adduceret
1255 3727 1432 3791 Resistebat
1451 3730 1543 3793 rebus
1562 3732 1648 3796 bisce
1658 3754 1774 3801 summa

105 3830 210 3885 tamen
229 3829 275 3883 tot
294 3823 497 3907 subjectorum
516 3822 576 3882 sibi
596 3822 782 3883 innoxiorum
791 3821 909 3883 ean-t-
968 3822 1139 3881 constantia
1157 3828 1248 3900 atque
1270 3823 1359 3883 artiori
1380 3822 1582 3902 magnitudine
1608 3824 1689 3898 lica,
1714 3847 1774 3891 tna·

104 3917 218 3978 tatibus
236 3920 327 3994 atquc
346 3914 466 3974 miseris
484 3915 675 3975 commoveri:
694 3915 745 3993 qni
767 3933 834 3974 cum
856 3934 909 3995 pro
966 3914 1044 3974 xime
1062 3911 1246 3974 voluntarios
1266 3912 1482 3988 obtestabatur,
1502 3936 1541 3978 ne
1559 3936 1616 3978 suo
1635 3916 1774 3983 discessu

103 4010 202 4090 ipsius
228 4007 328 4068 sainte
354 4006 465 4068 nntium
492 4007 658 4087 pericuinm
682 4025 720 4067 sc
749 4008 909 4068 cruciatum
970 4003 1160 4085 esspioratae
1180 4025 1256 4083 pene
1275 4007 1434 4082 victoriae,
1453 4018 1505 4069 aut
1524 4008 1670 4075 bonestae
1687 4020 1774 4096 pacis

103 4107 261 4171 recusent,
280 4120 414 4161 sum-aa
439 4118 507 4161 cust
530 4100 695 4180 iniquitatis
720 4098 909 4162 condemnari
967 4116 1053 4180 spem
1073 4108 1304 4179 corrumperent
1326 4097 1577 4182 Praeterbiegem
1595 4102 1775 4169 Zmosdns

103 4191 225 4264 debere,
247 4193 307 4253 nisi
326 4194 456 4273 ipsomm
477 4194 566 4255 vitam
597 4193 664 4255 suis
690 4191 854 4253 commodis
871 4212 909 4255 ac
967 4194 1046 4252 omni
1066 4194 1256 4252 contentione
1275 4193 1305 4251 in
1333 4189 1364 4252 id
1384 4193 1583 4259 incumbebat
1624 4197 1773 4265 &tende-

101 4286 305 4347 obstinationc
325 4285 468 4364 potiorem
488 4285 606 4349 babeat
628 4284 693 4346 Ros
702 4292 800 4347 antem
811 4307 908 4369 nequa
967 4283 1020 4345 bat
1039 4283 1165 4365 publice,
1186 4281 1225 4346 ad
1251 4287 1351 4346 omnia
1375 4288 1459 4367 prius
1484 4308 1520 4351 sc
1546 4288 1772 4369 descensurum,

102 4384 225 4462 propter
251 4377 368 4456 trigoris
392 4378 450 4440 viu
474 4380 505 4439 in
531 4378 618 4440 sitris
634 4380 697 4462 Jau
718 4380 827 4454 iatcrc,
852 4400 908 4440 nce
965 4398 1053 4459 mum
1073 4376 1245 4454 iniectare,
1265 4386 1396 4440 autnon
1415 4380 1468 4443 tsii
1488 4402 1579 4465 pace,
1606 4386 1722 4467 quatem
1742 4390 1772 4449 in

100 4472 141 4533 iis
160 4473 246 4553 ipsis,
265 4471 345 4551 qnod
364 4470 523 4553 paludibus
550 4472 688 4533 omnibus
714 4471 820 4552 frigore
840 4493 907 4533 con·
965 4470 1170 4554 superioribus
1191 4472 1320 4533 comitiis
1341 4470 1408 4535 iter
1427 4484 1517 4557 atque
1536 4482 1655 4541 nomine
1675 4478 1771 4558 Regis

101 4567 209 4635 cretis,
239 4568 358 4645 perviae
388 4565 468 4625 brcri
500 4567 612 4625 nostris
645 4564 763 4629 inturnc
793 4572 908 4639 cesant,
965 4567 1032 4647 ipsc
1053 4562 1208 4626 ordinibus
1233 4569 1438 4647 promisisset,
1465 4567 1651 4631 discederet:
1691 4569 1771 4651 quod

100 4661 233 4741 amptius
253 4660 496 4741 protegimus,
516 4676 675 4739 comaque
695 4660 735 4720 iis
752 4662 831 4743 ipsis
846 4659 906 4721 dia·
963 4661 994 4719 si
1012 4661 1138 4721 marium
1158 4678 1287 4721 necesse
1306 4670 1401 4737 esser,
1420 4670 1683 4741 eoneqnetamea,
1701 4660 1771 4723 durs

102 4752 172 4829 bus,
190 4754 301 4833 quibus
320 4752 350 4813 in
370 4756 468 4814 eastre
487 4750 632 4821 venisset,
651 4771 787 4831 ugnus
808 4774 907 4815 nnuc·
963 4754 1094 4813 comitiis
1114 4750 1226 4813 babitis
1245 4770 1322 4811 nora
1341 4753 1380 4815 ab
1391 4750 1558 4815 Ordinibus
1573 4751 1714 4817 mandata
1722 4774 1770 4817 ae·

100 4865 165 4906 run
184 4847 289 4928 partin
308 4846 471 4915 concisura,
487 4842 593 4927 partin
606 4848 724 4921 captum
736 4844 906 4907 sevidisse.
964 4846 1088 4924 ciperet,
1105 4863 1143 4905 se
1161 4846 1362 4925 perstiturum.
1405 4842 1447 4905 Ut
1466 4843 1652 4909 Posserinus
1673 4846 1769 4913 inSe·

104 4938 171 5001 snt
197 4937 228 4999 id
254 4940 333 5001 enirn
359 4936 507 5000 adrentus
528 4938 595 5017 ejus
615 4946 742 5017 tempus,
760 4933 907 5012 subsidia,
965 4943 1066 4996 satum
1087 4944 1254 5011 vocaretur,
1280 4944 1382 4997 contra
1403 4956 1514 4998 morem
1533 4941 1678 5020 majorum
1697 4960 1770 5005 essa

100 5052 179 5113 quae
192 5052 259 5093 eum
271 5028 648 5114 Minscjedovouenerant,
660 5024 907 5110 quemadmodum
965 5024 1145 5089 disserebat.
1185 5027 1290 5089 Virum
1310 5032 1389 5090 enim
1407 5026 1600 5111 prudentem,
1625 5041 1657 5095 et
1681 5037 1769 5117 inpri·

99 5144 193 5207 supra
212 5133 368 5189 ostensum
388 5135 447 5202 est,
466 5134 592 5206 excepta
611 5122 739 5185 inerant.
777 5119 908 5185 Proinde
964 5122 1021 5183 mis
1041 5140 1171 5201 gravem,
1187 5123 1246 5184 etsi
1266 5120 1338 5183 nibii
1364 5125 1513 5187 mnosius
1538 5128 1570 5187 in
1595 5124 1693 5189 abana
1711 5126 1769 5187 lie·

101 5221 170 5301 ipse
188 5216 247 5279 sibi
268 5219 425 5281 mdiu·
443 5225 575 5301 caperet,
587 5212 765 5298 sequidem,
782 5218 907 5281 utsmis
964 5212 1084 5297 publica
1102 5213 1247 5279 neuma
1266 5214 1399 5293 sciebat,
1424 5237 1464 5279 ue
1486 5226 1587 5281 umen
1607 5217 1655 5279 uei
1681 5220 1769 5279 tuter·
