3742 5626
143 230 181 284 ιι
333 216 342 225 ”
868 224 1087 280 rrosronn

140 382 311 457 vnaius,
329 382 361 445 ld
380 392 444 456 eet,
464 386 636 445 uetiuimn
655 382 770 443 dieitur.
820 378 878 439 itte
896 398 947 438 nu·
1007 376 1171 436 nendritae
1191 378 1344 437 dicuutur.
1364 392 1394 433 et
1415 377 1676 437 omuesblonaebi
1698 378 1817 439 durissi-

140 484 203 541 lem
223 476 410 559 metropolita
428 496 494 537 raro
515 474 623 537 l'iloae
642 478 845 535 manantur.
891 468 948 531 En
1007 488 1091 537 mes,
1110 470 1401 551 molestissimasque
1422 472 1524 546 teges.
1545 478 1576 529 et
1595 471 1716 549 regulas
1733 492 1810 552 pne-

143 590 216 631 rero
241 568 412 651 Episcopus
438 568 594 630 Viloensis
620 569 815 647 praeeipuus,
845 582 950 624 seeum
976 576 979 583 '
1010 566 1139 643 suiptas
1164 561 1291 623 babent.
1324 563 1404 621 nullo
1432 564 1535 622 solatii
1562 584 1673 641 genere
1692 567 1813 623 recreari

146 662 216 723 dum
242 662 374 722 ordinem
399 660 560 724 Ecclesiae
582 660 751 727 Romanae,
782 660 849 738 ipsa
874 655 951 715 enim
1011 658 1057 714 eis
1083 656 1265 715 conteritur.
1315 654 1432 713 Omnes
1458 676 1516 712 nou
1543 658 1639 717 solum
1663 656 1817 734 Principis,

147 755 237 817 vam
246 754 416 817 nomn
434 755 518 814 ritum
538 756 690 833 sequitur:
709 748 954 829 sedmediapars
978 756 983 805 ἱ
1012 747 1068 807 sed
1087 760 1271 807 caeterorum
1294 748 1432 806 nobilium
1452 748 1601 808 mandatis
1619 756 1737 831 parent:
1757 750 1816 829 plu-

147 846 355 910 ilutbenoruru
383 866 449 907 enm
470 846 587 915 incolit,
617 846 776 925 pluresque
797 840 954 901 Ecclesiae
980 842 984 901 ἱ
1013 862 1064 901 res
1085 862 1187 900 eorum
1208 862 1246 901 er
1266 842 1454 899 monasteriis
1475 843 1504 897 ia
1525 840 1675 901 Ικιιιιιιι
1696 864 1731 901 se
1752 862 1818 901 coo·

149 946 179 1001 in
199 961 237 1001 ee
255 938 460 1011 Rutbeoieae,
481 960 569 1021 quem
593 937 749 1037 Rompree
768 936 955 1015 coraspiciuo·
980 932 985 957 ⁵
1015 934 1128 1003 lerunt,
1149 934 1250 1012 ibique
1269 936 1299 992 iu
1320 934 1410 992 aretis
1429 934 1600 1011 tuguriolis,
1619 936 1750 1005 autenti,
1770 944 1820 994 ant

149 1042 206 1095 tur.
247 1030 341 1095 Porro
361 1054 468 1093 omnes
486 1030 694 1113 Metropolitae
714 1026 919 1088 Rutbeaorum
938 1047 957 1085 a
1015 1046 1080 1085 eum
1106 1028 1199 1085 sociis
1217 1034 1349 1094 manent,
1381 1026 1490 1085 rictum
1509 1026 1548 1085 de
1568 1028 1714 1089 radicibus
1734 1030 1820 1088 arbo·

151 1122 956 1209 prtrlrrtlraCoostaotioopolrtaooauctoritatemsunm
1015 1140 1078 1179 ιιιι
1114 1128 1145 1177 et
1163 1121 1255 1177 seriis
1274 1128 1369 1179 terrae
1390 1118 1493 1178 herbis
1510 1122 1671 1200 acquirunt.

151 1218 278 1291 hbent,
297 1227 329 1281 et
346 1220 438 1299 primo
456 1218 583 1277 omnium
603 1214 836 1297 Epi·eoporum,
857 1212 956 1272 Abba·
1093 1213 1126 1270 ln
1151 1210 1311 1271 sacerdotii
1333 1210 1445 1286 grados
1466 1213 1625 1273 bitontum
1644 1234 1820 1295 promorea-

152 1318 234 1384 tum,
252 1320 284 1375 et
297 1314 392 1373 totius
402 1308 517 1371 ordinis
528 1307 690 1389 spiritualis
695 1307 826 1390 judicio,
846 1314 876 1363 et
889 1324 957 1365 eou-
983 1284 988 1359 Ι
1015 1310 1077 1373 tur,
1096 1306 1146 1383 qui
1166 1304 1216 1362 diu
1235 1304 1315 1385 apud
1329 1304 1485 1364 Ecclesiae
1495 1308 1666 1365 servierunt.
1701 1306 1733 1364 ln
1745 1306 1819 1366 Die·

157 1424 252 1465 noso
273 1400 461 1482 Metropolim
483 1402 662 1479 eligebatur,
694 1400 749 1461 sed
778 1419 857 1459 nunc
880 1398 958 1457 bauo
984 1394 990 1473 Ι
1017 1416 1123 1456 conum
1148 1406 1248 1458 auteur
1273 1417 1361 1458 nemo
1386 1406 1588 1465 consecratur,
1621 1400 1677 1458 uisi
1696 1420 1821 1459 uxorem

152 1500 356 1557 auctoritatem
379 1514 503 1575 ngoue
516 1492 829 1554 Dordluscoritaruru
843 1492 960 1551 sibiae·
985 1486 989 1519 ³
1017 1489 1170 1560 babuerit,
1202 1489 1281 1549 unde
1307 1490 1454 1550 interdurn
1481 1496 1511 1548 et
1530 1492 1710 1550 matrimonio
1730 1512 1821 1572 copu-

153 1590 257 1658 reirit,
286 1608 406 1668 suoque
420 1586 536 1669 judicio
555 1585 771 1668 dletropolitam
793 1588 823 1645 in
841 1583 961 1645 blosco
986 1568 991 1627 Ι
1018 1584 1129 1652 tantur,
1153 1590 1184 1642 et
1209 1584 1239 1641 iu
1259 1581 1446 1642 diaconatum
1466 1590 1684 1646 consectantur.
1736 1586 1822 1645 Prae·

152 1682 202 1741 rin
219 1682 382 1741 constituit
986 1640 992 1719 Ι
1018 1684 1101 1735 terea
1127 1676 1177 1755 qui
1203 1676 1308 1753 virgini
1335 1682 1467 1756 stuprum
1493 1674 1653 1754 aliquando
1677 1678 1823 1746 obtulerit,

227 1776 256 1833 Α
275 1782 383 1834 saneto
394 1771 516 1832 Anum
527 1768 812 1852 Apostolollutbeni
824 1792 860 1829 se
874 1770 959 1829 tidem
987 1762 993 1829 Ι
1019 1778 1072 1828 aut
1091 1789 1210 1827 uxorem
1230 1788 1314 1827 suam
1336 1772 1428 1848 primo
1448 1769 1606 1828 concubitu
1616 1771 1752 1829 viciatam
1763 1774 1820 1830 aoi-

155 1862 355 1927 Cbrirtiroam
375 1868 553 1947 suscepisse
568 1866 700 1945 jactat,
718 1863 817 1924 adbuc
827 1870 896 1922 ante
910 1860 962 1921 ot·
987 1838 993 1869 Ι
1020 1859 1228 1923 madverterit.
1247 1862 1276 1919 in
1290 1860 1478 1920 diaconatum
1490 1860 1715 1923 nonordioatur.
1747 1864 1821 1922 bior-

162 1978 228 2037 μι
249 1966 279 2018 et
289 1956 523 2023 i'otodimirum,
542 1975 629 2034 quem
641 1976 680 2017 ex
693 1954 821 2017 Graecia
833 1976 886 2034 per
894 1976 964 2034 poo-
1019 1960 1071 2013 tua
1096 1974 1190 2013 uxore
1209 1952 1355 2013 sacerdos
1375 1976 1393 2013 n
1412 1956 1509 2013 sacris
1528 1976 1649 2034 prorsus
1667 1955 1822 2037 suspendi-

155 2064 215 2112 tum
236 2050 384 2112 Borion·
405 2048 443 2109 od
464 2051 543 2108 ostia
562 2045 731 2109 Boristenis
747 2049 845 2117 durii,
871 2050 963 2124 genti·
986 2106 991 2113 ,
1018 2052 1081 2116 tur,
1112 2048 1168 2105 nisi
1190 2050 1398 2106 nonasterium
1419 2049 1574 2123 ingressus
1586 2052 1672 2131 juxta
1692 2050 1822 2127 regulam

156 2144 223 2203 liter
241 2142 345 2221 lloepr
365 2142 453 2212 dicti,
480 2138 638 2221 appulisse
658 2142 783 2203 annales
803 2163 902 2200 eorum
922 2148 963 2199 te·
986 2120 992 2195 l
1020 2141 1114 2210 rirat,
1132 2139 1240 2200 officiis
1259 2143 1348 2200 etiam
1367 2139 1480 2198 divinis
1488 2140 1676 2220 peragendis,
1696 2143 1725 2199 si
1736 2149 1822 2202 caste

155 2242 282 2303 strator,
301 2246 332 2294 et
353 2236 423 2293 inde
437 2234 476 2293 ed
491 2232 650 2313 Kijorinm,
669 2236 890 2311 tuoctemporis
903 2254 963 2292 me·
985 2210 992 2303 l
1020 2229 1129 2291 riduus
1144 2234 1265 2303 vixerit,
1285 2232 1367 2292 relut
1384 2234 1517 2292 minister
1537 2254 1599 2293 cum
1618 2234 1743 2292 caeteris
1763 2234 1819 2292 Ee·

155 2330 290 2407 tropolim
302 2326 451 2395 Bossiao,
471 2326 599 2385 adverso
618 2326 901 2407 dorioperreoisse,
921 2334 963 2386 nt·
1022 2324 1134 2384 elesiae
1154 2327 1295 2385 ministris
1315 2325 1405 2385 cboro
1425 2328 1573 2387 interesse
1590 2332 1694 2407 potest.
1722 2325 1756 2385 Si
1768 2347 1817 2385 arr-

156 2440 217 2499 «poe
244 2418 284 2479 ibi
303 2440 418 2479 omnem
439 2426 545 2476 terram
566 2416 700 2479 mesiae
720 2420 911 2481 benedixisse
934 2426 964 2479 et
1022 2424 1081 2477 tem
1108 2416 1216 2478 viduus
1240 2419 1384 2479 sacerdos
1408 2420 1495 2479 aliam
1515 2438 1639 2478 uxorem
1656 2418 1753 2498 (quod
1773 2420 1819 2477 eis

158 2512 346 2593 baptieeeee,
377 2512 554 2589 signumque
574 2512 671 2569 erucis
691 2532 755 2572 cum
776 2514 837 2573 illie
856 2515 963 2573 consti·

156 2604 265 2665 tuine.
302 2602 351 2665 Er
370 2602 490 2685 llijoria
507 2600 625 2663 tandem
647 2606 739 2687 ajunt,
757 2626 825 2666 eum
845 2604 883 2666 ad
904 2606 965 2664 loo·

156 2704 205 2757 tes
228 2694 400 2759 Boristenie
426 2695 599 2777 lineprislro
629 2697 741 2769 dictos,
776 2700 962 2781 pervenisse.

157 2790 288 2871 indeque
313 2792 342 2850 io
362 2788 580 2869 Norogrodiom
602 2810 752 2867 ungriam,
783 2790 891 2850 deinde
911 2812 965 2872 per

158 2904 237 2943 mare
248 2882 454 2943 Germanico·
467 2880 593 2941 Romom
605 2902 701 2961 usque
718 2886 876 2964 oasi‘gasse
908 2884 963 2943 Po.

156 2984 268 3035 etreroo
285 2960 318 3035 io
330 2974 519 3053 Peloponeso
530 2974 696 3045 Graeciae,
717 2979 852 3055 sunago
873 2978 964 3059 liujus

159 3064 964 3149 nominisllege‚propteerristumcrucifixumluisse.

157 3160 387 3244 Arcbiepiscopl
420 3161 450 3219 in
475 3166 538 3217 toto
564 3159 686 3240 imperio
708 3161 879 3223 llloseorum
906 3161 965 3221 duo

158 3266 244 3325 root,
276 3276 355 3315 uuus
381 3255 411 3313 io
430 3250 620 3331 Norogardia
645 3274 765 3331 magon,
796 3258 846 3335 qui
871 3255 964 3316 babet

158 3348 405 3429 praerogetiram‚
427 3344 546 3405 iololam
568 3344 664 3405 albam
685 3349 832 3407 bicornem
852 3355 963 3408 nostro·

160 3460 223 3499 rum
242 3440 456 3523 Episcoporuro
475 3456 557 3496 more
576 3440 724 3515 gestandi.
756 3440 916 3501 Secundus
935 3444 964 3501 ia

159 3528 317 3593 Bostaris.
358 3530 500 3614 Episcopi
520 3536 590 3589 nura
610 3532 708 3603 multi,
737 3534 875 3594 videlicet
896 3534 964 3595 Per·

160 3626 247 3695 mine,
279 3625 449 3693 Susdaliae,
469 3622 648 3695 lemensis,
669 3627 858 3697 colummae,
878 3628 966 3687 Crer-

160 3718 309 3797 nigoriae,
333 3717 533 3785 Resonensis,
558 3718 821 3783 Smoleosccnsis.
845 3721 966 3780 Plesoo·

160 3812 290 3883 rlensie,
311 3824 369 3874 etc,
416 3811 525 3868 l'estes
538 3827 638 3872 eorum
658 3820 728 3874 srrot
746 3816 824 3874 sicut
843 3815 965 3873 aliorum

159 3902 373 3968 llooucborum
394 3908 505 3986 nigrae,
532 3906 591 3971 nisi
612 3904 692 3983 quod
713 3906 874 3987 aliquando
895 3909 965 3966 seri·

161 4017 234 4057 ceos
255 3998 368 4069 lerunt,
389 4006 598 4083 etprreaertim
613 4000 729 4079 pallium
746 4002 868 4075 nigrum,
888 4000 966 4081 quod

161 4086 253 4149 babet
272 4110 290 4149 a
309 4098 430 4172 pectore
449 4104 513 4155 tres
532 4094 663 4156 fimbrias
683 4092 784 4161 albae,
810 4092 847 4153 ad
868 4092 966 4153 simili·

162 4180 294 4241 tudinem
315 4184 397 4244 rivuli
418 4186 537 4247 liuentis
557 4186 700 4253 induras,
721 4186 800 4267 qrrrrd
821 4187 967 4265 significat

166 4294 204 4334 ex
228 4272 367 4332 cordibon
388 4298 487 4338 eorum
509 4280 619 4339 riroloa
638 4280 803 4349 doctrinae,
834 4276 916 4349 lidci,
938 4288 968 4336 et

163 4364 306 4426 bonorum
328 4371 528 4447 exemplorum
548 4384 675 4431 scetere.
708 4370 899 4431 blctroclolita
918 4392 969 4430 au-

163 4470 240 4529 tem,
260 4458 504 4545 Arcbiepiseopi‚
527 4472 557 4523 et
570 4465 722 4543 Episcopi,
742 4466 888 4534 Aaronom,
906 4464 969 4524 lilo-

164 4550 266 4623 aacbi,
286 4554 424 4615 corollam
442 4562 586 4639 perpetuo
607 4557 764 4615 abstinent.
803 4558 969 4616 Proventus

164 4649 355 4707 oocesanrios
376 4669 413 4707 er
433 4649 581 4730 praediis,
601 4656 631 4708 et
651 4648 718 4707 aliis
732 4649 969 4709 extraordinariis

164 4738 385 4813 accidentibus,
405 4748 435 4803 et
455 4743 608 4803 benefieiis
628 4740 746 4802 babent.
789 4743 885 4802 Aroes
898 4763 967 4802 vero

165 4832 213 4891 rel
233 4835 384 4903 civitates,
404 4844 434 4897 et
454 4858 558 4897 omnes
568 4835 840 4898 administrationes
852 4835 965 4894 secula·

1023 2510 1145 2571 liberum
1165 2512 1231 2580 est)
1251 2512 1385 2583 duxerit,
1404 2513 1433 2571 is
1453 2531 1572 2572 munere
1581 2508 1756 2573 sacerdolali
1770 2513 1823 2591 pri-

1023 2610 1121 2672 vatur,
1142 2603 1276 2684 nibilque
1295 2625 1451 2665 commune
1462 2625 1531 2665 euru
1542 2606 1622 2664 clero
1634 2604 1734 2665 babet
1754 2602 1824 2664 Nul-

1024 2696 1072 2755 lus
1091 2696 1278 2757 sacerdotum
1297 2696 1546 2759 monachorumre
1565 2696 1656 2758 boras
1667 2700 1823 2759 canonicas

1024 2788 1111 2859 dicit,
1132 2792 1188 2850 uisi
1209 2788 1319 2849 babeat
1339 2792 1494 2869 imaginem
1513 2791 1640 2873 alicujus
1657 2790 1727 2851 Diri
1746 2810 1823 2870 prse-

1023 2888 1156 2951 seotmu,
1178 2902 1265 2963 quam
1286 2886 1376 2945 etiarn
1396 2905 1483 2944 nemo
1503 2886 1562 2945 nisi
1580 2904 1645 2943 cum
1661 2904 1825 2963 magnare-

1024 2978 1180 3035 oerutioue
1200 2977 1324 3054 attingit.
1355 2976 1416 3048 Qui
1435 2986 1532 3037 autem
1553 2998 1618 3038 eam
1638 2978 1825 3056 inpublicum

1022 3068 1142 3149 profert,
1157 3090 1243 3128 meno
1256 3090 1320 3129 eam
1335 3072 1365 3129 in
1377 3070 1467 3130 altum
1478 3070 1602 3139 extollit,
1622 3091 1711 3149 qrram
1725 3090 1826 3132 omnes

1023 3168 1248 3242 praetereuntes
1267 3181 1356 3222 curce
1374 3183 1411 3222 se
1423 3167 1578 3241 signantes
1588 3162 1759 3222 inclinando
1769 3164 1826 3242 plr-

1025 3257 1125 3314 riuum
1153 3262 1336 3316 venerantur.
1386 3256 1496 3316 Libros
1523 3256 1676 3333 Evangelii
1704 3257 1827 3317 maxima

1023 3349 1213 3407 veneratione
1239 3356 1468 3430 prosequuntur,
1501 3370 1598 3428 oeque
1616 3370 1671 3408 eos
1692 3351 1827 3410 manibus

1024 3450 1164 3518 mugient,
1194 3442 1253 3501 nisi
1272 3443 1354 3520 prius
1373 3454 1462 3523 ceput
1484 3443 1632 3503 multoties
1651 3444 1827 3513 inclinando,

1025 3553 1114 3594 curce
1134 3554 1169 3592 se
1189 3536 1355 3596 munierint.
1384 3532 1502 3596 Omnes
1521 3536 1696 3595 sacerdotes
1710 3556 1750 3597 ex
1765 3558 1829 3596 coo·

1024 3628 1182 3689 tributione
1193 3627 1318 3702 quadam
1330 3636 1410 3687 certo
1421 3636 1633 3688 sustentantur.
1665 3630 1827 3708 Assigoan·

1025 3728 1073 3781 tur
1098 3723 1187 3780 etiarn
1209 3722 1255 3779 eis
1275 3720 1471 3780 domunculae
1491 3743 1556 3781 cura
1575 3723 1654 3800 egris
1675 3730 1709 3780 et
1728 3726 1827 3804 pratis,

1025 3813 1105 3873 uode
1124 3816 1232 3873 rictum
1253 3814 1318 3872 suis
1337 3813 1383 3873 vel
1401 3814 1573 3874 famulorum
1585 3815 1734 3885 manibus,
1755 3836 1828 3876 more

1026 3908 1217 3986 agricolarum
1237 3907 1401 3984 acquirant.

1102 3999 1283 4059 Sacerdotes
1304 3998 1457 4059 Romanos
1478 3999 1675 4067 contundunt.
1696 4005 1750 4083 qui
1769 4022 1826 4062 coe

1025 4093 1114 4152 libem
1136 4095 1223 4152 vitam
1243 4090 1352 4152 ducere
1371 4114 1443 4152 seso
1451 4096 1620 4173 juramento
1634 4094 1825 4178 obstringunt.

1026 4207 1093 4246 cum
1113 4192 1218 4246 saneta
1228 4182 1385 4262 spondas,
1406 4208 1483 4265 quae
1503 4187 1555 4246 luit
1566 4189 1594 4245 io
1609 4186 1743 4268 Gangre,
1762 4188 1821 4249 seri

1027 4281 1077 4339 bet
1106 4280 1135 4336 in
1155 4283 1259 4357 quarto
1279 4297 1409 4337 monne:
1440 4282 1489 4360 qui
1510 4282 1624 4360 spernit
1642 4282 1821 4343 sacerdotem

1027 4371 1191 4431 secundum
1200 4371 1297 4448 legem
1309 4392 1430 4432 uxorem
1442 4372 1609 4441 habentem,
1623 4370 1825 4455 disceusquod

1028 4486 1085 4525 nou
1115 4465 1206 4523 liceat
1228 4463 1267 4523 de
1292 4467 1427 4525 manibus
1454 4468 1520 4545 ejus
1547 4480 1768 4531 sacromentum
1786 4487 1828 4527 su·

1027 4576 1124 4626 mere,
1144 4556 1301 4616 anathema
1321 4559 1370 4615 sit.
1410 4558 1442 4616 ld
1463 4558 1567 4617 eadem
1589 4558 1738 4639 Synodus
1757 4560 1830 4620 dicit.

1028 4648 1137 4709 Omnis
1164 4649 1307 4709 sacerdos
1333 4657 1362 4711 et
1382 4652 1525 4713 diaconus
1544 4654 1691 4733 propriam
1712 4672 1830 4714 uxorem

1028 4741 1195 4812 dimittens,
1216 4744 1384 4804 sacerdotio
1406 4748 1543 4826 privetur,

1105 4834 1214 4896 Habitu
1230 4834 1309 4896 baud
1321 4838 1488 4898 dissimilia
1506 4839 1695 4899 secularibus
1709 4842 1833 4901 restion-

166 4944 229 4991 ιιι,
250 4927 297 4985 eis
316 4926 471 5011 ademptae
491 4936 571 4991 suot.
606 4928 669 4992 Sed
690 4926 966 5010 metropolitoRus
1026 4936 1082 5000 tur,
1105 4928 1290 4989 solummodo
1302 4929 1439 5010 pileolum
1459 4932 1569 5009 nigrum
1588 4932 1761 5005 rotundum,
1782 4952 1833 5015 quo

166 5014 230 5073 siae
257 5016 367 5079 Polouo
393 5019 470 5101 Regi
495 5024 665 5108 subjectae,
699 5030 728 5085 et
754 5021 803 5083 elii
823 5020 967 5105 Episcopi
1026 5041 1160 5083 rasuram
1179 5028 1294 5103 tegunt,
1307 5029 1435 5102 gestent.
1458 5022 1580 5085 Comum
1599 5024 1833 5110 adbraebinpe

167 5106 251 5167 villos
270 5110 465 5195 civitatesque
484 5117 652 5197 possident.

1024 5115 1833 5201 temnnumunt,onuesbacuiosPosoehdtetoeqo

243 5200 380 5267 Abbeter
398 5208 448 5285 qui
469 5210 631 5285 lgouomet.
662 5210 774 5286 priores
793 5211 843 5289 qui
863 5206 966 5270 Archi·
1026 5209 1262 5275 businnituutor,
1279 5224 1344 5266 cum
1359 5209 1521 5270 manubriis
1532 5212 1696 5274 incurvatis
1708 5220 1832 5293 gestent
