3742 5626
729 108 996 167 counsurssu.
1687 110 1703 163 5

58 298 122 345 sua,
142 279 283 344 moribus,
310 274 506 350 idiomateque
533 269 675 335 dirersis,
699 265 853 344 imperium
878 269 882 363 t
910 262 949 322 nd
968 262 1154 324 Drewtiauos
1177 286 1241 325 cum
1261 266 1407 333 venisset,
1433 263 1563 322 maritum
1584 262 1704 345 deplan-

56 372 211 433 detuiisse.
254 368 329 426 Cnur
354 368 452 444 itaque
472 363 605 424 Rbuteni
629 355 787 437 aliquando
812 358 852 415 in·
878 366 882 453 t
910 357 961 423 xit,
981 354 1165 419 Drewtisuos
1184 359 1355 426 inebriaait,
1381 358 1510 437 quinqua
1531 355 1623 417 miliia
1641 357 1704 417 iiio·

57 472 102 527 ter
126 486 162 526 se
187 463 225 521 de
245 461 408 541 principatu
434 455 660 523 contenderent,
684 472 719 512 ac
745 451 852 509 mutuis
879 458 882 521 ξ
911 470 970 508 rum
992 449 1117 520 occidit:
1135 473 1202 512 moa
1224 451 1370 511 Kiowianr
1391 468 1524 518 reverse,
1544 451 1703 511 exercitum
1764 465 1768 471 ·

58 558 191 619 ,ajorum
217 554 331 614 facibus
360 551 547 621 inflammati,
580 549 691 609 exortis
723 545 851 624 deniqne
878 526 882 559 ¹
910 544 1105 623 conscripsit:
1130 553 1229 605 contra
1255 542 1441 604 Drewtianos
1465 560 1638 621 progressa,
1664 547 1705 604 vi·

56 649 240 731 gravissimis
249 645 444 707 seditionibus
454 644 652 711 decertarent:
670 646 731 700 tum
744 636 851 696 Gosto-
878 624 881 705 ἰ
910 636 1030 696 ctoriam
1048 639 1218 717 reportavit:
1239 637 1388 717 fugientes
1407 636 1437 695 iu
1460 641 1585 696 castrum
1605 658 1705 718 perse·

12 774 15 781 ·
57 744 173 809 ruisset,
192 743 235 801 rir
254 745 285 798 et
303 738 446 821 prudens,
466 742 496 796 et
515 755 639 815 rangono
659 735 687 793 in
703 730 852 806 Novogar·
878 712 881 797 i
910 735 985 798 outa,
1005 729 1162 790 obsidione
1180 729 1218 790 ad
1228 733 1370 809 integrum
1380 750 1486 789 annum
1496 732 1619 810 pressit:
1638 738 1705 813 post

59 836 109 897 dia
128 833 326 902 authoritatis,
357 834 385 892 in
412 829 538 891 medium
565 827 726 895 consuluit,
756 830 787 884 ut
812 821 852 883 ad
910 824 1097 903 interpositis
1117 823 1346 894 conditionibus,
1365 825 1503 885 tributum
1516 824 1575 884 iilis
1588 823 1626 885 de
1636 846 1705 906 qua·

59 927 196 1007 Varegns
215 929 374 996 mitterent,
393 931 482 1004 atque
498 930 560 982 tros
579 921 700 989 fratrer,
721 919 772 998 qui
792 917 853 977 ittie
879 982 881 989 ,
910 917 983 975 tibet
1001 915 1097 986 domo,
1116 916 1327 979 tresvideticet
1343 916 1503 988 columbas,
1522 917 1706 1000 totidemque

58 1024 153 1101 :napi
174 1020 370 1087 habebantur,
396 1018 434 1078 nd
453 1014 674 1096 suscipiendum
700 1013 853 1092 imperium
879 1006 882 1031 ³
911 1028 1052 1088 passeres
1062 1011 1200 1090 imperat:
1219 1016 1417 1091 acceptasque
1428 1012 1457 1068 in
1472 1011 1608 1071 tribum
1623 1032 1705 1083 ⁸2⁶⁸.

54 1115 255 1176 hortarentur:
276 1134 343 1172 runa
356 1112 456 1172 audito
469 1109 603 1177 consitio,
624 1108 731 1184 tegatis
740 1104 853 1172 missis,
911 1101 1049 1163 continuo
1075 1102 1204 1181 abigatis
1231 1104 1288 1163 sub
1313 1103 1379 1164 aius
1406 1104 1504 1183 igneis
1528 1105 1704 1184 quibusdam

58 1208 208 1287 principes
227 1205 359 1285 germani
380 1203 486 1263 iratres
506 1204 709 1261 accersuntur:
735 1197 854 1256 venien·
880 1252 883 1281 1
911 1195 1129 1264 instmneutis,
1148 1195 1281 1272 dimittit;
1305 1197 1460 1258 avolantes
1479 1197 1648 1270 notunbae,
1666 1200 1705 1261 ad

59 1309 166 1381 tesqnc
186 1320 233 1370 eo,
252 1297 406 1377 imperium
428 1296 504 1374 ipsis
523 1293 597 1352 nitro
618 1290 761 1357 dotatum,
781 1289 857 1347 inter
880 1306 884 1423 p
912 1284 1005 1346 aedes
1025 1295 1185 1348 consuetas
1203 1289 1334 1360 redeunt,
1354 1290 1555 1371 recolantque,
1576 1298 1705 1353 nastrum

60 1415 96 1453 se
122 1392 266 1453 dividunt.
311 1386 408 1447 Rurik
432 1388 622 1466 principatum
648 1381 856 1460 Novogardiae
881 1426 884 1451 ,
912 1378 1086 1452 incendunt3
1113 1381 1287 1443 inflammato
1302 1388 1364 1465 jam
1390 1390 1488 1444 casbo
1507 1383 1705 1464 diffugientes,

61 1487 190 1554 obtinet,
213 1482 375 1560 sede-que
393 1501 477 1540 suan
499 1479 582 1560 ponit
604 1479 634 1538 in
654 1474 793 1553 badoga,
818 1473 857 1533 :u
880 1472 884 1501 ¹
912 1478 963 1533 aut
982 1471 1164 1544 occiduntur,
1183 1481 1234 1536 aut
1249 1479 1326 1556 rupti
1347 1477 1520 1540 venduntur.
1540 1476 1706 1556 Occupatis

63 1577 225 1638 miliaribus
247 1574 432 1634 Germanicis
457 1573 534 1633 infra
551 1568 772 1646 Norogardiarn
797 1588 857 1627 aaa·
911 1567 1393 1645 itaqueonuibusDrewtiaoorum
1407 1573 1524 1640 castris,
1537 1574 1596 1632 uita
1611 1573 1707 1634 mariti

59 1686 158 1748 gnam.
196 1668 310 1729 Sioaus
328 1665 464 1725 consedit
483 1668 512 1725 in
533 1664 611 1724 Albo
631 1662 712 1731 tacu,
739 1660 853 1721 Truvor
910 1664 1042 1728 momen,
1064 1658 1208 1720 Kiowiorn
1229 1665 1390 1723 revertitur.
1422 1663 1498 1723 Deio
1512 1685 1589 1724 anuo
1606 1665 1706 1725 mundi

58 1780 129 1822 vero
141 1762 173 1821 in
181 1762 343 1841 principatu
354 1758 569 1828 Piescoviensi,
579 1759 609 1817 io
621 1755 728 1837 oppido
738 1755 854 1814 Suete-
911 1752 989 1811 6463
1008 1751 1203 1827 infiraeciau
1217 1755 1359 1834 profecta,
1380 1756 1558 1835 bsspfifflm
1568 1758 1625 1818 Μὴ
1636 1778 1707 1839 ¹080

59 1851 141 1913 reeb.
179 1850 282 1915 flosce
300 1852 407 1914 iratres
425 1854 567 1931 originem
592 1872 611 1910 a
629 1849 776 1909 Romanis
798 1852 855 1907 tra·
911 1844 1029 1907 Joauue
1048 1845 1377 1929 Commutinopotitano
1400 1853 1548 1930 suscepit:
1579 1872 1706 1914 commu·

58 1947 154 2019 aisse,
171 1946 333 2026 gloriantur
352 1945 499 2006 Rbuteoi:
519 1944 663 2024 aquibus
673 1943 762 2001 etiam
775 1958 855 2021 prae·
912 1944 1032 2020 tutoque
1050 1940 1166 1999 nomine
1187 1938 1293 2015 (tigne,
1315 1940 1432 2004 Helena
1452 1950 1557 2004 vocata
1577 1954 1639 2006 est:
1671 1968 1706 2009 ac

59 2059 136 2101 aens
145 2038 318 2101 biosooviae
329 2041 473 2119 princeps,
483 2059 519 2097 se
531 2057 626 2117 genus
638 2035 759 2096 duxisse
769 2053 856 2094 suum
913 2033 1029 2110 magnis
1048 2040 1117 2113 post
1144 2033 1317 2112 baptismum
1343 2056 1361 2096 a
1381 2056 1450 2114 rogo
1470 2039 1642 2100 muneribus
1659 2061 1706 2101 ao·

60 2135 180 2195 uniit.
218 2132 332 2195 Homrn
357 2138 456 2194 autem
487 2132 605 2192 tratmm
642 2131 796 2207 ingressus
826 2127 856 2186 in
914 2127 1024 2207 neptis,
1056 2125 1174 2187 domm
1200 2130 1362 2189 revertitur.
1406 2130 1492 2191 Haec
1516 2134 1609 2213 priua
1632 2135 1708 2194 inter

60 2224 215 2299 Buaian,
229 2228 316 2308 justa
333 2224 466 2294 annates,
485 2223 541 2283 tuit
559 2244 637 2282 anon
658 2221 758 2282 mnudi
770 2219 857 2281 biit).
913 2216 1071 2279 Rbutenos
1091 2217 1260 2279 Christiana
1279 2221 1342 2291 tuit,
1362 2229 1393 2282 ut
1412 2225 1536 2285 annates
1553 2245 1653 2287 eorum
1666 2233 1706 2288 te·

61 2317 190 2381 Duobus
208 2321 276 2380 sine
295 2318 473 2380 haeredibus
492 2317 655 2384 defunctio,
675 2315 856 2395 principatur
913 2317 1035 2383 stantun,
1056 2314 1105 2393 qui
1125 2333 1189 2373 ean:
1206 2313 1272 2374 Soti
1291 2317 1491 2395 aequiparant.
1522 2319 1619 2379 Sicuti
1631 2321 1706 2381 enim

61 2430 170 2473 amaea
188 2409 301 2472 Ruriek
324 2418 479 2493 superstes
498 2411 638 2479 obtinuit,
664 2414 763 2469 eastra
781 2408 857 2467 inter
913 2405 960 2467 sot
978 2407 1076 2487 ipsum
1095 2406 1229 2467 muudum
1249 2407 1407 2477 illuminat,
1433 2411 1475 2471 ita
1494 2413 1611 2492 etipsa
1629 2411 1706 2474 Rus·

62 2491 230 2566 amiooa'at
248 2504 375 2565 fmulos
396 2505 512 2576 divisit:
541 2504 670 2563 moriens
699 2501 788 2561 fliium
808 2502 856 2581 ju·
911 2500 990 2561 sian:
1015 2498 1072 2559 tide
1096 2498 1206 2560 Cbristi
1226 2501 1392 2562 ittnstrasse
1416 2502 1532 2566 dieitur.
1573 2504 1705 2567 Swatno

62 2616 168 2659 mnam
186 2601 252 2675 tgor
270 2599 405 2669 nomine,
430 2619 490 2659 uua
515 2617 580 2657 cum
600 2614 690 2671 regno
712 2614 856 2654 commen·
912 2592 991 2654 laura
1015 2599 1111 2653 autem
1141 2593 1231 2653 titium
1262 2592 1300 2654 ad
1326 2595 1498 2675 baptismum
1524 2617 1706 2681 nequaquam

61 2686 114 2751 da't
130 2689 247 2753 cuidam
266 2689 345 2769 Oieg
373 2693 533 2772 propinquo
561 2708 632 2750 suo:
665 2689 716 2769 qui
735 2686 781 2758 id,
806 2685 856 2747 de·
881 2734 885 2775 p
913 2684 1075 2767 perducere
1094 2687 1201 2764 potuit;
1222 2687 1270 2765 qui
1283 2706 1348 2749 cum
1359 2688 1550 2759 adolevisset,
1570 2698 1707 2753 strenuus

62 2784 153 2843 vietis
171 2784 271 2845 uultis
289 2786 464 2865 provinciis,
490 2785 585 2843 auxit:
615 2800 696 2841 uma
714 2781 745 2840 io
766 2780 857 2843 Grae·
913 2797 949 2839 ac
968 2785 1119 2859 promptus
1136 2782 1235 2839 statim
1253 2800 1357 2840 omnes
1378 2780 1502 2843 betticos
1514 2782 1639 2856 labores,
1659 2808 1707 2866 pe·

63 2876 142 2937 eiam
158 2896 254 2958 usque
271 2876 462 2946 transterens,
481 2874 647 2936 Bisaotiun
667 2875 756 2933 etiam
768 2875 855 2934 obse-
881 2900 886 2949 p
913 2871 1062 2953 ricutaque
1087 2879 1244 2943 monneto,
1272 2894 1330 2933 noo
1355 2873 1542 2938 detrectavit:
1573 2880 1603 2937 in
1629 2879 1707 2940 betto

62 2969 123 3043 dit3
142 2974 174 3031 et
191 2989 257 3031 eum
277 2971 394 3048 triginta
412 2969 507 3029 tribus
525 2968 613 3028 aunis
630 2974 796 3047 regnarent,
814 2973 856 3029 at·
913 2964 993 3025 uuila
1011 2965 1227 3045 impedimenta,
1247 2986 1285 3026 oe
1300 2988 1372 3027 vasa
1392 2968 1508 3048 quiden
1527 2973 1706 3051 coquinaria,

62 3081 121 3143 gne
141 3062 171 3121 in
191 3069 280 3143 eaput
298 3082 355 3123 seu
379 3064 510 3124 cranium
535 3062 583 3122 sui
607 3061 676 3142 equi
697 3063 760 3143 ⁸insu
785 3060 857 3121 oiim
914 3060 1057 3119 exereitui
1076 3079 1133 3119 suo
1153 3059 1302 3139 permisit,
1326 3062 1465 3122 carnibus
1491 3065 1579 3125 tostis
1606 3064 1707 3126 dunta-
1806 3104 1810 3113 ·

62 3156 178 3226 nortui,
196 3154 273 3235 pede
293 3154 369 3216 forte
381 3156 565 3235 impegisset,
585 3155 693 3214 vermis
712 3155 857 3213 venenosi
913 3157 964 3212 xat
975 3152 1118 3222 utebatur,
1139 3151 1218 3213 bumi
1232 3155 1434 3233 requiescens,
1448 3155 1524 3217 setin
1537 3157 1626 3237 capiti
1639 3160 1707 3220 sub·

63 3266 165 3309 mersu
193 3247 296 3309 beans
328 3248 475 3309 oocubuit
520 3246 637 3309 Mortuo
664 3245 756 3324 Otr-g,
789 3247 857 3325 tgor
909 3247 1000 3327 jecta
1032 3244 1112 3305 Vicit
1122 3245 1278 3325 Buigaros,
1297 3246 1335 3309 ad
1350 3246 1514 3311 Darrubium
1533 3270 1629 3330 usque
1642 3273 1705 3332 pro-

64 3340 152 3401 dacta
170 3362 209 3401 ea
229 3340 390 3403 Piesooria
406 3362 500 3402 uxore
521 3340 609 3419 Olga,
629 3341 772 3420 inperare
790 3360 857 3400 coe·
913 3358 1053 3415 gressus:
1072 3341 1161 3421 inque
1180 3343 1297 3401 civitate
1316 3340 1486 3403 Pereastsw
1508 3341 1611 3403 sedem
1623 3338 1707 3405 snam

64 3435 121 3515 pit:
139 3436 188 3517 qui
209 3454 273 3495 cn·
294 3437 424 3495 exercitu
442 3456 498 3495 suo
518 3435 634 3512 tongins
655 3432 857 3513 progrediens,
914 3434 1022 3513 posuit,
1041 3433 1079 3494 ad
1099 3440 1219 3494 matrem
1245 3440 1334 3513 atque
1363 3434 1551 3497 consiliarios
1570 3458 1646 3497 suos
1666 3437 1708 3498 di-

63 3524 237 3589 Heractean
261 3533 293 3588 et
312 3522 515 3589 Nicomediam
543 3547 638 3608 usqua
662 3528 857 3607 peruenisset,
915 3544 1004 3585 cens:
1034 3526 1118 3587 Haec
1137 3529 1215 3587 enim
1234 3527 1326 3588 sedes
1345 3547 1419 3601 nea,
1440 3531 1470 3589 in
1490 3529 1586 3591 medio
1605 3550 1708 3610 reguo·

63 3620 182 3683 hade·
200 3621 278 3683 beiio
296 3626 454 3700 superatus
471 3620 597 3698 aufugit:
617 3617 858 3700 postnbtatdittn
890 3628 893 3632 “
916 3640 977 3681 mm
995 3639 1141 3681 neomn:
1160 3641 1197 3679 ex
1210 3620 1382 3682 Graeciaad
1396 3620 1709 3684 neadt'ernnturPao·

62 3712 297 3776 Drerviisnorun
316 3715 453 3795 principe,
471 3712 722 3795 inrpuodarniocn
732 3712 858 3775 Coreste
917 3711 1053 3785 uodooki,
1072 3734 1184 3784 aurum,
1202 3723 1362 3794 argentum,
1382 3715 1488 3783 vinum,
1507 3715 1642 3794 variique
1652 3714 1709 3777 t'ra-

62 3810 192 3879 aomine,
212 3808 262 3868 ubi
283 3808 369 3869 etia·
388 3804 525 3888 sepultam
545 3812 603 3875 est,
622 3806 774 3870 occiditur.
811 3806 859 3867 Fi·
917 3812 1001 3867 etus:
1019 3828 1056 3868 ea
1073 3807 1234 3887 Hungaria,
1254 3814 1403 3887 argentum
1423 3813 1453 3867 et
1472 3807 1558 3887 equi:
1578 3826 1618 3869 ea
1629 3806 1709 3871 Rus-

64 3900 125 3961 tias
140 3910 241 3963 autern
253 3900 448 3971 Swatostsus,
467 3918 555 3980 quem
575 3898 714 3959 infantem
733 3900 859 3979 reliquit,
916 3900 974 3969 sia,
992 3898 1117 3973 Sobora,
1137 3920 1214 3970 ears,
1234 3900 1300 3970 nei,
1319 3901 1410 3961 servi.
1433 3899 1490 3960 Cui
1502 3905 1611 3963 mater:
1630 3900 1708 3965 Jam-

65 4012 133 4053 euu
149 4012 202 4075 per
219 4000 347 4056 aetate·
366 3996 510 4074 inperare
529 4012 587 4053 noo
608 3998 726 4073 posset,
744 3993 858 4053 interim
911 3993 974 4073 ju
994 3994 1132 4055 floribus
1155 4015 1237 4065 sun,
1260 4000 1291 4054 tu
1318 4015 1363 4054 ne
1388 3996 1555 4075 ubieunque
1581 3995 1710 4058 volueris

64 4089 161 4147 mater
179 4085 257 4167 Otga
276 4107 368 4166 regno
386 4086 525 4168 praefuit:
544 4084 583 4147 ad
602 4104 690 4166 quan
708 4084 858 4147 cumbra·
916 4084 1058 4165 sepelito3
1093 4088 1194 4168 itaque
1214 4094 1284 4169 post
1302 4088 1398 4150 biduo
1425 4091 1558 4160 noritur,
1583 4094 1708 4170 atquea

63 4178 165 4240 vitani
183 4180 283 4258 viginti
302 4179 502 4241 internuncios
520 4181 683 4251 misissent,
702 4198 859 4241 cunm
917 4183 1026 4261 nepote
1050 4200 1087 4240 ex
1112 4179 1172 4241 ulio
1198 4180 1400 4243 Wotodimero
1422 4186 1485 4267 Jam
1509 4183 1656 4263 baptisato
1675 4186 1706 4245 in

63 4271 153 4343 datis,
171 4278 205 4334 at
223 4291 322 4333 eorum
340 4275 461 4354 principi
482 4274 619 4335 nuberet:
638 4268 719 4353 0tga
734 4272 859 4335 nendos
916 4289 1067 4333 nnmerum
1086 4278 1253 4338 sauetorua
1277 4275 1565 4357 reseruandosque
1589 4277 1708 4339 undeci-

64 4365 302 4427 Drerrtianomm
321 4368 406 4427 siros
426 4367 509 4427 obmt
524 4368 635 4450 jussit:
666 4386 798 4447 suosque
817 4366 859 4427 ia·
916 4384 986 4427 mus
1003 4365 1078 4429 datii
1096 4386 1184 4429 mcor
1201 4368 1244 4430 itti
1263 4367 1380 4434 dieitur.

63 4460 150 4521 terim
170 4459 286 4539 legatos
303 4459 343 4522 ad
363 4480 419 4521 eea
438 4459 526 4529 nisit,
545 4460 677 4523 nimiru-
695 4460 775 4521 atas
786 4460 860 4541 prin·
992 4458 1188 4533 Snatostaus,
1207 4463 1257 4545 qui
1276 4474 1345 4545 post
1364 4464 1475 4527 obitum
1496 4464 1597 4525 matris
1608 4482 1708 4543 regus-

64 4554 160 4633 etpe·
183 4558 214 4613 et
232 4552 377 4615 dominam
399 4557 585 4633 mpetereat,
602 4558 636 4615 ut
652 4552 753 4635 piures
770 4558 860 4633 atque
916 4552 983 4625 bat,
1012 4552 1115 4617 divisit
1138 4557 1305 4635 provincias
1322 4558 1405 4619 titiis:
1442 4552 1614 4637 teropotebn
1638 4552 1709 4615 iiio

62 4647 297 4728 praestantiores
315 4666 424 4727 procos
442 4645 605 4719 mitterent:
629 4666 700 4709 mna
717 4644 795 4709 aiios
812 4666 859 4708 se·
916 4648 1018 4719 νήνι,
1037 4646 1154 4729 Oiegae
1172 4648 1372 4725 Drewtisnos,
1391 4648 1591 4711 Wotodinero
1610 4644 1707 4709 Novo·

62 4738 163 4801 tentos
181 4741 391 4820 quinquaginta
408 4740 490 4799 siros
508 4736 547 4799 ad
569 4758 604 4797 ss
614 4738 738 4811 missos,
755 4741 786 4801 iu
799 4740 858 4803 bat·
915 4740 1044 4821 widh·
1060 4762 1203 4823 nagnam.
1231 4742 1307 4805 Nan
1317 4740 1567 4823 Norogsrdenses
1582 4741 1708 4824 inpulsu

64 4852 123 4893 aea
142 4832 320 4895 combussit:
349 4834 483 4914 altosque
503 4830 619 4911 legatos
636 4830 741 4893 iterum
767 4834 858 4905 misit,
915 4834 1069 4919 eatudsm
1107 4837 1238 4899 mulieris
1273 4836 1440 4903 Dubrioae,
1475 4832 1704 4900 Woiodinemn

64 4926 117 5007 μ’
133 4924 293 4989 advenum
312 4948 397 4989 suo·
416 4925 643 4993 unnnciment,
660 4924 858 5007 juberentque
915 4928 1072 5009 principem
1107 4932 1295 5009 inpetramnt
1319 4928 1479 4991 eratenim
1503 4928 1709 5012 Norogardiae

64 5036 206 5099 apparere
224 5040 332 5103 aqum
355 5020 494 5089 matram.
518 5018 633 5099 aliaque
651 5036 697 5099 ¹ex
722 5038 802 5081 nere
819 5020 858 5081 ad
915 5021 988 5081 eiris
1015 5023 1132 5101 quida·
1153 5020 1293 5083 Catuteaa
1317 5040 1425 5100 parvus
1444 5023 1556 5096 uuus.
1588 5027 1638 5106 qui
1658 5025 1709 5087 ba·

64 5112 276 5189 maenuba
294 5115 399 5177 marite
416 5110 747 5175 ὰῐνιάοννοννννήν.
769 5110 858 5173 Poma
915 5114 978 5175 buit
997 5112 1074 5177 daas
1092 5114 1182 5185 ttias,
1201 5112 1362 5179 Dubrinam
1383 5117 1617 5183 etitatosebam.
1647 5118 1708 5182 nn-
