3742 5626
95 222 156 287 U
734 216 865 284 esunt
883 210 1148 285 onmbomttt

97 392 153 465 ait3
179 384 318 450 deluneta
340 386 416 447 torte
439 380 523 444 illius
547 400 623 445 uxor
642 387 716 457 erat,
736 382 817 463 qnod
837 404 903 443 cum
964 390 1023 445 tes.
1060 384 1161 447 Prima
1191 384 1233 445 illi
1266 404 1366 466 pugna
1393 404 1459 445 euax
1496 382 1778 463 Norogrodenainm

98 480 253 547 Basilides
272 478 488 548 intellexisset,
515 496 594 557 equa
618 472 658 537 ad
677 496 745 536 eum
765 475 906 546 adducta,
933 494 937 567 ζ
965 478 1062 547 bonis,
1082 498 1161 557 quae
1179 478 1259 560 apud
1276 477 1435 540 Namense
1454 477 1595 559 deposita
1617 478 1777 539 servabun-

98 576 192 653 hanc,
222 574 331 652 inquit,
360 569 555 631 concubinam
587 568 733 651 deinceps
768 568 906 640 habebis,
933 622 937 641 ,
964 576 1021 640 tur,
1055 570 1125 647 luit,
1150 573 1259 652 quibua
1289 572 1428 652 direptis,
1465 570 1606 632 honines
1637 572 1777 631 innoxios

101 666 270 731 venerande
287 665 429 745 praesnl;
447 658 487 723 nd
507 660 626 743 nuptias
652 668 749 723 anteat
772 662 907 741 collegae
934 666 938 675 “
964 663 1143 743 aggreditur,
1163 685 1327 745 omnesque
1346 665 1447 746 oppidi
1467 667 1551 725 cites
1577 664 1692 724 hostes
1719 664 1775 723 sibi

100 764 144 827 cui
171 757 308 841 symbola
338 754 503 815 conterent.
551 754 628 815 Cum
659 752 735 816 baec
767 754 907 829 dixisset,
934 768 939 827 ξ
965 754 1105 817 destinat.
1156 757 1239 830 Quid
1272 778 1352 818 nunc
1376 778 1482 818 eversa
1508 759 1623 836 te-ptx
1661 756 1775 818 dicant

100 852 288 921 anecdotum
326 852 357 909 et
385 848 558 929 templomm
593 848 737 929 munias
765 848 909 909 adhibitis
964 848 1035 929 quid
1055 870 1163 911 caesos
1182 851 1376 931 peregrinos!
1394 854 1444 931 qni
1465 872 1503 911 ex
1530 852 1625 911 ratiis
1654 852 1771 912 nabori

101 944 256 1012 tormentis
294 936 501 1021 investigavit,
537 942 697 1022 ipsumque
725 940 907 1022 Episcopum
935 1004 939 1031 :
964 942 1023 1003 bns
1042 942 1101 1004 huc
1121 945 1331 1006 conduxerant.
1374 944 1436 1003 tam
1456 962 1565 1017 senes,
1585 944 1695 1025 pueri,
1722 960 1772 1003 ιι·

104 1044 255 1106 noxiorum
276 1036 378 1097 babitu
397 1034 436 1096 ad
456 1034 644 1113 ignominiam
666 1054 764 1114 equas
788 1034 907 1113 imposi-
965 1038 1084 1107 bonae,
1103 1038 1249 1117 virgines,
1269 1058 1367 1097 nonne
1393 1036 1541 1116 Principis
1568 1037 1675 1095 lurore
1703 1036 1770 1096 deis

101 1148 177 1207 tum,
202 1151 257 1217 per
281 1131 384 1190 urbem
411 1126 592 1189 circumduci
611 1126 669 1188 sub
693 1146 768 1187 soce
786 1146 907 1208 praeco·
935 1182 938 1189 .
964 1134 1014 1190 tae
1033 1131 1122 1190 snott
1147 1129 1218 1211 quid
1237 1132 1379 1191 incensas
1399 1130 1503 1189 domos
1523 1129 1689 1189 civitatis?
1711 1129 1772 1210 qdd

103 1232 163 1301 nis,
190 1231 221 1287 et
240 1225 358 1286 demum
377 1220 509 1305 jugulari
531 1218 636 1302 jussit.
677 1222 709 1280 ln
736 1230 822 1281 tanta
847 1219 908 1280 loe·
964 1232 1068 1303 stupra
1098 1224 1298 1304 rapinasque?
1330 1222 1402 1304 qnid
1436 1222 1568 1305 ejutems
1605 1222 1773 1283 hominnm!

102 1322 291 1385 dissinornm
311 1314 522 1397 supplieiornm
547 1312 850 1391 contumeliarumque
875 1312 907 1372 li·
965 1315 1035 1396 quid
1055 1316 1188 1377 inlantes
1206 1318 1350 1379 miseros.
1369 1336 1446 1395 quos
1465 1318 1495 1375 in
1523 1316 1706 1377 serritntcm
1732 1316 1775 1375 ab·

102 1414 201 1477 centia
219 1410 302 1471 caesi
323 1406 543 1470 sunthomlnes
551 1406 600 1467 bis
613 1406 701 1478 mille,
716 1406 908 1485 septingenti,
936 1444 939 1449 -
965 1408 1088 1483 ductos,
1114 1416 1296 1491 necatosque
1321 1409 1480 1470 crudeliter
1509 1410 1713 1487 accepi-nst
1737 1408 1772 1467 di-

104 1516 136 1571 et
147 1502 346 1588 septuaginta,
365 1502 391 1561 si
411 1500 614 1579 ignobiliorem
630 1498 779 1560 hominum
791 1498 908 1558 tunsa
936 1558 939 1569 ,
964 1500 1127 1563 necdentes
1158 1504 1272 1583 parsuli
1304 1502 1395 1562 debili
1428 1502 1540 1562 ululatu
1572 1502 1711 1575 amplexi
1735 1524 1773 1583 pa

105 1600 251 1682 excipias,
281 1614 368 1678 quam
402 1594 498 1670 septis
528 1592 637 1671 ligneis
666 1592 811 1653 inclusam
840 1592 909 1672 ipse
965 1602 1040 1655 trem
1068 1596 1228 1656 tenebant:
1258 1615 1296 1654 ex
1322 1594 1416 1655 altera
1440 1600 1526 1675 parte
1544 1614 1626 1655 uxor
1645 1596 1775 1655 maritus

104 1704 249 1777 nunnus
270 1685 386 1749 adactis
404 1686 434 1746 in
455 1700 539 1764 terga
554 1686 717 1769 jacentium.
740 1684 909 1745 calcaribus
966 1708 1025 1748 non
1050 1688 1177 1766 amplius
1201 1690 1302 1749 visura
1327 1688 1424 1747 oculis
1449 1686 1616 1765 fatigabatt
1651 1708 1712 1748 nec
1734 1690 1776 1747 ni-

102 1792 133 1849 iu
152 1780 384 1869 profundissimo
414 1780 475 1840 luto
509 1780 673 1840 miserrime
704 1777 855 1860 depressit
877 1786 909 1837 ct
967 1800 1025 1843 nus
1055 1801 1162 1841 senum
1193 1781 1332 1842 lacrimae
1365 1780 1556 1841 miserabiles
1593 1788 1695 1841 erant.
1745 1780 1776 1841 lb

102 1878 222 1943 oceidit.
262 1872 351 1947 Quae
369 1890 421 1933 res
440 1890 506 1933 cum
531 1874 638 1934 ricinis
657 1872 798 1933 nunciata
816 1874 910 1939 met,
966 1876 997 1933 in
1017 1894 1102 1955 spen
1121 1876 1241 1953 generis
1261 1880 1422 1952 susceptos
1442 1880 1570 1954 nepotes
1589 1874 1658 1953 rapi
1679 1874 1711 1933 ia
1724 1892 1776 1935 ret·

103 1978 221 2037 moesta
250 1966 405 2029 hloscoria
434 1965 499 2035 t'uit,
532 1966 631 2028 omnia
649 1963 826 2035 ululatibus,
850 1982 909 2023 non
967 1968 1088 2027 vitutem
1118 1967 1274 2029 dolebant:
1309 1968 1349 2026 itti
1379 1966 1472 2047 paulo
1500 1978 1572 2047 post
1607 1968 1775 2029 nortem

103 2083 198 2135 scens
227 2082 264 2124 ac
295 2062 323 2121 si
353 2064 416 2120 tota
441 2060 524 2139 regio
544 2064 630 2139 capta
651 2064 743 2129 esset,
770 2076 910 2139 persona·
967 2066 1081 2141 patrem
1110 2070 1142 2119 et
1171 2082 1256 2122 aena
1287 2060 1407 2120 debant.
1454 2061 1534 2118 toter
1563 2058 1647 2119 baec
1681 2062 1777 2120 ciritm

103 2166 190 2225 bant:
217 2156 340 2219 clausae
363 2154 497 2235 prlratae
521 2151 641 2225 donas,
667 2150 771 2212 clausa
789 2149 911 2230 templa,
939 2202 942 2207 .
969 2154 1065 2213 oanis
1084 2150 1295 2213 adsistentium
1314 2152 1435 2212 bebban
1452 2158 1513 2213 tam
1533 2152 1676 2215 crudelis
1695 2154 1777 2215 haie-

103 2252 275 2317 inemissa
296 2248 393 2307 omnia
412 2264 515 2318 sacra,
544 2248 644 2307 omnia
674 2247 787 2324 privata
813 2242 912 2303 olticia
969 2260 1027 2306 nac
1051 2246 1220 2307 resombm.
1271 2244 1408 2306 Tandem
1443 2244 1576 2306 lacrimis
1610 2246 1706 2306 inem
1733 2264 1776 2305 ne

104 2348 254 2411 damnata.
300 2340 377 2401 Post
412 2340 532 2419 tpranni
566 2338 754 2407 discessum,
786 2335 911 2397 exsules
969 2340 1101 2399 cessitas
1121 2340 1312 2417 protectionis
1331 2340 1482 2418 imposuit.
1524 2336 1605 2399 Post
1624 2338 1710 2401 haec
1726 2338 1776 2400 nx·

104 2438 215 2505 deinde
239 2430 497 2513 Norogrodenses
522 2430 560 2492 ad
585 2436 701 2512 portant
733 2448 912 2507 congregatr-
939 2422 944 2469 ἶ
970 2430 1075 2493 allides
1100 2432 1284 2493 Plescoriam
1305 2432 1478 2511 ingressus,
1502 2430 1631 2492 multum
1665 2432 1778 2513 quidem

104 2546 168 2605 tux,
194 2526 446 2610 egredientesque
473 2544 605 2605 paucos,
630 2524 680 2604 qui
707 2523 793 2585 clads
812 2542 912 2603 super
940 2570 943 2579 .
970 2522 1010 2584 de
1034 2526 1160 2607 pristina
1183 2528 1228 2587 ira
1250 2531 1340 2607 atque
1365 2522 1434 2584 odio
1453 2522 1604 2585 adversas
1625 2526 1779 2609 sappbers

104 2630 235 2696 lucrant,
265 2621 305 2682 de
333 2620 400 2681 suis
425 2624 648 2697 percontantur3
679 2624 711 2677 ut
731 2636 802 2677 tero
821 2614 913 2675 dubia
939 2686 943 2695 Ι
969 2618 1098 2678 remisit:
1118 2618 1159 2680 ita
1177 2624 1292 2689 tanen,
1316 2624 1350 2677 ut
1367 2620 1426 2677 ria
1450 2616 1620 2679 exulcerati
1641 2620 1779 2681 ani-iia

103 2728 174 2787 ante
194 2738 251 2799 spe
282 2718 313 2775 et
344 2730 493 2791 suspenso
511 2716 608 2781 metu,
634 2712 747 2771 incerta
775 2708 912 2769 orbitatis
968 2710 1124 2790 irroganda
1136 2730 1235 2793 poena
1248 2730 1372 2792 prorsus
1382 2710 1573 2771 ostenderetz
1591 2730 1663 2771 cam
1677 2716 1779 2775 omnia

103 2808 333 2895 exspectatione
368 2824 460 2867 casus
490 2822 612 2864 suornm
650 2804 769 2864 miseris
803 2801 913 2871 illuxit,
968 2822 1145 2885 quocunque
1179 2802 1394 2882 ingrederetur,
1429 2810 1652 2886 prosterneret.
1687 2806 1780 2865 ritas

104 2920 177 2971 tunc
208 2910 271 2965 toto
305 2894 415 2981 oppido
445 2896 644 2978 plangentium
674 2898 812 2975 gemitus,
841 2902 912 2955 tunc
968 2897 1089 2968 domos,
1110 2896 1294 2977 castellaque
1313 2896 1485 2958 incenderet
1527 2896 1670 2957 'landem
1693 2900 1780 2961 relub'

102 3000 265 3063 infelicium
285 3002 409 3053 matrum
427 2990 577 3058 ululatus,
607 2998 637 3049 et
662 2991 802 3069 querelae
830 2988 910 3049 tebi·
968 2990 1165 3072 Reipublicae
1191 2998 1299 3051 statum
1329 2990 1549 3051 reformaturus.
1579 2992 1728 3073 popalu-
1755 2994 1781 3051 in

102 3099 150 3157 tes
169 3088 374 3151 audiebantur.
416 3084 495 3143 lutet
514 3082 590 3143 baec
609 3083 774 3164 procedunt
804 3084 910 3162 inopes
938 3106 941 3111 ·
967 3082 1111 3145 theatrum
1138 3082 1178 3144 ad
1202 3088 1374 3145 concionem
1400 3084 1500 3143 rneati
1525 3083 1629 3165 jabet.
1662 3096 1781 3145 conna-

104 3180 266 3250 elatebris
294 3180 361 3239 suis
393 3178 477 3236 cites
505 3176 571 3239 alii.
601 3176 723 3237 sordida
751 3174 911 3254 servilique
969 3184 1078 3256 ctoqne
1103 3176 1133 3235 in
1158 3179 1240 3237 caria
1265 3192 1390 3239 senatu.
1416 3176 1503 3255 quasi
1520 3174 1663 3255 quaeda·
1688 3178 1778 3255 prius

103 3294 173 3361 toga
192 3274 349 3341 discincti,
370 3268 409 3329 ad
428 3274 757 3349 quorumeonspectum
769 3268 910 3348 plangen-
966 3270 1167 3343 ordinaturus,
1188 3271 1287 3329 statim
1309 3270 1454 3330 inntens
1477 3266 1612 3329 numa·
1626 3270 1781 3349 populum

103 3376 174 3433 tiun
196 3368 314 3443 agnina
330 3364 505 3441 junguntur.
546 3360 590 3419 tto
615 3380 721 3419 omnes
746 3380 850 3419 manus
870 3358 909 3417 td
967 3362 1102 3433 obsidet,
1121 3368 1259 3421 senatum
1270 3362 1413 3423 trucidat:
1436 3364 1656 3445 ujupcracta
1669 3362 1781 3425 caede.

102 3460 217 3523 eoelum
244 3452 419 3523 tendentes,
449 3472 527 3510 nune
559 3460 669 3511 sortem
700 3472 800 3513 suan.
831 3468 909 3511 nunc
967 3455 1113 3533 explebe
1142 3455 1412 3535 locupletissimos.
1445 3460 1475 3515 et
1493 3456 1780 3537 praestantissimos

104 3548 253 3637 publicam
285 3544 430 3604 fortunam
468 3541 588 3601 dehent.
641 3542 733 3603 Porro
762 3543 802 3603 ad
833 3544 910 3609 alias
967 3566 1104 3628 quosque
1129 3548 1277 3609 interficit.
1321 3550 1364 3609 lis
1382 3550 1426 3609 ita
1451 3550 1546 3628 gustis
1564 3548 1677 3609 iterun
1700 3570 1779 3611 caer-

104 3648 193 3723 longe
224 3638 420 3721 gratissimas
450 3636 636 3697 calamitates
666 3636 747 3697 alind
779 3638 914 3701 tonunae
967 3643 1058 3702 citum
1084 3640 1214 3703 ordinat.
1240 3662 1299 3721 quo
1318 3642 1494 3703 instructius
1514 3642 1661 3701 finitimas
1685 3646 1780 3705 cirita·

103 3736 261 3800 ludibrium
287 3732 429 3793 accessit.
474 3728 549 3789 Nam
578 3736 608 3789 et
632 3732 804 3811 pestilentia
823 3732 914 3793 ratde
967 3740 1031 3795 tes.
1051 3734 1123 3794 nibil
1145 3734 1254 3795 hostile
1273 3742 1457 3797 metuentes.
1478 3754 1517 3795 ex
1549 3736 1720 3813 inproviso
1737 3756 1779 3815 ag·

104 3840 188 3893 atrox
220 3842 251 3889 et
280 3824 443 3907 repentina.
475 3822 603 3901 tulgatis
628 3824 746 3882 minimo
772 3832 912 3887 contactu
966 3826 1112 3903 greditur.
1132 3848 1187 3887 nec
1207 3830 1297 3888 unius
1315 3844 1368 3889 aut
1393 3828 1515 3889 duarum
1534 3828 1658 3889 urbiam
1690 3838 1779 3893 nse

105 3924 233 3997 morbis,
258 3916 474 3995 cumulatisque
498 3914 625 3975 subinde
652 3914 806 3977 multorum
828 3918 910 3979 lune·
966 3920 1049 3978 tiotm
1077 3926 1178 3980 tantus
1210 3924 1359 3983 exercitus
1388 3930 1548 3982 teneretur.
1590 3920 1729 4005 Jamque
1746 3922 1778 3983 ad

104 4019 187 4080 tibus
220 4014 367 4075 civitatem
400 4010 547 4067 restabat.
587 4006 633 4067 Ea
654 4028 704 4067 res
724 4018 826 4069 tantas
845 4030 912 4071 con-
968 4008 1139 4073 'trecenses
1158 4012 1293 4077 delatus.
1313 4014 1432 4075 solitast
1452 4014 1494 4074 ibi
1516 4016 1683 4077 saevitia-
1704 4036 1777 4077 exer-

104 4106 259 4171 tebendne
288 4120 425 4163 annonae
458 4098 652 4159 dillieultates
680 4102 788 4163 attulit.
807 4112 840 4162 ut
859 4104 898 4164 bo
968 4118 1032 4165 cet.
1058 4107 1203 4185 primores
1223 4108 1352 4170 civitatis
1366 4110 1396 4167 in
1417 4108 1535 4167 vincula
1558 4110 1701 4190 conficit.
1720 4128 1776 4169 ton

105 4204 200 4262 mines
228 4198 314 4275 egeni
342 4210 371 4254 et
392 4196 456 4275 jani
483 4194 532 4251 cix
558 4194 726 4273 spirantes.
755 4214 909 4257 caesorum
962 4201 1114 4279 jugesque
1145 4198 1257 4259 illorum
1290 4202 1328 4261 ad
1362 4206 1494 4281 stuprum
1527 4202 1624 4281 rapit.
1657 4206 1774 4281 uirgines

105 4292 250 4355 cadavera
270 4308 328 4347 non
348 4296 461 4346 tanturn
482 4294 653 4365 coquerent,
673 4288 729 4346 sed
750 4296 779 4348 et
810 4288 912 4351 hun.

104 4392 152 4449 nis
172 4382 312 4447 carnibus
331 4388 470 4459 tanquam
490 4378 713 4440 delicatissimis
742 4382 839 4462 epnlia
860 4404 908 4443 re-

103 4486 268 4545 acerentur.
309 4472 401 4545 Quod
435 4472 541 4533 lactum
568 4474 656 4533 simnl
688 4475 780 4535 acad
801 4474 908 4537 Basili·

101 4578 169 4639 dem
198 4580 247 4635 est
277 4568 421 4629 delatum.
454 4568 580 4627 miseros
605 4570 732 4627 istosin
753 4568 846 4627 frusta
867 4570 908 4630 di·

102 4670 216 4753 scapi,
246 4668 336 4745 inque
364 4660 474 4721 flumen
503 4662 591 4744 abjici
613 4664 716 4744 jussit.
757 4660 908 4741 Norogro·

101 4764 247 4827 densibus
274 4757 312 4819 ad
339 4776 406 4817 eum
432 4753 551 4815 modum
577 4756 750 4835 castigatis.
789 4776 906 4817 ccmo.

966 4306 1036 4351 ante
1056 4294 1175 4372 nuptias
1196 4292 1318 4353 titiatas
1337 4297 1458 4371 sponsis
1478 4293 1624 4355 obtrudit.
1663 4296 1772 4357 «litim

966 4388 1017 4443 aut
1037 4386 1158 4443 civitate
1177 4384 1274 4463 pettit.
1295 4398 1345 4445 aut
1366 4386 1462 4446 occidi
1483 4388 1622 4465 imperat.
1649 4390 1772 4467 bosque

967 4498 1068 4537 eontra
1090 4477 1209 4539 invadit.
1229 4488 1403 4539 ornamenta
1423 4489 1626 4541 matronarum
1649 4486 1685 4543 in
1703 4502 1772 4543 sua

966 4570 1104 4653 praedam
1130 4573 1224 4631 vertit.
1264 4570 1457 4641 Quarundam
1477 4574 1603 4633 marites
1634 4576 1774 4637 interficit

966 4664 1110 4745 questam
1138 4663 1177 4723 ad
1201 4663 1371 4745 prodendos
1396 4668 1525 4725 virorum
1553 4670 1711 4746 pecunias
1726 4676 1772 4727 tot-

965 4764 1051 4837 qnet:
1082 4764 1174 4836 utque
1205 4760 1319 4836 gratim
1350 4758 1554 4837 crudeliusque
1580 4762 1691 4825 indier
1716 4766 1775 4821 tais

100 4878 158 4937 qac
182 4860 277 4917 totius
301 4852 429 4913 etr-tntis
448 4850 571 4911 decore.
596 4868 686 4927 grate
712 4850 801 4909 otium
822 4850 907 4910 latre
934 4848 937 4855 '
965 4860 1063 4911 esset.
1091 4852 1195 4911 iterata
1220 4852 1313 4911 caede
1339 4872 1357 4911 a
1378 4852 1563 4911 multitudine
1585 4854 1631 4915 ad
1655 4860 1776 4937 priratet

100 4950 188 5010 nibus
230 4950 311 5011 suis.
345 4944 605 5029 periculosamque
643 4942 790 5003 desidiam
830 4946 907 5003 tanti
964 4944 1090 5005 lutom-
1111 4946 1270 5003 convertit:
1290 4946 1434 5025 aulaeque
1457 4948 1676 5013 secretarium.
1698 4968 1776 5031 qaeu

101 5042 250 5107 exereitus
276 5052 375 5101 ratus.
405 5040 510 5121 copias
543 5040 572 5097 in
600 5036 738 5099 nanis·
765 5037 906 5099 traduxit.
964 5038 1073 5099 multos
1093 5056 1188 5097 annos
1208 5056 1387 5117 magnopere
1407 5038 1559 5097 diteaem
1584 5048 1618 5099 et
1641 5046 1697 5123 qni
1717 5060 1776 5103 ena

99 5134 189 5205 hul
208 5140 241 5193 ut
263 5134 384 5195 militarat
403 5134 492 5193 animi
512 5134 651 5191 coannua
675 5130 794 5191 feritate
820 5152 905 5192 acue
932 5162 937 5199 =
964 5132 1002 5190 de
1020 5131 1110 5190 rebus
1129 5133 1217 5191 etiam
1237 5134 1373 5190 maximis
1392 5130 1564 5191 consaltaxe
1578 5148 1649 5195 erat
1662 5138 1774 5199 solitas.

134 5238 212 5297 mr.
245 5234 276 5287 et
305 5226 399 5285 ceteri
417 5244 505 5305 parea
531 5226 733 5305 experirentur
757 5224 905 5283 alamita-
932 5216 936 5273 ἷ
963 5223 1079 5284 accidit.
1120 5224 1315 5301 Opbanadna
1336 5226 1363 5283 ia
1387 5232 1452 5283 erat
1477 5224 1673 5291 [orexim.
1701 5228 1769 5291 Pria
