3742 5626
395 320 399 328 Ι
484 212 1224 313 vrraascanursaasumn,cmaa
1242 222 1296 295 ιι.
1671 227 1731 290 an
1831 301 1835 308 ,

32 404 267 458 -mosoctaros
306 389 421 457 Eodem
439 397 588 455 momento
609 400 669 456 tam
688 410 781 455 saeva
791 395 863 451 terr·
922 405 1029 466 pones.
1068 392 1160 454 Pater
1187 402 1258 456 tuos
1286 395 1419 476 pericula
1452 397 1481 456 in
1515 391 1727 476 rempublicam

55 494 163 569 pastas
183 490 313 550 excitate
332 486 405 564 init,
424 495 566 569 quantam
595 487 733 549 bomines
762 488 863 546 astute
923 481 1055 560 ingentia
1074 488 1201 562 invexit3
1220 495 1252 549 tu
1272 490 1381 549 virtute
1412 496 1443 550 et
1470 490 1562 550 armis
1593 485 1726 568 pericula

54 579 144 642 valde
164 587 305 662 provecta
327 601 474 662 nunquam
493 583 699 644 meminerant.
921 579 1021 639 alaris
1040 578 1249 660 propulsabis:
1288 588 1320 641 tu
1346 579 1434 642 bonis
1459 582 1590 664 praemia
1616 580 1727 642 cousti-

134 674 257 734 Coelum
278 674 356 735 enim
380 673 510 736 nubibus
529 672 722 754 tenebrisque
748 667 864 730 densis·
923 669 1166 753 bres,improbos
1179 693 1295 754 poenae
1308 671 1659 747 acerbitatecoircebis3
1675 690 1725 754 pa

57 769 144 828 simis
165 765 326 829 obductum
347 766 526 830 borrendum
547 769 578 827 in
606 764 725 828 modum
751 768 793 827 ita
820 768 864 821 to·
924 763 1010 823 triam
1031 762 1160 847 denique
1178 769 1347 829 universam
1368 774 1400 828 et
1424 765 1463 830 ab
1483 767 1613 829 externis
1634 765 1726 828 bosti-

62 859 165 936 nabat,
186 869 217 922 ut
237 882 291 924 cos
317 865 406 925 etiarn
433 864 482 943 qui
514 857 696 922 fortitudinis
728 856 867 938 opinione
924 851 983 916 bus
1003 864 1034 918 et
1053 858 1093 920 ab
1111 861 1262 922 intestinis
1281 857 1480 922 seditionibus
1499 865 1592 922 batam
1607 856 1731 937 vigilas·

64 953 200 1016 celebres
231 955 433 1032 habebantur,
464 973 644 1037 magnopere
678 953 867 1034 perterreret.
926 949 969 1009 tia
988 957 1040 1012 tua
1056 950 1236 1033 praestabis.
1274 950 1308 1014 ld
1326 955 1354 1016 si
1374 952 1513 1016 alacriter
1530 952 1654 1024 feceris,
1677 968 1728 1012 no·

62 1046 194 1109 Plurima
215 1049 377 1132 quinetiam
395 1051 463 1112 loca
482 1056 514 1112 et
531 1047 643 1130 templa
662 1044 701 1107 de
721 1041 807 1106 coelo
826 1044 869 1100 tu·
926 1061 994 1103 mon
1014 1051 1113 1121 tunm,
1137 1066 1197 1108 non
1217 1049 1247 1108 in
1271 1050 1394 1127 regione
1410 1056 1525 1110 tarrmm
1545 1053 1663 1122 nostra,
1686 1044 1730 1104 in·

62 1150 113 1205 eta
135 1141 232 1204 inere:
251 1146 454 1225 insperatique
472 1141 615 1206 turbines·
633 1137 773 1201 arborum
791 1132 869 1195 frou·
926 1135 1041 1198 clusum
1060 1139 1178 1201 scilicet
1205 1144 1342 1220 angustis
1366 1144 1454 1203 unius
1485 1150 1584 1204 terrae
1611 1137 1730 1220 spatiis,
1811 1152 1814 1159 ’

65 1236 121 1299 des
140 1233 313 1311 decussere,
334 1245 366 1299 et
384 1238 553 1314 grauissimi
580 1232 692 1295 imbres
715 1249 776 1291 non
801 1228 868 1288 vias
925 1249 1026 1292 ueram
1046 1235 1135 1295 etiam
1154 1234 1266 1315 ubique
1285 1243 1428 1298 lemnam
1447 1231 1658 1317 adparennem
1666 1228 1728 1295 lau·

58 1338 184 1404 tantum,
204 1328 261 1392 sed
282 1333 367 1412 ipsas
388 1332 477 1394 etiam
489 1327 583 1392 aedes
596 1326 766 1409 implevere.
785 1316 866 1382 Red·
926 1319 994 1385 den
1014 1332 1094 1387 tuam
1123 1325 1331 1391 celebrabitur.
1370 1326 1439 1390 Nos
1464 1331 1507 1390 tui
1533 1330 1616 1389 cives
1639 1341 1746 1406 supe¹

58 1422 124 1485 dita
159 1421 279 1486 nudem
318 1424 545 1505 tranquillitate,
584 1438 729 1482 converso
768 1415 866 1477 omine
925 1437 989 1477 rum
1008 1424 1099 1499 atque
1124 1419 1249 1484 inierum
1279 1425 1400 1484 numina
1429 1430 1475 1484 et
1490 1421 1611 1502 regales
1642 1417 1728 1480 Deos

59 1539 98 1580 ex
118 1527 183 1578 atro
203 1518 293 1597 longe
312 1521 440 1579 omnium
461 1512 695 1578 candidissimus
715 1509 782 1572 dies
800 1506 867 1570 elle·
925 1530 1158 1592 comprecamur,
1178 1522 1211 1577 ut
1229 1523 1260 1576 te
1280 1515 1381 1578 multis
1393 1514 1587 1579 felicitatibus
1606 1516 1728 1576 cirm-

59 1614 133 1674 ctus
149 1621 206 1672 est.
236 1609 391 1672 Ridebant
405 1613 517 1691 Januae
537 1609 644 1670 civium
663 1603 742 1667 fests
760 1597 867 1663 fronde
925 1600 1064 1668 fluentem
1084 1615 1232 1685 tueantur,
1252 1616 1345 1688 utque
1364 1612 1395 1670 in
1414 1616 1445 1670 te
1465 1617 1517 1672 tuo
1536 1626 1652 1672 summa
1672 1607 1727 1667 vir·

60 1714 93 1768 et
117 1704 251 1780 floribus,
281 1723 385 1765 omnes
414 1701 453 1764 ad
481 1705 628 1784 privatam
657 1698 801 1762 laetitiam
835 1701 867 1755 et
925 1706 988 1760 tute
1005 1703 1192 1763 renascentis
1212 1686 1394 1784 reipublicae
1412 1704 1550 1784 suspicis
1569 1701 1640 1764 laeti
1660 1717 1728 1762 con·

59 1799 210 1883 publicam
239 1797 416 1860 bilaritatem
448 1804 534 1857 erant
564 1795 712 1856 conversi.
768 1788 867 1852 'Panto
923 1794 1097 1875 spiciamus.
1136 1793 1225 1856 Hauc
1244 1798 1408 1876 orationem
1431 1812 1610 1858 summorum
1637 1799 1669 1853 et
1687 1792 1728 1852 ia·

60 1914 150 1978 porro
171 1893 321 1954 bominum
340 1888 497 1952 multitudo
516 1892 545 1950 in
558 1887 660 1950 orbem
678 1883 869 1960 conbuxerat,
924 1883 1057 1947 timorum
1077 1887 1227 1949 bominum
1239 1888 1309 1950 laeti
1322 1890 1469 1952 clamores
1479 1886 1635 1950 subsecuti
1647 1890 1729 1958 sunt,

62 1995 97 2048 ut
117 1990 175 2048 nisi
195 1985 346 2065 Principis
367 1982 532 2056 satellites,
562 1984 612 2063 qui
632 1979 737 2042 urbem
762 1979 868 2042 armati
925 1987 958 2041 et
976 1983 1077 2042 statim
1096 2000 1204 2063 sparsa
1223 1989 1274 2042 est
1293 2003 1312 2044 a
1332 1981 1543 2064 quaestoribus
1566 1981 1598 2042 in
1621 1979 1728 2063 promi·

61 2088 94 2143 et
112 2081 249 2141 instructi
271 2075 489 2152 custodiebant,
508 2078 585 2136 viam
602 2071 748 2135 districtis
759 2067 869 2150 gladiis
925 2092 1030 2134 scuum
1057 2073 1165 2152 vulgos
1199 2074 1282 2154 larga
1312 2096 1400 2137 manu
1430 2083 1572 2156 argentea
1600 2080 1731 2138 monete.

62 2175 269 2256 aperuissent,
298 2173 365 2254 ipse
397 2189 493 2233 novus
518 2169 663 2250 Princeps
689 2163 729 2228 ad
758 2162 869 2245 templa
926 2165 1033 2248 Neque
1054 2164 1232 2228 Theodorus
1252 2187 1320 2229 mor
1339 2169 1475 2231 bomines
1494 2166 1611 2232 ieiellit.
1650 2165 1729 2229 Nara

64 2269 185 2328 minime
195 2263 345 2348 proticisci
356 2265 515 2345 potuisset.
533 2261 654 2322 latmim
673 2259 770 2320 omnia
782 2255 868 2318 tibia·
927 2267 959 2320 et
976 2258 1121 2321 Bieleium
1140 2257 1242 2323 iratris
1260 2267 1388 2324 nrtorera
1406 2263 1497 2326 erari.
1514 2271 1546 2326 et
1563 2261 1731 2346 pervicacis

65 2379 130 2422 rrrm
146 2361 258 2432 sonitu,
280 2364 312 2418 et
329 2354 465 2418 tubarum
476 2354 618 2435 clangore
627 2346 867 2436 perstrepebant
927 2354 1038 2432 ingenii
1062 2351 1227 2430 bominem,
1251 2358 1301 2436 qui
1327 2353 1478 2438 Principis
1498 2357 1599 2441 jussis
1619 2373 1727 2437 neque·

142 2451 307 2532 Postquam
326 2446 366 2510 ad
385 2451 494 2510 summi
512 2446 616 2529 tempii
632 2445 791 2525 vestigium
805 2462 870 2525 per·
928 2464 1016 2526 quam
1035 2444 1169 2527 parebat,
1189 2447 1219 2507 in
1239 2448 1345 2510 exsilio
1366 2470 1520 2514 remanere
1536 2452 1641 2533 jussit.
1667 2444 1730 2512 Ad·

66 2555 186 2610 ventum
207 2556 263 2618 est,
283 2549 438 2622 magnates
458 2542 605 2617 universi,
630 2558 707 2621 quos
732 2535 773 2598 illi
795 2534 870 2597 Cur·
924 2540 1002 2620 jecit
1026 2535 1136 2600 deinde
1161 2561 1261 2604 curam
1287 2561 1404 2605 omnem
1431 2540 1648 2626 componendis
1671 2561 1730 2606 res·

67 2661 122 2706 sos
142 2639 302 2723 appellant,
324 2633 484 2698 Tbeodoro
505 2632 622 2696 obviam
647 2628 796 2715 prodiere.
836 2630 869 2689 ln
928 2640 1049 2712 gnatum
1075 2635 1302 2709 connoversi'm,
1332 2643 1365 2698 et
1389 2657 1448 2698 uno
1478 2637 1567 2701 mmai
1597 2646 1732 2719 tempere

65 2738 133 2819 ipso
152 2732 263 2815 templo
283 2730 370 2793 bomo
390 2725 513 2810 grandis
532 2736 613 2799 natu,
632 2724 872 2803 bombyciusvs·
929 2733 1097 2806 nongentos
1119 2736 1152 2790 et
1177 2731 1298 2808 triginta
1324 2734 1460 2812 captivos
1484 2730 1614 2794 neemia
1632 2729 1732 2806 solvit,

65 2839 115 2892 ste
135 2828 174 2890 ab
195 2827 327 2888 humeris
346 2820 384 2883 ad
405 2822 485 2882 talos
505 2840 599 2900 usque
618 2815 871 2890 remuneratore,
929 2839 1053 2900 quoram
1072 2839 1131 2880 nen
1151 2840 1265 2902 paucos
1284 2821 1378 2884 nobili
1398 2827 1488 2885 etiam
1514 2843 1624 2904 genere
1643 2830 1732 2886 natos

67 2944 134 2986 eum
160 2918 332 2999 complexus
364 2923 421 2974 est.
461 2916 492 2973 ls
525 2921 591 2973 erat
620 2908 811 2991 Menopolita
841 2914 873 2968 et
930 2921 962 2972 et
980 2914 1089 2993 stipem
1109 2921 1251 2993 rogantes
1271 2933 1337 2976 mes
1362 2915 1394 2977 in
1419 2914 1508 2978 domo
1534 2915 1636 2979 babui.
1675 2914 1731 2978 Pe·

66 3033 219 3078 sacrorum
241 3010 398 3088 Princeps,
419 3009 508 3087 cujus
527 3025 685 3086 permagna
713 3011 761 3065 est
785 3005 816 3063 in
835 3019 870 3063 ea
930 3007 1026 3087 percit
1045 3008 1134 3068 etiam
1154 3006 1254 3069 uultis
1274 3009 1357 3070 noret
1379 3005 1640 3091 damnatis,un
1666 3027 1732 3092 pro·

67 3115 159 3188 gente
179 3105 354 3164 auctoritas.
395 3099 610 3162 'fabulationes
634 3100 663 3158 in
684 3094 782 3158 nredio
802 3101 872 3155 tem·
931 3119 1003 3180 pere
1021 3096 1196 3161 foedissimo
1222 3120 1343 3163 carcere
1373 3100 1500 3165 eductos
1525 3102 1659 3166 libertati
1682 3122 1732 3188 pa·

65 3201 118 3285 plo
139 3202 180 3259 ita
201 3204 286 3258 erant
304 3197 473 3265 institutae,
505 3201 538 3254 ut
568 3192 645 3254 aliae
675 3210 768 3272 super
796 3188 873 3251 alias
931 3194 1065 3274 iriaeque
1085 3195 1225 3263 restituit.
1246 3191 1417 3257 bauddobie
1435 3195 1504 3258 aliie
1523 3196 1660 3260 similiter
1684 3217 1733 3259 ue·

65 3292 106 3357 ad
119 3293 227 3354 theatri
241 3286 463 3350 similitudinem
473 3293 634 3360 exstarent,
654 3293 685 3347 et
700 3286 874 3346 eminerent
931 3287 1010 3346 niam
1031 3283 1165 3361 daturus,
1198 3288 1257 3348 nisi
1289 3287 1471 3368 paniosate
1497 3293 1593 3371 petris
1617 3288 1732 3372 judim‘e

66 3387 274 3449 Pavimentum
301 3389 366 3444 erat
390 3381 576 3464 pulcerrimis
612 3379 724 3461 tapetis
764 3379 872 3438 instra·
932 3376 1062 3440 damnati
1083 3382 1239 3460 periisent.
1278 3379 1413 3443 Eandem
1433 3402 1556 3462 prorsus
1575 3385 1665 3447 animi
1674 3405 1733 3447 ma·

68 3493 141 3553 tum,
169 3478 307 3539 similiter
332 3483 363 3536 et
383 3476 513 3555 parietes
534 3473 647 3534 aulaeis
667 3476 773 3535 sericis
799 3490 871 3534 auro
929 3471 1114 3554 gnitudinem
1146 3482 1179 3535 ct
1206 3472 1418 3554 benignitatem
1447 3495 1518 3557 erga
1541 3475 1735 3543 diseedemee

69 3573 235 3634 intertextis
262 3566 394 3629 obducti.
439 3565 573 3644 Magnus
597 3564 667 3625 Dux
692 3569 721 3624 in
747 3584 871 3627 scamno
930 3571 1068 3650 captivos
1088 3570 1224 3648 protinus
1244 3566 1388 3631 ostendit.
1426 3568 1505 3632 Nam
1525 3580 1559 3634 et
1575 3575 1684 3636 viatico
1701 3573 1735 3634 li·

69 3663 225 3744 magnifice
246 3667 351 3722 ornato
370 3656 506 3729 sedebat,
528 3666 558 3718 et
570 3655 679 3738 pileum
695 3677 872 3738 purpureum
930 3658 1120 3721 beraliseirrre
1140 3678 1194 3720 eos
1214 3679 1268 3740 per
1287 3660 1439 3724 Andream
1459 3662 1632 3741 Soicsnum,
1658 3663 1735 3728 Cen·

68 3777 142 3822 auro
163 3765 252 3837 atque
274 3754 398 3832 gemmis
418 3748 590 3812 distinctum
606 3752 704 3831 capite
716 3749 873 3830 gestabat:
931 3752 1083 3813 cellarium
1112 3770 1199 3813 suum
1234 3761 1414 3834 prosecutus
1444 3761 1507 3826 est,
1539 3765 1571 3818 et
1598 3757 1735 3837 singulos

10 3906 13 3935 Ι
69 3858 213 3930 vesteque
234 3844 425 3924 bombycina,
444 3843 545 3905 multis
572 3846 671 3906 aureis
696 3841 795 3905 bbulis
826 3864 872 3906 se·
931 3864 1052 3925 semper
1084 3852 1242 3920 centenos,
1272 3867 1310 3908 ne
1341 3849 1371 3907 in
1402 3854 1488 3910 tauta
1518 3845 1736 3913 discedentium

10 3984 17 4035 r
69 3940 198 4007 cundum
215 3946 326 4022 pectus
344 3936 464 4010 roten,
487 3944 552 3998 erat
575 3933 709 3997 indutus.
747 3936 794 3998 Es
823 3957 873 3999 an·
933 3934 1121 3999 multitudine
1140 3937 1248 3999 turbae
1268 3940 1424 4015 orirentur,
1449 3935 1613 4005 incolumes
1638 3961 1735 4026 oeque

10 4052 21 4137 'q
71 4036 151 4099 nolis
164 4051 302 4095 mannum
315 4031 440 4093 ammius
459 4050 640 4109 gemmarum
659 4028 873 4108 iulgoremica·
932 4029 972 4095 sd
992 4031 1125 4111 regionis
1144 4051 1219 4094 suae
1238 4029 1314 4093 tines
1341 4032 1477 4096 curribus
1504 4032 1612 4098 deduci
1628 4038 1734 4118 iusum

10 4164 23 4229 Ι
70 4129 131 4189 bat
171 4123 321 4188 Omnibus
341 4124 522 4184 inuomissis
541 4131 572 4184 et
590 4123 710 4185 silentio
726 4122 807 4202 dato,
825 4146 874 4190 sa·
933 4122 989 4187 llis
1011 4125 1092 4186 initis
1111 4128 1325 4207 susceptisque
1350 4127 1451 4202 rebus,
1472 4147 1561 4210 quum
1582 4129 1655 4193 nibil
1676 4128 1736 4192 sibi

10 4246 24 4325 q
70 4237 186 4282 crorum
227 4216 374 4298 Princeps
408 4214 448 4278 ad
477 4213 667 4278 'l'beodorrrm
699 4238 875 4300 conversus,
933 4217 979 4279 uei
1000 4219 1092 4278 tutius
1113 4217 1160 4278 rei
1179 4218 1335 4282 Ιιοιιωιίω
1355 4241 1426 4284 esee
1441 4219 1608 4303 judicaret,
1631 4220 1671 4287 ad
1690 4244 1735 4286 re·

10 4352 25 4415 ι
70 4313 209 4384 Domine,
230 4312 334 4389 inquit,
355 4308 593 4389 etliagncllur,
613 4315 644 4370 et
663 4302 764 4374 filr'mi
777 4335 874 4378 aman·
932 4306 1099 4374 novandum
1132 4331 1199 4374 cuer
1223 4312 1405 4377 Polonorum
1425 4314 1511 4396 ilege
1538 4315 1646 4381 foedus
1675 4322 1736 4382 aui·

10 4441 22 4507 q
70 4408 198 4478 tissime,
227 4405 292 4483 jan
323 4403 528 4466 immortalium
548 4404 678 4464 Deorum
698 4403 768 4478 iata,
798 4428 875 4489 quae
933 4423 1011 4466 mum
1032 4408 1189 4482 movendi,
1221 4403 1301 4487 quod
1330 4405 1428 4472 adbric
1459 4407 1579 4492 quidem
1611 4432 1648 4474 es
1678 4413 1735 4474 liei

10 4546 16 4593 q
71 4502 151 4562 omni
181 4497 308 4557 bumana
340 4499 454 4558 radone
480 4496 688 4559 vehementius
712 4499 875 4580 impellunt,
932 4497 1091 4562 clementia
1110 4501 1311 4583 incorruptum
1329 4511 1474 4578 serram,
1493 4511 1584 4585 utque
1602 4499 1655 4563 diu
1674 4522 1736 4563 eer-

10 4632 15 4677 ,
70 4601 103 4654 te
128 4593 157 4650 in
184 4589 330 4651 altissimo
357 4586 511 4669 dignitatis
535 4589 655 4670 neugio
684 4591 875 4672 collocarunt,
933 4599 1027 4666 uetur,
1047 4589 1080 4653 id
1100 4612 1170 4655 vero
1190 4611 1325 4656 summus
1351 4602 1382 4657 et
1407 4595 1550 4658 coelestis
1575 4602 1663 4675 pater
1685 4593 1735 4658 be·

71 4706 132 4748 non
151 4692 184 4745 nt
204 4701 323 4765 premas
343 4691 422 4755 tuos,
440 4680 497 4744 sed
516 4692 548 4744 ut
567 4683 699 4746 releves:
740 4708 799 4748 non
825 4686 875 4751 de·
934 4687 1025 4765 trigue
1043 4685 1124 4746 uelit.
1164 4684 1264 4748 Nobis
1289 4690 1366 4748 euim
1386 4692 1435 4768 qui
1461 4687 1608 4751 barbaros
1631 4688 1735 4752 merul·

71 4791 201 4853 vorator,
221 4772 411 4858 sedpatriae
431 4773 664 4838 defensorem
691 4776 800 4841 debes:
826 4801 875 4843 ae·
934 4787 994 4853 tus,
1014 4781 1084 4849 vim,
1101 4775 1234 4855 caedem,
1256 4778 1362 4840 tamem
1383 4782 1593 4842 etvastitaten
1608 4781 1674 4860 jem
1689 4803 1738 4846 se·

72 4870 192 4950 quabile
208 4873 261 4950 jus
283 4869 419 4930 omnibus
446 4867 547 4944 dices,
573 4869 821 4954 maximorumque
846 4882 878 4936 et
936 4872 977 4932 tis
999 4868 1050 4930 diu
1070 4873 1251 4952 mpeximrrs,
1269 4875 1392 4954 peremi
1411 4881 1443 4934 et
1462 4892 1552 4935 aurea
1572 4893 1648 4956 paee
1663 4875 1735 4938 nibil

73 4966 250 5044 optinorum
270 4962 386 5045 Regum
407 4961 540 5043 exempla
559 4960 613 5024 tibi
632 4963 785 5043 sequenda
811 4987 876 5049 pre.
936 4963 1049 5041 utilius,
1062 4963 1367 5044 nibiloptstioe,nibil
1380 4963 1733 5051 jucundiususepotest.
