3742 5626
99 366 185 409 ame
203 318 400 427 sadqrissine,
426 343 506 424 qnod
524 349 613 404 antea
634 344 779 413 fecerant,
803 342 903 422 petiis·

98 446 178 511 sent,
198 446 232 500 ut
250 441 279 501 si
301 438 382 499 anlla
401 438 488 518 pacis
508 436 568 497 alia
586 438 662 497 ratio
681 442 781 505 essct,
799 434 904 495 decem

99 532 176 607 dies,
197 533 235 593 de
255 533 463 612 quihusantca
476 528 513 587 V.
529 529 767 607 magnificentiae
786 528 905 609 scripsi,

99 628 224 705 assequi
250 630 392 704 possent,
420 629 455 683 ut
479 622 519 682 ad
544 622 689 701 lllagaun
714 622 829 683 Ducem
860 642 905 680 rc·

99 722 233 782 scribere
252 722 395 798 pressent,
422 736 459 775 ac
479 735 653 795 responsum
674 715 800 777 haberet
826 734 905 774 curn·

100 834 159 893 que
183 832 247 873 earn
273 831 358 891 spem
385 828 511 890 prorsus
531 810 591 868 illis
612 808 807 878 ademissern,
833 807 903 886 quin

99 926 170 967 vero
194 906 266 965 item
293 902 491 985 adjecissem,
522 906 644 982 paratos
675 921 747 962 esso
777 900 904 980 equites,

99 1000 150 1079 qui
175 1018 230 1057 eos
257 998 387 1057 crastina
411 995 461 1056 die
486 995 629 1055 reducant
653 997 683 1055 in
709 994 904 1062 hloscovian,

100 1112 194 1173 saepo
207 1091 449 1169 ingemiscentes,
468 1108 504 1149 sc
525 1089 621 1149 [leura
640 1089 743 1147 testari
757 1086 904 1155 dixerunt,

100 1205 155 1265 per
173 1205 209 1245 so
229 1203 288 1244 non
309 1192 400 1252 stare,
421 1184 491 1261 quia
512 1182 688 1263 plusquam
708 1182 814 1261 aeqnis
835 1158 903 1239 corl-

100 1276 262 1339 ditionibns
287 1298 347 1357 pax
367 1276 522 1336 coirisscta
551 1294 674 1355 sperare
693 1294 745 1345 se,
770 1273 904 1355 ejusden

99 1371 265 1451 patrocinio
285 1368 416 1446 Virginis
434 1368 565 1443 Mariae,
586 1369 626 1427 oh
645 1370 733 1450 cujus
753 1366 904 1436 honorem,

100 1474 132 1523 ct
155 1463 297 1543 templum
328 1465 422 1541 ipsam
448 1468 561 1522 teritum
592 1463 622 1521 in
652 1460 779 1521 Livonia
807 1459 904 1520 Novo·

99 1554 233 1635 gurdiani
252 1554 424 1615 lairouicarn
445 1560 588 1635 peterent,
609 1554 707 1614 Deum
728 1574 787 1613 noa
807 1552 905 1611 ninus

100 1670 154 1731 pro
174 1648 292 1710 hloscis
311 1658 515 1729 pugnaturum,
535 1669 621 1728 quarn
644 1668 683 1707 ex
701 1666 771 1707 arce
785 1646 904 1705 l'etzuri

101 1742 222 1813 lecerat,
243 1744 294 1803 ubi
313 1742 419 1803 eadem
439 1742 622 1803 Beatissimo
633 1739 723 1817 Virgo
736 1737 904 1817 magnalia·

100 1836 188 1897 betur
210 1838 240 1897 ia
267 1837 466 1896 veneratione.
511 1834 655 1895 Dolnisse
686 1839 785 1893 autem
816 1832 903 1891 veho·

99 1936 227 2002 nenter,
247 1928 389 2008 hlagnuur
408 1950 508 1989 eornm
529 1928 705 1997 llominum,
727 1924 806 2005 quod
828 1924 903 1987 ller-

99 2029 200 2103 patum
229 2024 288 2084 sibi
316 2028 401 2083 esset
431 2020 661 2093 restituendum,
690 2020 720 2078 in
750 2038 809 2098 qno
837 2038 902 2077 ema

100 2117 210 2179 cultam
230 2116 372 2177 Divinum
392 2116 587 2189 instituisset,
608 2112 772 2183 Vladicma,
792 2111 903 2191 l’opos,

100 2216 131 2271 et
149 2210 339 2292 Archipapas
364 2210 587 2276 constituisset,
619 2206 738 2266 ridebat
763 2205 841 2275 lure,
871 2210 903 2263 ut

99 2304 200 2363 statim
225 2302 404 2377 bulherum,
435 2308 467 2362 et
492 2301 541 2361 alii
567 2300 708 2360 haeretici
734 2300 773 2359 ilri
794 2298 901 2379 pedem

101 2403 207 2457 esseut
226 2397 325 2456 linari:
351 2402 382 2457 el
400 2395 522 2476 templa,
541 2395 668 2472 piasque
690 2394 851 2470 imagines,
871 2397 904 2449 ut

99 2489 210 2569 passim
232 2488 379 2559 lecerunt,
400 2488 575 2548 dennrlitari.
617 2486 842 2559 l'enrmlaracn,
865 2504 902 2542 ne

99 2583 224 2661 aarrgrds
250 2580 441 2643 Christianus
466 2580 652 2651 l'underatnr,
684 2581 821 2639 cessisse
840 2576 903 2637 llla-

98 2696 188 2755 ganm
203 2676 356 2735 [torminum
377 2676 405 2733 ei
421 2672 585 2733 desiderio:
605 2672 661 2733 sed
675 2672 773 2733 Deum
787 2674 902 2753 justum

98 2768 251 2839 ludicen,
282 2770 332 2847 qai
356 2768 467 2841 aulert',
498 2773 529 2827 et
554 2768 657 2828 statuit
677 2766 799 2843 Regna,
830 2784 903 2824 csse

98 2864 159 2923 ista
184 2862 327 2931 ulturum,
359 2864 387 2921 in
416 2884 502 2941 quem
532 2880 653 2922 causam
679 2880 763 2919 saara
784 2859 903 2917 omnino

98 2958 277 3037 rejecerantr
298 2977 365 3015 cmn
380 2955 498 3015 tandem
510 2976 570 3014 aon
581 2956 678 3013 minus
690 2953 805 3013 laturus
818 2956 902 3011 essct

99 3050 129 3107 in
153 3051 246 3109 aruris
270 3048 402 3126 lllagnus
423 3050 504 3117 llux,
531 3068 617 3126 quarn
643 3046 815 3125 Stephanus
834 3045 902 3103 Rex

100 3141 218 3201 linisset.
259 3140 433 3222 Respondi,
454 3140 639 3218 Stephanum
659 3139 792 3217 Regem,
812 3145 843 3199 et
863 3137 900 3197 V.

100 3234 137 3295 ll.
159 3234 201 3295 Μ.
229 3236 431 3315 plurimosque
457 3233 589 3293 Poloaos
618 3253 690 3293 esso
717 3232 901 3301 Catholicae,

99 3333 180 3387 staro
199 3330 380 3387 sententiam
400 3327 514 3403 Regni,
535 3348 573 3387 aa
592 3325 664 3403 qnid
684 3324 829 3406 ejusmodi
850 3324 900 3383 ad-

99 3440 208 3479 versus
234 3420 345 3496 templa
370 3420 606 3498 Sanctorumqnc
632 3418 759 3476 debitam
781 3437 901 3475 venera·

97 3513 207 3571 tionem
228 3517 440 3589 consequatur,
465 3511 522 3569 sed
548 3512 700 3570 rectiorem
725 3509 824 3570 adhuc
842 3509 902 3568 cul·

98 3612 173 3675 turn,
200 3605 230 3663 id
252 3610 315 3680 est,
343 3604 530 3664 Catholicum
557 3605 585 3664 in
605 3603 731 3663 hironia
751 3622 823 3663 esse
842 3608 901 3663 sta·

691 176 910 241 ANTOMUS
929 175 1198 239 Possnvm'us

1064 342 1306 419 sennar
1329 340 1687 439 zamoscro,

1133 488 1326 535 ANTONIUS
1353 486 1628 535 Passerinus.
1756 490 1759 497 '

1040 628 1077 691 Ι).
1103 627 1237 689 Thomas
1267 627 1402 690 reddidit
1429 625 1510 687 mihi
1549 624 1670 685 litteras
1691 624 1750 685 l'.l

963 720 1004 779 Μ.
1027 741 1063 779 eo
1080 720 1288 803 jucundiores,
1308 720 1390 801 quod
1416 718 1572 781 intellexi
1594 716 1662 778 Nor

962 812 1137 884 Lironicae,
1157 816 1327 895 ceterisque
1339 816 1369 875 ia
1389 815 1529 877 arcibus
1554 830 1618 871 non
1689 814 1696 827 “

963 905 1074 966 cultam
1094 906 1160 967 lieo
1180 906 1327 983 dehitnn,
1359 927 1399 969 ac
1420 906 1649 969 Beatissimae
1668 904 1699 961 l·
1723 908 1744 921 ''

962 1001 1180 1061 venerationem
1201 1002 1264 1061 lorc
1281 1000 1365 1061 cordi
1386 1000 1429 1060 V.
1446 1000 1490 1059 n.
1509 998 1564 1060 Μ.
1586 1018 1658 1059 cura
1674 1000 1748 1079 pri-

963 1092 1125 1153 Liroaicao
1144 1092 1214 1155 illae
1232 1114 1320 1155 arces
1339 1093 1465 1173 Regino
1490 1093 1662 1175 hlajeslati
1680 1092 1746 1151 mla

962 1196 1019 1245 tur.
1061 1188 1201 1247 Ceteram
1222 1185 1261 1247 dc
1280 1185 1395 1247 l'clisio
1419 1192 1523 1267 capnt
1549 1184 1686 1246 mental

962 1280 1062 1340 lllosci
1081 1280 1186 1352 obtuli,
1203 1286 1238 1340 ut
1256 1280 1335 1340 illam
1348 1300 1452 1341 arce·
1467 1279 1561 1357 Regi
1585 1278 1748 1358 relinquerer

965 1392 1012 1431 arc
1031 1373 1185 1452 inquiens,
1215 1372 1264 1433 rel
1293 1374 1360 1455 ipso
1389 1375 1477 1433 ritae
1507 1393 1610 1433 meae
1631 1372 1660 1431 d'
1702 1372 1733 1387 ‘⁸

964 1462 1070 1525 Mosco
1096 1472 1283 1545 purgaturum
1314 1466 1398 1537 illos,
1430 1468 1463 1527 si
1494 1466 1582 1547 quid
1616 1465 1674 1526 hac
1697 1466 1719 1523 ir

964 1558 1133 1618 mandatum
1172 1561 1320 1641 Principis
1364 1560 1412 1619 sui
1455 1560 1746 1637 praetergrederealr

964 1650 1041 1711 l'ost
1068 1651 1161 1711 multa
1186 1672 1223 1711 eo
1244 1658 1364 1712 ventum
1391 1658 1460 1727 cst,
1487 1658 1528 1713 ut
1554 1654 1699 1713 l'elisiun
1713 1652 1749 1709 he

962 1764 1045 1822 gruna
1071 1751 1191 1804 maneat
1216 1744 1310 1825 Regi:
1339 1744 1411 1817 sed,
1445 1752 1483 1807 ut
1513 1746 1702 1806 Sehieszuu
1721 1758 1750 1803 s*

963 1838 1034 1897 item
1053 1838 1199 1915 integrum
1219 1838 1331 1917 hlagno
1350 1840 1447 1915 Ituci,
1476 1840 1548 1900 nisi
1574 1836 1750 1899 l'elisianh·

963 1931 1069 2001 hennt,
1094 1941 1147 1991 aut
1173 1938 1332 1991 avertatur.
1370 1931 1440 1993 dan
1471 1952 1550 1991 cunr
1580 1952 1644 2011 ego
1668 1944 1750 1989 neus

963 2024 1157 2083 serenissimi
1178 2024 1274 2101 Regis
1297 2022 1355 2084 hac
1380 2024 1419 2084 de
1441 2046 1477 2085 re
1498 2038 1699 2107 perspecta·
1715 2042 1750 2081 rs

963 2137 1110 2197 nrrnqnam
1136 2116 1305 2192 habuerim,
1331 2138 1422 2198 spero
1451 2118 1484 2178 id
1513 2120 1678 2197 negotium
1702 2116 1753 2175 noli

963 2232 1021 2269 oon
1042 2210 1258 2285 exhibiturum,
1283 2211 1310 2271 sl
1332 2210 1392 2270 alia
1408 2214 1652 2281 successerint,
1673 2218 1702 2271 ut
1717 2230 1754 2267 aa

962 2304 1100 2364 tortassis
1129 2305 1159 2363 in
1193 2305 1311 2363 rrornine
1338 2303 1414 2363 Jcsn
1447 2304 1670 2365 absolventur.
1716 2304 1755 2362 &a

960 2397 1037 2475 Regi
1058 2398 1182 2468 lirissa,
1202 2396 1380 2457 Sebiesaum
1402 2394 1525 2473 lllagno
1551 2396 1651 2469 Daci,
1669 2396 1755 2471 deqr'

962 2492 1033 2561 hus,
1054 2490 1123 2550 Deo
1143 2489 1250 2565 dante,
1269 2490 1299 2549 in
1320 2488 1415 2549 reditu
1437 2488 1470 2547 in
1496 2490 1695 2551 Muscarium
1717 2510 1756 2545 ne

961 2602 1058 2661 agam,
1081 2583 1106 2641 si
1126 2602 1185 2662 qua
1205 2584 1317 2643 ratione
1336 2592 1462 2661 potuero
1486 2584 1654 2655 evincere,
1673 2590 1701 2641 ut
1717 2582 1757 2635 nn

961 2696 1051 2751 voce,
1078 2676 1210 2736 rationes
1230 2677 1310 2736 illan
1330 2694 1413 2734 meac
1432 2672 1473 2733 ad
1499 2686 1673 2757 utramque
1689 2692 1757 2735 am

962 2769 1028 2829 solo
1057 2768 1241 2847 aequandam
1272 2774 1476 2849 permoveant.
1534 2768 1641 2839 Quod
1672 2770 1696 2825 si
1720 2788 1757 2843 pn

962 2862 1026 2935 liel,
1046 2860 1125 2920 illico
1146 2860 1357 2921 Perconieasis
1378 2860 1542 2921 Palatinus
1571 2861 1726 2923 l'orroria.
1739 2870 1758 2913 n

960 2956 1091 3034 quinique
1110 2953 1160 3013 alii
1180 2953 1369 3031 Norogardia
1383 2952 1517 3031 Magna,
1539 2958 1646 3015 unius
1664 2954 1718 3013 diei
1732 2970 1758 3007 ar

961 3049 1057 3107 noctis
1083 3048 1197 3127 spatio,
1224 3052 1428 3115 secernentur,
1456 3050 1492 3104 ut
1520 3068 1626 3109 arces
1648 3046 1758 3109 liranis

961 3140 1086 3210 dedant,
1106 3148 1212 3220 captas
1231 3146 1328 3199 antem
1349 3160 1368 3200 a
1387 3138 1477 3215 Rege
1499 3144 1684 3220 accipiant,
1704 3138 1758 3197 lali*

960 3256 978 3296 a
999 3233 1036 3292 V.
1057 3232 1095 3293 l).
1116 3234 1158 3295 hl.
1178 3234 1316 3293 fidelihus
1336 3233 1424 3301 viris,
1451 3252 1509 3311 per
1530 3254 1623 3313 quos
1649 3236 1704 3295 isla
1719 3250 1757 3311 pfl·

960 3333 1093 3407 agantur.
1145 3328 1240 3406 Ajunt
1270 3331 1367 3385 aulen
1394 3324 1492 3385 hlosei
1523 3325 1656 3387 distare
1682 3326 1757 3386 sas

960 3440 1044 3481 saum
1064 3418 1170 3479 Drissa
1194 3428 1312 3478 centum
1339 3418 1456 3477 rerstis.
1500 3418 1539 3478 Si
1572 3418 1759 3481 stetissetis

960 3514 1138 3591 Dcrpatum.
1164 3531 1364 3572 concessuros
1390 3510 1502 3581 luisse,
1533 3524 1572 3571 ut
1604 3516 1759 3573 Selrierrur

960 3605 1026 3666 solo
1046 3614 1232 3684 aequaretur.
1273 3602 1410 3675 Quodsi
1431 3602 1504 3682 quid
1528 3605 1619 3667 lucis
1633 3606 1762 3688 amphori·

98 3698 249 3759 tuendum.
288 3696 376 3769 Quae
398 3718 464 3757 cura
484 3698 639 3769 dixissem,
659 3698 751 3758 sulriit
772 3699 899 3757 aninum
960 3699 999 3760 ad
1019 3720 1069 3770 ca,
1096 3698 1307 3776 somniantque
1332 3694 1557 3768 conditionum,
1593 3722 1616 3760 a
1648 3720 1697 3760 nne
1714 3702 1762 3759 nie

98 3813 195 3853 meum
220 3793 376 3869 cogitatio,
406 3812 475 3853 rrum
499 3793 576 3851 inter
600 3793 686 3873 pacis
714 3789 900 3851 conditiones
962 3814 1043 3865 som,
1071 3812 1089 3852 a
1115 3790 1154 3850 V.
1175 3792 1213 3852 ll.
1235 3791 1276 3851 Μ.
1296 3791 1501 3871 accepissem,
1530 3790 1646 3871 aliqna
1674 3794 1763 3853 loma

99 3908 136 3947 en
155 3886 316 3945 inserenda
336 3891 429 3959 essct,
451 3891 512 3945 tum
534 3884 572 3945 ad
593 3884 778 3945 indicandam
794 3882 900 3942 mundo
960 3885 997 3947 nd
1019 3884 1235 3962 expediendum
1260 3883 1388 3943 celerius
1408 3889 1504 3941 lotam
1529 3889 1709 3961 negotium.
1731 3886 1764 3943 li·

98 3980 290 4041 Serenissirni
312 3978 410 4056 Regis
430 3980 568 4058 pietaten
589 3983 647 4037 lura
668 3984 700 4037 al
719 3978 844 4053 milites,
871 3978 900 4036 in
960 3980 1066 4039 litteris
1096 3977 1208 4037 addere
1236 3979 1412 4057 potuissem.
1460 3974 1531 4035 Sed
1566 3998 1633 4037 non
1669 3980 1763 4039 dalrin.
1809 3972 1811 3995 '

98 4074 246 4151 praesidia
265 4072 451 4152 imponendi,
471 4072 509 4131 ah
529 4092 566 4131 co
586 4070 801 4140 cohiberentur,
822 4069 900 4149 quod
959 4074 1028 4152 qnia
1050 4072 1147 4130 omnia
1168 4070 1291 4147 Legalis
1310 4069 1474 4151 perscripta
1493 4068 1577 4127 sint:
1605 4072 1680 4131 lloe
1692 4092 1762 4133 unua

98 4176 180 4224 certe
205 4166 408 4235 Christianos,
440 4172 529 4243 atquc
556 4164 633 4226 adeo
659 4164 795 4224 ethnicos
821 4162 900 4223 haud
959 4165 1070 4236 dicam,
1100 4184 1221 4244 sperare
1246 4184 1293 4223 me
1320 4162 1358 4223 dc
1385 4160 1620 4237 lllagnilrceatia
1645 4164 1685 4225 V.
1712 4184 1762 4223 ean

98 4256 195 4316 decet.
237 4260 385 4329 Ceterum,
404 4279 468 4318 curn
489 4258 558 4317 illos
576 4258 684 4317 acriter
703 4257 900 4328 admonerem,
953 4261 1124 4341 jussurum,
1150 4263 1182 4317 nt
1202 4263 1313 4317 matare
1333 4254 1456 4321 Cosam,
1486 4258 1518 4311 et
1540 4256 1657 4336 reliqui
1678 4260 1718 4318 illi
1736 4254 1762 4315 al

97 4370 136 4408 no
156 4351 288 4410 sinerent
307 4354 377 4412 item
398 4354 456 4433 ipsi
481 4372 569 4411 naam
595 4352 634 4410 oh
653 4371 750 4410 arcera
770 4352 900 4411 occasio·
959 4352 1133 4428 sanguinem
1153 4349 1333 4410 fundendum
1354 4349 1522 4426 proniores,
1553 4350 1583 4407 si
1606 4352 1724 4413 cibum.
1741 4366 1761 4407 s

98 4462 165 4501 nem
185 4444 243 4502 sihi
264 4445 340 4505 adeo
354 4445 536 4505 commodam
558 4445 645 4519 elohi,
666 4446 766 4505 mitius
780 4464 901 4523 respon·
957 4444 1017 4506 alia
1036 4444 1141 4513 velint,
1157 4446 1219 4525 janu
1239 4463 1257 4503 a
1277 4442 1391 4523 pueris,
1411 4446 1441 4500 et
1460 4441 1605 4511 innoxiis,
1629 4464 1690 4503 nec
1708 4444 1761 4503 nil

97 4536 212 4594 demnt.
255 4540 356 4608 llaare
381 4541 411 4599 in
440 4540 591 4617 negotium
617 4538 844 4598 incumbendum
863 4557 901 4598 ea
959 4539 1072 4599 turilias
1098 4534 1269 4596 hominihus
1291 4554 1396 4594 manns
1415 4534 1609 4596 abstineant:
1642 4558 1683 4597 no
1705 4536 1758 4595 dur

96 4629 224 4695 ratione.
257 4654 314 4711 qna
349 4632 457 4713 scripsi
491 4633 608 4691 omrrino
642 4640 705 4700 est,
739 4652 774 4689 ac
805 4630 901 4689 omnis
959 4636 1060 4711 patant
1081 4632 1213 4689 incutere
1233 4628 1315 4688 hosti
1336 4634 1491 4696 terrorem,
1520 4626 1755 4708 desperatio-er

96 4724 262 4793 cunctatio,
293 4726 382 4787 rebus
407 4728 472 4807 jam
500 4726 578 4787 satis
606 4725 817 4805 corripiamus,
847 4724 900 4783 tul·
958 4723 1100 4797 inierant,
1127 4723 1270 4801 laesaque
1290 4722 1445 4802 patientia,
1472 4720 1521 4779 liat
1546 4720 1644 4782 luror.
1684 4716 1753 4791 Quod

96 4818 183 4878 lenda
205 4822 261 4877 est.
958 4820 985 4877 si
1012 4816 1049 4879 l'.
1075 4816 1315 4895 allagniliccntiac
1341 4816 1434 4873 risam
1456 4812 1560 4887 suerit,
1588 4822 1625 4875 nt
1655 4818 1715 4878 hiat
1730 4814 1757 4869 io

959 4923 1058 4971 castra
1090 4908 1196 4969 nobilia
1228 4908 1337 4986 aliquis
1368 4905 1496 4966 llloscns
1527 4908 1684 4977 mittatur.
1710 4908 1759 4987 qui.

960 5010 1032 5085 post
1057 5005 1224 5086 juramento
1254 5000 1428 5077 lingularum
1465 5000 1615 5069 sancitam
1656 5022 1760 5083 paeon.

961 5096 1204 5156 Plenenriensern
1226 5091 1390 5154 l’alotinun
1418 5091 1457 5150 dc
1478 5096 1539 5151 tola
1561 5112 1613 5159 re.
1642 5100 1759 5155 eruca·

960 5211 997 5252 ca
1023 5190 1088 5269 ipsa
1114 5190 1232 5250 civitate
1256 5186 1370 5265 aliquo,
1395 5206 1491 5246 corun
1511 5184 1550 5244 V.
1575 5188 1615 5247 l).
1640 5186 1686 5247 Μ.
1707 5204 1759 5245 oer-
