3742 5626
770 126 1037 186 commentatae.
1698 133 1734 191 ⁸0

928 281 996 343 dein
1028 287 1180 365 sequenti,
1213 288 1262 366 qui
1290 292 1353 347 erat
1369 285 1463 357 erra,
1489 294 1614 349 secutos
1640 291 1729 353 vieto
1795 264 1800 283 ⁵

300 351 361 451 BE
393 355 642 456 TARTARIS,
926 376 1009 446 riam,
1031 378 1059 435 io
1079 377 1262 439 dioscoriam
1281 399 1378 458 usque
1389 379 1529 459 pervenit,
1549 381 1653 442 urbem
1664 380 1724 442 Rs·

924 469 1002 545 giem
1041 469 1209 549 aliquandiu
1249 472 1408 532 obsessam
1449 492 1503 553 per
1540 470 1721 533 deditionem

141 560 187 619 Oc
209 559 351 630 'samaria
372 581 531 640 corumque
551 563 671 639 origine,
694 571 809 640 practer
830 580 866 619 ea
926 559 1045 621 tandem
1066 565 1196 642 acecpit:
1224 563 1279 624 sed
1305 563 1364 624 uda
1389 583 1475 642 quam
1502 563 1641 634 dederet,
1667 583 1725 624 uon

60 672 139 730 quac
166 654 194 710 in
217 654 383 712 Annalibus
410 653 598 725 Polonornrn‚
629 661 659 713 et
685 654 802 714 duobus
828 653 866 712 de
925 659 1052 723 servate,
1073 656 1209 715 omnibus
1228 659 1336 728 eaesis,
1356 657 1432 716 ultra
1453 675 1640 734 progressae,
1660 659 1727 717 vici·

61 746 221 804 Sarmatiis
260 745 368 805 libellis
401 749 604 817 continentur,
642 748 721 807 multi
752 748 865 828 passim
925 766 980 806 nas
1001 749 1178 827 provincias,
1200 748 1435 819 Volodimeriam,
1463 749 1643 819 Pereaslaw,
1668 747 1730 809 Ro-

62 836 153 896 multa
177 840 339 918 scripsere:
367 859 444 918 queo
471 839 528 898 boc
554 843 621 900 loco
641 851 786 920 repetere,
807 859 865 897 ma·
925 845 1011 908 stow,
1032 840 1165 912 Susdeli,
1192 843 1400 920 compluraque
1428 847 1525 901 cestra
1552 846 1582 900 et
1609 841 1730 921 oppida,

60 929 109 1006 gis
127 931 289 991 taediosum
311 950 399 1011 quem
425 932 498 992 utile
518 943 613 996 esset.
654 932 742 1004 Quae
769 936 863 992 autem
926 935 1035 1004 caesis,
1055 938 1107 994 eut
1124 935 1155 992 in
1176 935 1347 994 servitutem
1368 933 1504 993 abductis
1529 933 1728 994 inhabitatori·

61 1022 127 1100 ipse
153 1023 182 1082 in
210 1022 416 1084 Ruthenorum
452 1024 623 1095 annalibus,
649 1024 866 1101 multorumque
925 1026 991 1096 bus,
1012 1029 1143 1087 exussit:
1163 1025 1322 1103 Georgium
1338 1045 1476 1103 magnum
1487 1025 1601 1085 Ducem
1624 1027 1729 1086 instru-
1820 1062 1823 1066 ·

59 1111 204 1175 hominum
225 1119 369 1178 relatione
390 1119 523 1194 cognovi,
544 1120 648 1197 paucis
668 1113 867 1177 adscribenda
926 1122 972 1175 eto
993 1121 1123 1179 exercitu
1145 1118 1202 1178 sibi
1222 1123 1423 1178 occurrentem
1444 1119 1616 1197 profligavit,
1636 1125 1667 1178 ct
1681 1136 1730 1178 oc·

59 1209 173 1268 censui.
210 1210 304 1290 Ajuut
324 1209 514 1269 bloabitcnos
534 1211 668 1288 populos,
690 1210 740 1287 qui
761 1215 868 1283 postes
925 1207 1011 1269 cidit:
1031 1209 1175 1270 Basiliam
1200 1211 1269 1270 ltem
1290 1210 1489 1281 Constantini,
1517 1211 1661 1289 captivum
1680 1230 1729 1273 se·

59 1299 174 1359 Tartari
201 1300 272 1360 dicti
299 1309 387 1369 sunt,
419 1300 554 1360 homines
580 1300 696 1378 lingua,
724 1299 866 1367 moribus,
926 1320 990 1360 cum
1010 1301 1139 1371 abduxit,
1161 1304 1362 1381 intermitque;
1390 1323 1466 1382 quae
1487 1305 1602 1374 omnia,
1628 1309 1661 1362 ut
1680 1321 1728 1362 srr·

59 1381 222 1469 habituque
244 1413 262 1450 n
283 1391 459 1471 reliquorum
486 1392 634 1450 bominum
660 1393 716 1451 ritu
742 1410 866 1451 consuo·
926 1411 980 1472 pre
999 1392 1108 1452 dictum
1128 1399 1185 1463 est,
1212 1415 1289 1454 enno
1315 1396 1413 1455 mundi
1435 1396 1522 1458 6745.
1543 1399 1729 1473 gestasset.

59 1483 224 1562 rudineque
252 1483 446 1552 dissidentes,
472 1483 510 1544 ad
536 1483 654 1543 durium
681 1482 777 1543 Callra
802 1502 865 1563 per·
924 1485 1031 1545 Abeo
1051 1493 1183 1567 ternpore
1203 1506 1306 1546 omnes
1327 1487 1542 1549 lereRussiae
1567 1489 1729 1568 principes,

61 1577 198 1636 venisse:
215 1578 268 1654 qui
289 1576 367 1635 undo
386 1577 550 1644 venissent,
571 1595 629 1654 que
645 1575 795 1652 religionis
816 1573 865 1634 do·
924 1598 943 1637 a
969 1576 1103 1640 Tartaris
1133 1578 1395 1654 inunguebantur,
1431 1579 1551 1658 illisque
1574 1580 1728 1658 parebant,

59 1674 157 1743 gmate
170 1674 329 1737 uterentur,
343 1668 481 1728 omnibns
494 1669 623 1745 ignotum
636 1666 741 1728 luisse.
764 1666 865 1737 Quan-
925 1689 1022 1748 usque
1042 1669 1080 1728 ad
1102 1667 1254 1729 Vitoldum
1274 1690 1412 1748 magnum
1424 1669 1730 1730 LitbuanieeDueem

57 1778 149 1836 quem
170 1780 188 1820 a
208 1760 384 1839 quibusdem
406 1759 583 1829 Taurimeni,
608 1760 647 1819 ab
671 1760 740 1819 eliis
761 1758 864 1818 Picze·
923 1763 972 1842 qui
993 1762 1161 1840 provincias
1182 1781 1271 1832 sues,
1298 1768 1425 1840 atquae
1451 1763 1480 1821 in
1500 1761 1615 1822 Russia
1644 1781 1730 1822 oecu-

63 1852 140 1927 negi,
167 1852 234 1911 eliis
254 1852 312 1912 alio
334 1854 451 1912 nomine
477 1852 703 1932 appellarentur.
748 1849 863 1912 bletbo-
923 1859 1052 1932 paveret,
1082 1853 1308 1914 aTartarorum
1333 1855 1423 1914 armis
1447 1854 1562 1914 sortiter
1589 1853 1730 1925 defendit,

57 1942 125 2003 dius
146 1941 308 2004 Pataneclri
329 1947 499 2025 episcopus,
520 1965 558 2004 ex
577 1943 739 2004 deutrislrie
760 1942 859 2003 deser-

56 2037 98 2095 tis
124 2037 199 2096 inter
226 2038 465 2118 Septentrionem
494 2043 524 2096 et
550 2036 704 2096 Orientem
725 2055 780 2095 eos
799 2054 864 2116 pro·

57 2131 198 2189 cessisse
218 2130 299 2190 dicit:
321 2149 504 2209 causamque
523 2129 706 2206 migrationis
721 2128 809 2187 telem
822 2146 866 2186 re·

59 2222 127 2283 lert.
152 2222 324 2282 Gedeonem
338 2222 494 2300 quenulam,
515 2222 599 2303 primi
621 2222 748 2280 nominis
762 2222 866 2290 virum,

47 2320 198 2374 terrorem
223 2316 299 2395 ipsis
327 2314 445 2374 detine
467 2312 582 2384 nundi,
608 2333 692 2392 qaern
714 2314 865 2373 imminere

58 2405 192 2476 dicebat,
221 2407 397 2486 quandoque
418 2402 586 2488 'injecisset
621 2406 708 2484 cujus
733 2406 865 2464 oratione

58 2497 180 2568 inducti,
202 2519 240 2560 ne
260 2499 463 2579 amplissimae
474 2500 555 2559 orbis
575 2518 651 2579 opes
671 2514 737 2555 euru
756 2495 864 2556 mundo

59 2590 149 2651 simul
168 2594 328 2662 interirent,
354 2594 508 2653 innumera
533 2612 600 2652 eum
621 2588 805 2650 multitudine
825 2588 865 2649 ed

56 2684 232 2762 spoliandas
251 2685 419 2765 provincias
447 2686 596 2746 exivisse:
617 2687 648 2741 et
667 2681 806 2760 quiequid
827 2681 865 2742 ab

59 2774 185 2836 Oriente
204 2776 242 2837 ad
253 2775 443 2856 Euphratem,
462 2778 620 2856 sinumque
629 2774 783 2833 Persicum
796 2793 863 2832 eon·

57 2867 176 2936 timetur,
196 2867 353 2927 cmdeliter
373 2868 541 2945 diripuisse,
568 2873 657 2946 atque
683 2868 723 2925 ita
746 2867 863 2946 provin·

57 2959 115 3018 ctis
141 2961 254 3036 passim
279 2961 419 3031 vastatis,
453 2958 613 3020 Polovtzos
638 2968 760 3037 gentes,
787 2977 863 3036 quae

58 3049 208 3131 adjunctis
234 3051 291 3111 sibi
313 3051 516 3112 Rutbenorurn
542 3050 733 3112 auxiliaribus
759 3051 863 3127 copiis,

57 3142 143 3202 solae
162 3163 318 3203 occurrere
337 3162 431 3204 ausae
452 3150 544 3214 erent,
565 3143 603 3205 ed
623 3143 744 3203 tlurinm
767 3141 862 3202 Cella

57 3233 251 3314 profligasse:
271 3256 349 3297 anno
370 3236 469 3295 mnndi
496 3234 582 3295 6573.
631 3233 701 3306 Quo
727 3234 791 3309 loco
812 3255 861 3295 arr-

56 3332 148 3384 torem
175 3327 265 3387 libelli
292 3327 331 3387 de
356 3326 473 3389 duabus
493 3328 665 3398 Sarmatiis,
696 3327 735 3386 de
756 3325 861 3387 Polnv·

56 3420 114 3478 tais
132 3419 266 3499 populis,
291 3439 367 3499 quas
393 3426 550 3481 venatores
577 3421 791 3499 interpretatur,
819 3439 861 3478 er·

56 3530 143 3570 rasse
168 3512 277 3573 elerum
305 3518 361 3571 est.
415 3510 548 3573 Polovtzi
575 3514 652 3572 eninr
679 3517 861 3591 campestres

57 3601 207 3678 dicuntum
234 3625 299 3665 nam
324 3603 425 3676 Polla,
451 3625 576 3685 campus
603 3609 666 3664 est:
692 3603 805 3663 hovela
831 3609 862 3663 et

56 3694 178 3765 Lovtzi,
198 3703 371 3770 venatores;
391 3697 531 3779 adjuncta
551 3701 650 3757 autem
670 3697 726 3765 tei,
746 3695 794 3754 vel
814 3695 861 3755 lrsi

57 3786 187 3866 syllaba,
207 3809 265 3847 non
290 3794 382 3849 mutat
394 3791 654 3868 significationem:
674 3789 861 3866 nequeenim

55 3880 96 3941 sb
116 3881 236 3950 ultimis,
263 3880 319 3941 scd
344 3883 445 3961 prinde
464 3881 590 3961 syllabis
614 3880 791 3958 significatio
811 3879 861 3940 de·

56 3971 195 4033 ducende
216 3978 272 4032 est.
313 3972 352 4033 Er
377 3973 456 4052 quod
483 3970 629 4056 ejusmodi
655 3971 861 4032 Rutbenornm

57 4063 239 4125 dictionibus
264 4065 381 4143 syllaba
411 4066 560 4143 generalis
586 4065 634 4125 stri
659 4063 749 4146 adjici
775 4064 861 4134 solet,

56 4176 97 4217 ea
130 4176 179 4217 res
205 4156 314 4217 bomini
345 4159 500 4239 imposuitr
531 4162 622 4236 atque
648 4158 688 4217 ite
718 4155 861 4226 Polemi,

55 4254 252 4328 campestres,
273 4255 304 4310 et
324 4270 383 4311 noo
404 4256 563 4311 venatores
578 4250 760 4328 interpretari
779 4268 861 4325 opor·

55 4346 109 4401 tet.
120 4340 285 4402 Polovtaos
297 4340 430 4403 Rutbenl
444 4340 573 4402 Gotthos
585 4341 679 4401 luisse
689 4341 862 4421 perhibent:

922 1946 1087 2024 vicinisque
1112 1947 1250 2006 omnibus
1269 1947 1371 2006 terrori
1397 1944 1461 2004 luit.
1502 1946 1603 2026 blegni
1630 1951 1730 2007 autem

923 2038 1018 2098 duces
1045 2036 1263 2098 Volodirneriae
1295 2045 1325 2098 et
1350 2037 1537 2108 Moseoviae,
1568 2059 1665 2118 usqne
1690 2038 1730 2099 ed

924 2130 1094 2190 modernum
1121 2129 1265 2190 Basiliurrr
1284 2130 1416 2200 Ducem,
1445 2150 1565 2211 semper
1590 2132 1619 2190 in
1645 2150 1728 2212 prse-

925 2223 995 2282 stita
1014 2222 1109 2282 semel
1130 2222 1319 2283 'tartarorum
1341 2222 1508 2303 Principum
1530 2222 1588 2282 tide
1609 2227 1640 2281 et
1658 2222 1727 2283 obe

923 2313 1034 2374 dientia
1058 2320 1290 2391 permenserunt.
1342 2315 1430 2375 Hunc
1456 2313 1572 2393 Betlrii,
1603 2312 1728 2374 annales

923 2406 1063 2478 referunt,
1083 2408 1121 2467 ab
1134 2406 1265 2468 Vlaslavv
1280 2405 1484 2484 flungemrum
1496 2425 1577 2484 rege,
1597 2406 1648 2485 qui
1659 2408 1731 2487 post

925 2501 1100 2579 baptismum
1112 2498 1287 2559 vladislaus
1300 2498 1407 2570 dictus,
1428 2501 1517 2578 inque
1531 2497 1661 2557 divorum
1677 2516 1728 2557 nu·

923 2611 1035 2651 merum
1055 2590 1168 2650 relatus
1179 2598 1236 2661 est,
1255 2592 1388 2651 occisum
1409 2591 1505 2651 luisse
1519 2592 1547 2649 in
1560 2589 1728 2666 Hnsgarie3

922 2702 990 2744 narn
1010 2702 1077 2743 curu
1098 2684 1179 2760 regis
1199 2702 1340 2753 sororem,
1367 2703 1456 2762 quam
1482 2683 1511 2740 in
1538 2678 1619 2756 regni
1640 2679 1728 2758 depo·

922 2776 1074 2856 putatione
1094 2773 1170 2834 torte
1183 2775 1404 2844 nactusluerat‚
1425 2794 1527 2834 secum
1543 2770 1728 2842 abduxisset,

922 2887 1034 2946 rexque
1056 2873 1087 2926 et
1097 2869 1208 2927 sororis
1224 2869 1349 2947 pietate,
1366 2871 1396 2927 et
1406 2865 1578 2943 indignitate
1593 2865 1636 2923 rel
1651 2882 1728 2924 eoru·

922 2964 1020 3018 metus
1045 2957 1125 3019 bunc
1155 2961 1310 3019 insecutus
1342 2959 1468 3019 luisset:
1503 2957 1671 3035 impetuque
1696 2957 1727 3017 in

920 3050 1032 3133 Betbij,
1052 3051 1140 3122 lacto,
1161 3071 1225 3112 com
1245 3071 1329 3112 soror
1341 3051 1466 3130 arreptis
1478 3050 1578 3118 annis,
1597 3047 1730 3108 adultere

921 3149 1022 3204 contra
1045 3144 1164 3204 lretrerrr
1185 3145 1293 3204 anxilio
1313 3149 1412 3204 esset:
1438 3144 1531 3202 iratus
1557 3159 1620 3214 res,
1645 3159 1726 3200 soro-

921 3256 981 3296 rem
1002 3257 1062 3297 una
1082 3256 1147 3296 eum
1167 3235 1267 3318 Batbij
1288 3235 1422 3296 adultero
1441 3232 1597 3293 interiecit
1637 3231 1724 3294 Haeo

920 3335 1007 3407 geste
1026 3333 1098 3389 sunt
1115 3348 1192 3389 anno
1213 3327 1409 3389 munditiae

997 3421 1103 3482 Asbelr
1135 3421 1193 3501 ipsi
1220 3419 1319 3501 Bathij
1353 3421 1382 3479 in
1415 3419 1537 3499 imperio
1569 3417 1728 3487 successit,

921 3513 1097 3592 moriturque
1117 3532 1193 3572 anno
1221 3511 1319 3571 mundi
1338 3511 1425 3574 6834.
1446 3510 1493 3569 cni
1514 3508 1593 3569 lilius
1613 3508 1726 3568 Crane-

920 3605 979 3665 belr
1000 3604 1143 3665 suffectus
1164 3609 1225 3664 est:
1257 3605 1306 3684 qni
1328 3602 1467 3663 iratribus
1487 3602 1569 3668 suis,
1588 3605 1621 3659 ut
1641 3599 1727 3659 solus

919 3701 986 3759 sine
1006 3705 1086 3759 metu
1106 3703 1250 3775 regnaret,
1271 3696 1390 3766 occisis,
1412 3695 1530 3753 moritur
1548 3711 1626 3750 enno
1639 3689 1727 3750 6866.

919 3791 1007 3852 Hune
1029 3789 1188 3852 Berdebelr
1226 3793 1365 3855 secutus,
1399 3804 1457 3861 que
1491 3783 1629 3842 tratribus
1655 3780 1725 3841 duo·

920 3883 1016 3944 decim
1042 3884 1150 3961 pariter
1174 3881 1294 3948 occisis,
1320 3877 1392 3936 obiit
1420 3873 1507 3935 6867.
1546 3873 1620 3933 Post
1640 3894 1728 3953 quem

919 3976 1049 4055 Aleutpe
1068 3995 1087 4034 a
1106 3971 1223 4032 Neruas
1244 3967 1372 4050 quodam
1391 3965 1508 4045 regulo,
1535 3984 1602 4026 curn
1623 3965 1725 4028 liberis

920 4071 1018 4129 statim
1038 4068 1076 4128 ab
1098 4065 1179 4124 initio
1196 4063 1318 4144 imperio
1335 4061 1466 4130 occisus,
1487 4078 1544 4119 oen
1556 4059 1632 4120 ultre
1645 4080 1725 4120 men·

920 4180 986 4219 sem
1005 4157 1168 4238 imperavit.
1206 4155 1257 4216 Ad
1285 4154 1365 4215 buno
1393 4171 1515 4232 regnum
1539 4154 1602 4234 jam
1629 4154 1726 4233 possi·

921 4251 1048 4319 dentem,
1069 4267 1173 4308 omnes
1191 4247 1349 4331 Principes
1368 4244 1502 4307 Russiae
1523 4250 1725 4307 convenerunt

920 4340 1141 4424 imperandique
1171 4342 1200 4401 in
1227 4361 1284 4402 sua
1309 4342 1436 4420 quisquo
1468 4338 1619 4418 provincie
1643 4339 1727 4414 pote·

55 4454 177 4512 quorum
203 4444 303 4494 tamen
334 4436 502 4495 sententiae
534 4455 594 4494 non
625 4434 749 4496 accedo.
800 4431 861 4505 Qut
920 4440 998 4497 stete
1019 4436 1183 4515 impetrate,
1202 4436 1346 4504 abierunt,
1369 4431 1525 4492 Occiditur
1548 4446 1626 4488 anno
1639 4423 1727 4486 6668.

56 4525 199 4586 Tartarus
224 4526 396 4586 describere
420 4527 500 4596 velit,
526 4527 635 4587 multas
656 4528 792 4589 nationes
812 4527 862 4587 de·
920 4527 978 4588 Cui
999 4527 1103 4587 Cbidir
1122 4528 1151 4586 in
1172 4544 1261 4604 regno
1281 4524 1467 4592 succedens,
1498 4520 1596 4582 atilio
1619 4516 1727 4576 Teme·

55 4619 166 4677 scribat
185 4638 313 4678 neeesse
334 4626 393 4679 est.
431 4617 508 4678 Nem
535 4639 571 4678 ex
600 4619 667 4679 sola
691 4625 776 4680 seete
802 4619 861 4680 boc
920 4621 1072 4683 rclroseba
1086 4621 1280 4681 occisnsest:
1301 4612 1727 4696 quiregnoperscelusperto,

56 4730 163 4770 rronren
184 4710 310 4771 babent:
334 4715 365 4770 et
380 4707 516 4769 diversae
527 4712 664 4770 nationes
675 4717 754 4782 suot,
773 4712 862 4790 longe
919 4717 969 4777 vix
994 4719 1109 4793 septem
1130 4711 1237 4772 diebus
1255 4712 1375 4790 potitur.
1420 4704 1538 4766 Etenim
1559 4720 1577 4760 a
1598 4698 1726 4762 Temnik

55 4803 94 4862 eb
108 4805 231 4863 invicem
245 4803 402 4863 distantes.
425 4802 516 4881 Atqui
529 4801 568 4861 ad
581 4803 746 4863 institutum
760 4803 860 4865 redeo.
919 4805 1030 4884 Memaj
1053 4807 1179 4885 ejectus,
1200 4822 1266 4862 eum
1286 4802 1363 4861 ultre
1381 4796 1506 4870 Volgem
1528 4792 1665 4870 fugisset,
1685 4793 1724 4854 ab

55 4892 156 4977 Batbij
177 4895 368 4956 Tartarornm
394 4914 448 4955 rex
468 4914 576 4974 magns
594 4912 684 4953 manu
702 4916 720 4955 a
739 4894 862 4956 meridie
919 4897 1146 4974 insequentibus
1165 4895 1305 4954 militibus
1329 4889 1450 4947 occisus
1470 4891 1528 4956 cst,
1548 4886 1722 4950 onnobObtt.

54 4987 85 5045 io
113 4985 355 5067 Septentrionem
383 5006 542 5065 egressus,
568 4982 753 5063 Belgarism,
783 5006 861 5064 quae
918 4985 995 5046 Post
1014 4984 1072 5046 bos
1086 4980 1296 5047 Tecbtomisclr
1324 4978 1624 5060 imperiumadeptns,
1643 4998 1722 5039 anno

52 5078 93 5140 ad
112 5078 242 5157 Volgum
263 5080 340 5142 intra
360 5080 462 5144 cmc
488 5085 546 5152 est,
566 5076 732 5158 occuparit,
772 5077 860 5140 Anno
921 5075 1023 5138 mundi
1041 5078 1127 5150 680⁰,
1149 5094 1215 5135 oum
1236 5071 1557 5151 exercrmmuguss
1571 5090 1729 5151 egressus,
