3742 5626
748 120 1018 201 conueniens.
1704 154 1757 210 ar.

71 296 220 361 duonum
246 302 454 363 elluthenico
480 299 588 361 idioma
608 299 733 368 habent,
766 318 875 358 nuncu
932 299 1059 358 omnium
1079 301 1179 380 copia,
1199 298 1304 361 &aaa
1323 303 1435 382 primas
1454 302 1511 362 sibi
1525 305 1669 368 vindieat:
1689 326 1734 367 se

70 397 185 470 paratur.
241 393 328 456 Ultra
357 394 436 456 huuc
461 393 578 455 fluvium
597 391 739 453 altissimi
760 395 875 450 montes
931 389 1060 451 cundum
1082 389 1158 453 hauc
1177 399 1256 463 sunt,
1275 393 1430 465 Jamslaw,
1451 391 1588 467 lieston,
1608 395 1733 460 Persas·
1770 391 1777 404 ’

70 482 109 544 ad
128 486 209 565 ripas
228 507 325 565 usquo
345 487 573 570 protenduntur,
603 504 725 564 quorum
746 484 874 543 vertices
931 484 997 553 law,
1017 483 1150 556 Suedali,
1171 485 1391 550 Volodimeria:
1412 504 1490 568 quae
1509 488 1661 550 fertilitate
1679 497 1735 552 ter·

71 576 110 634 ob
130 581 289 639 continuos
308 587 458 641 ventorum
481 581 570 641 flatus
590 579 668 638 omni
681 596 804 658 prorsus
814 594 874 634 ma·
929 594 996 646 rae,
1016 578 1151 656 proxime
1169 577 1325 639 accedunt.

70 670 144 729 teria
164 672 351 754 gramineque
373 675 435 734 iere
455 677 572 743 oarent3
605 669 636 730 hi
657 671 714 730 etsi
733 669 824 729 uariis
844 667 873 726 in
1009 668 1290 749 Castrnmowgorod
1302 674 1604 746 civitascumeastro,
1625 676 1653 735 in
1666 674 1736 736 Vol·

71 763 147 821 locis
167 766 247 826 varia
266 765 395 828 habeant
414 767 548 836 nomina,
569 764 758 824 communiter
773 766 872 821 tamen
929 777 985 836 gae
1010 760 1108 821 littore
1133 763 1172 822 ad
1197 765 1338 825 orientem
1357 769 1529 828 aestivalem
1549 769 1652 846 viginti
1673 768 1736 830 lere

72 853 228 935 Cingulum
248 859 347 919 nundi
368 864 521 920 vocantur.
552 859 584 917 lu
605 857 653 916 his
670 855 822 915 montibus
832 855 873 913 ui·
929 853 1090 914 miliaribus
1110 856 1198 915 abest
1216 857 1254 916 ab
1273 856 1433 930 tarasiam,
1458 860 1646 939 Novogardia
1664 862 1739 922 inic-

72 947 430 1024 diicaatGeroselcones‚
451 952 618 1031 dequibus
638 948 728 1019 intra,
749 968 815 1008 cum
835 946 873 1005 de
929 946 997 1005 riori
1017 948 1133 1007 circiter
1153 948 1356 1029 quadraginta
1391 950 1530 1023 Flavius,
1551 973 1569 1013 a
1588 973 1647 1032 quo
1667 956 1735 1015 ciri·

71 1042 216 1122 Principis
236 1047 397 1106 uenatione
418 1047 508 1106 verba
528 1044 659 1104 lactarus
679 1061 757 1104 sum.
803 1039 874 1099 Cra·
930 1043 978 1098 tae
998 1060 1105 1100 nomen
1126 1040 1233 1113 habet,
1254 1043 1295 1102 ibi
1319 1042 1444 1124 l'olgam
1464 1045 1570 1107 inlluit.

70 1141 158 1195 scunt
176 1139 264 1198 etiam
287 1138 347 1198 illic
367 1139 489 1199 arbores
509 1137 606 1197 cedri:
637 1136 718 1195 eirca
737 1153 813 1213 quas
834 1132 875 1191 ni·
1009 1129 1116 1191 Galles
1128 1134 1204 1194 alius
1224 1136 1406 1216 principatus
1426 1158 1491 1198 eum
1512 1139 1629 1199 civitate
1649 1145 1736 1202 etca-

68 1229 184 1304 gerrimi
210 1230 325 1290 Zebelli
349 1232 541 1310 reperiuntur.
589 1230 691 1305 Atque
715 1227 744 1285 in
765 1225 876 1285 Prinei·
902 1236 905 1275 t
930 1226 1002 1292 stro,
1022 1243 1061 1284 ex
1080 1225 1236 1289 ltloscovia
1255 1230 1285 1288 in
1300 1227 1452 1290 Orientem
1471 1232 1734 1309 perCnstromow·

69 1322 119 1400 pis
135 1321 312 1384 Moscoviae
332 1322 445 1382 ditione
466 1321 497 1381 hi
518 1327 636 1381 montes
656 1319 713 1379 soli
733 1318 875 1388 visuntur,
902 1278 906 1373 l
931 1314 1023 1392 gorod
1043 1319 1182 1378 euntibus
1201 1323 1338 1382 occurrit.

69 1415 120 1490 qui
150 1415 304 1476 veteribus
331 1412 461 1493 Riphaei
491 1404 581 1499 sorte,
612 1411 660 1471 vel
688 1410 875 1491 Hyperborei
902 1376 906 1469 l
1007 1407 1118 1469 Viatlra
1156 1413 1305 1487 provincia
1323 1414 1399 1474 ultra
1414 1414 1539 1476 Kamam
1557 1415 1685 1486 tluuium,
1704 1417 1734 1476 in

71 1512 188 1567 montes
209 1508 266 1567 risi
286 1515 371 1566 sunt:
391 1516 423 1567 et
441 1506 521 1586 quod
542 1504 696 1586 perpetuis
711 1503 877 1562 nivibusac
902 1486 906 1573 1
933 1497 1086 1560 Orientem
1108 1502 1280 1562 aestivalem
1302 1511 1419 1564 centum
1440 1509 1652 1587 quinquaginta
1674 1509 1736 1570 iero

70 1597 169 1674 glacie
193 1600 321 1677 rigeant,
352 1600 530 1678 transirique
555 1597 644 1655 faoilo
670 1616 728 1654 nnn
747 1596 876 1675 possint,
902 1576 906 1679 l
930 1591 1095 1652 miliaribus
1120 1594 1209 1653 abest
1227 1615 1245 1653 a
1264 1594 1434 1657 dioscoria:
1462 1598 1500 1658 ad
1523 1620 1609 1678 quam
1632 1603 1736 1661 itincre

70 1689 279 1767 Engroaelaud
289 1693 467 1772 provinciam
478 1689 656 1768 incognitam
667 1687 789 1749 iaciunt.
817 1686 874 1748 Ba·
931 1682 1066 1742 breviore
1097 1685 1232 1764 quidem,
1263 1688 1319 1747 sed
1345 1688 1523 1761 difficiliore,
1543 1712 1597 1771 per
1617 1693 1736 1752 Castro

68 1783 159 1842 silius
177 1783 303 1843 Joannis
323 1785 401 1844 tilius
421 1782 594 1844 Moscoviae
614 1780 691 1852 dux,
716 1778 874 1861 aliquando
930 1775 1099 1853 mowgorod
1120 1778 1456 1858 otGaliezpemenitur3
1476 1803 1542 1842 nam
1556 1790 1734 1865 praeterpa·

69 1873 108 1934 ad
135 1875 314 1953 exploranda
338 1877 414 1937 ultra
433 1875 491 1937 hos
510 1880 627 1936 montes
647 1874 728 1944 loca,
757 1879 875 1951 gentes
930 1866 1018 1927 ludes
1044 1889 1080 1928 ac
1105 1890 1240 1940 nemora,
1270 1891 1348 1950 quae
1369 1873 1445 1932 inter
1465 1872 1569 1934 Galica
1596 1882 1627 1936 et
1653 1877 1733 1939 Viat-

70 1987 129 2045 que
148 1967 358 2040 debellandas,
384 1968 461 2029 duos
480 1968 657 2030 Praefectos
677 1986 717 2028 ex
736 1967 802 2026 suis
820 1985 875 2046 per
930 1959 996 2020 kam
1017 1967 1102 2031 sunt,
1123 1963 1236 2042 iterque
1256 1964 1434 2041 impediunt,
1456 1966 1664 2030 czeremissao
1683 1991 1734 2051 po·

69 2059 217 2122 Permiam
229 2068 258 2122 et
270 2061 434 2122 Peczoram
445 2063 577 2130 miserat,
597 2060 768 2121 Simeonem
778 2057 875 2118 Pheo·
930 2052 992 2132 puli
1012 2055 1127 2133 passim
1147 2057 1186 2115 int
1207 2062 1349 2132 vagantes
1368 2056 1583 2120 latrocinantur.
1633 2061 1736 2133 Quare

70 2153 207 2214 doroviez
232 2155 402 2216 Kurbslria
431 2154 603 2234 patrimonio
629 2173 685 2213 sao
703 2154 745 2211 ita
766 2171 874 2211 nuncu·
931 2145 978 2213 fit,
1010 2151 1043 2205 ut
1073 2148 1179 2207 itinere
1215 2168 1267 2227 per
1293 2149 1457 2227 Vologdam
1487 2160 1518 2210 et
1538 2151 1648 2235 Ustjug
1673 2155 1736 2216 lon·

69 2251 177 2327 patum,
193 2245 728 2323 01jaroglmkigenmoriundum:
748 2249 779 2304 et
789 2242 874 2304 Knea
931 2237 1026 2312 glore,
1046 2238 1100 2298 scrl
1122 2239 1254 2303 faciliore
1273 2243 1439 2323 tutiorequc
1451 2265 1487 2304 eo
1499 2247 1734 2326 proficiscantur.

70 2341 188 2400 petru„
208 2340 370 2421 Ugehnroj3
399 2359 520 2419 quom„
540 2336 673 2399 Kufbski
693 2357 742 2397 me
762 2338 791 2395 in
810 2336 874 2396 Mo.
930 2328 1032 2389 Distat
1060 2336 1111 2391 aut
1135 2331 1245 2394 Viatia
1277 2335 1315 2393 ab
1336 2334 1447 2417 Ustjug
1477 2345 1595 2399 eentum
1631 2341 1734 2419 viginti

71 2434 174 2493 seovia
195 2427 358 2499 existente,
382 2430 481 2490 adhuc
500 2433 529 2490 in
550 2432 627 2491 rivis
647 2436 725 2490 erat:
745 2428 874 2510 mihique
930 2422 1111 2493 mlllflrllmss,
1132 2445 1149 2484 a
1171 2425 1271 2486 Calan
1292 2429 1460 2506 sexaginta·
1482 2470 1485 2475 -
1506 2427 1634 2507 Regiani
1655 2435 1734 2513 ejus·

73 2524 111 2584 (10
130 2523 187 2585 hac
208 2545 240 2585 [ρ
259 2525 458 2605 percontanti,
478 2523 579 2583 decem
601 2528 632 2582 et
651 2532 766 2601 septem
786 2524 814 2582 in
827 2543 873 2583 ag.
900 2468 904 2581 l
930 2512 996 2573 dem
1016 2518 1144 2575 nominis
1166 2517 1273 2578 fluviona
1293 2539 1399 2579 nornen
1421 2520 1519 2586 dedit.
1538 2523 1567 2581 in
1588 2524 1675 2603 cujus
1690 2524 1736 2583 lit·

72 2615 225 2676 candendo
247 2622 346 2677 monte
364 2616 431 2676 dics
450 2637 486 2676 se
503 2618 730 2697 consumpsisse
741 2614 873 2676 dicebat:
900 2584 903 2713 1
929 2611 993 2665 Ῐθῐθ
1012 2612 1082 2665 (³¹¹¹lt
1094 2608 1257 2680 Cillium,
1278 2610 1368 2683 01¹⁰,
1388 2624 1418 2671 0²
1430 2612 1570 2673 Simila·
1607 2613 1736 2674 EiOrlo
1812 2661 1816 2666 -

72 2729 169 2789 neque
200 2713 297 2768 maron
323 2710 432 2768 montis
451 2710 608 2779 verticem,
638 2710 687 2787 qui
707 2709 801 2786 patrio
823 2727 873 2766 nn·
900 2724 903 2745 ¹
929 2698 1047 2778 quidem
1068 2707 1193 2779 quatuor
1213 2704 1378 2764 miliaribus
1400 2705 1537 2777 ostialia
1550 2703 1734 2770 Chlinovam.

72 2804 151 2862 {lue
170 2801 272 2881 Stosp,
302 2801 360 2860 hoc
381 2805 428 2859 est
449 2800 584 2859 columna
603 2805 799 2879 nuncupatur,
825 2820 873 2860 gu.
929 2790 1009 2850 Deln
1030 2812 1087 2852 801
1106 2794 1269 2854 miliaribus
1283 2795 1478 2855 Occidentem
1493 2816 1601 2857 lmus
1610 2797 1734 2858 descen·

72 2912 178 2973 perago
196 2895 342 2972 potuisse,
374 2891 550 2951 Extenditur
570 2910 655 2951 mous
675 2891 765 2951 illein
777 2891 874 2951 000⁸·
929 2883 1044 2954 dendo,
1064 2884 1204 2946 Slovoda.
1237 2887 1391 2947 Coielnlez
1409 2894 1508 2948 aulem
1527 2897 1596 2949 0άο
1614 2910 1634 2953 8
1654 2890 1734 2951 Cllll·

71 3004 159 3054 num,
178 3004 275 3064 mque
295 2983 333 3044 ad
353 2985 431 3043 ostia
448 2983 563 3043 Drinae
583 2992 614 3043 et
632 2983 874 3045 Peezorassuvto-
930 2995 1006 3037 nova
1027 2975 1202 3049 miliaribus,
1231 2979 1268 3039 ad
1287 2979 1437 3041 Rectezan
1457 2982 1592 3052 nuvium,
1622 2985 1673 3063 qui
1694 3005 1733 3047 ex

70 3096 146 3136 mm,
186 3077 227 3137 Et
246 3077 322 3136 haec
341 3076 380 3136 de
400 3076 550 3135 ltinemio
569 3077 654 3137 eatis,
931 3067 1056 3129 Oriente
1076 3070 1172 3130 iurene
1192 3072 1268 3132 inter
1281 3072 1428 3136 Chlinova
1444 3073 1573 3145 otOrlo,
1603 3078 1633 3136 in
1652 3075 1734 3136 Viat-

931 3161 998 3221 kam
1020 3168 1207 3225 exoneratur.
1236 3164 1336 3244 Regio
1355 3167 1496 3247 palustris
1513 3173 1543 3227 ct
1553 3168 1665 3229 sterilis
1677 3175 1733 3238 est,

930 3274 1081 3314 servorum
1110 3255 1296 3333 fugitiuorum
1326 3261 1406 3319 velut
1429 3259 1546 3338 asylum
1572 3260 1733 3339 quoddam:

130 3343 192 3439 lll
224 3343 523 3445 lllllldll'tl'lllS
554 3347 815 3447 llllSCllllllll
931 3346 1031 3417 ”¹⁰¹¹02
1052 3347 1140 3417 ΜΒ»
1160 3350 1311 3426 tisibus
1331 3371 1420 3431 aare
1438 3352 1554 3432 olane
1567 3354 1732 3416 abundans·

900 3426 904 3501 l
930 3439 1014 3499 Haec
1033 3440 1102 3499 olim
1113 3439 1282 3503 Tartaricae
1301 3443 1423 3503 ditionis
1442 3450 1520 3516 crat,
1540 3445 1616 3505 adeo
1635 3453 1667 3506 ut
1684 3444 1733 3508 ad·

390 3498 562 3597 llllllllll,
902 3510 904 3523 Ι
931 3531 988 3590 huo
1008 3530 1098 3591 lrodio
1117 3533 1191 3593 ultra
1217 3535 1347 3617 citraque
1372 3535 1526 3608 Viatlram,
1550 3538 1678 3598 maximo
1704 3540 1733 3599 in

931 3625 1019 3683 ostiis
1043 3625 1151 3704 quibus
1170 3624 1292 3686 Kanum
1318 3629 1439 3689 lluvium
1459 3629 1633 3706 ingreditur,
1663 3629 1734 3689 Tar·

149 3711 271 3772 Susdali
290 3713 488 3793 principatus,
509 3734 574 3774 eum
594 3714 728 3796 ejusdem
749 3717 876 3776 nominis
901 3732 905 3777 l
930 3718 984 3776 tari
1016 3718 1170 3799 imperent.
1221 3721 1329 3782 ltinera
1363 3721 1422 3780 illic
1450 3727 1654 3800 computantur
1683 3740 1736 3800 per

71 3811 171 3866 castro
191 3810 222 3864 et
241 3805 373 3875 civitate,
392 3808 421 3865 in
443 3828 501 3887 qua
515 3807 608 3868 sedes
619 3807 807 3888 Episcopalis
817 3816 875 3877 est,
901 3788 905 3827 ¹
931 3809 1100 3872 Caunlrhas.
1147 3810 1309 3871 Czrrnlrlrns
1335 3817 1431 3871 autem
1455 3813 1585 3870 continet
1605 3812 1735 3893 quinque

72 3901 151 3959 inter
169 3897 297 3957 Rostom
322 3906 353 3956 et
369 3896 598 3960 Volodimeriam
625 3902 684 3961 sita
706 3906 763 3959 est.
806 3900 876 3971 Quo
902 3910 905 3981 ξ
930 3907 1019 3962 varst
1039 3901 1136 3962 Kame
1154 3902 1262 3962 ilarius
1283 3909 1456 3962 exoneratur
1475 3904 1504 3961 in
1523 3903 1643 3983 Volgum
1663 3905 1735 3966 duo·

71 3999 203 4068 tempore
222 3988 320 4049 ltlosci
339 3989 449 4068 inperii
469 3991 561 4054 sedes
583 3991 780 4052 l'olodimeria
802 4004 876 4064 erat,
902 3986 905 4041 ἶ
931 3992 1026 4053 decim
1045 3995 1207 4053 miliaribus
1227 3992 1302 4053 iulra
1323 3995 1439 4068 Caznn3
1462 3995 1530 4056 lruic
1545 3996 1634 4059 llario
1655 3998 1735 4084 adja-

73 4086 150 4142 inter
181 4083 355 4159 praecipuos
379 4082 428 4143 hic
453 4086 635 4165 principatus
662 4088 877 4156 numerabatur,
932 4092 980 4146 cet
996 4085 1078 4145 Sibir
1096 4087 1256 4165 prouincia.

72 4195 110 4236 ac
139 4174 314 4252 reliquarum
346 4173 546 4258 adjacentium
570 4177 685 4238 urbium
706 4178 877 4258 metropolis
1008 4176 1126 4236 Permia
1145 4196 1251 4256 magna
1270 4184 1301 4239 at
1322 4179 1421 4260 ampla
1441 4183 1607 4259 provincia,
1634 4184 1736 4247 allio-

72 4273 146 4329 erat.
198 4267 360 4327 Crescente
381 4276 450 4346 post
468 4271 589 4350 inperio
610 4273 691 4352 ejus,
719 4269 794 4330 sedo
813 4269 878 4331 ltlo·
933 4269 1035 4329 scoria
1054 4268 1190 4330 ducentis
1210 4271 1422 4352 quinquaginta
1441 4272 1533 4348 (seu,
1566 4278 1736 4355 etquidem

73 4362 204 4421 sendum
238 4360 396 4432 translata,
433 4360 603 4443 Principum
635 4364 878 4443 secundogenitis
933 4362 1049 4433 volunt,
1072 4364 1233 4440 trecentis)
1253 4366 1415 4426 miliaribus
1435 4372 1516 4426 recta
1536 4369 1611 4428 inter
1629 4368 1736 4428 Orion·

73 4461 122 4514 est
139 4454 313 4513 attributus:
334 4473 456 4533 quorum
475 4456 593 4516 tarrdcn
614 4459 739 4533 posteri,
759 4479 795 4516 ex
815 4458 877 4537 qui·
903 4476 906 4521 ι
932 4463 992 4515 tem
1019 4461 1050 4514 ct
1074 4454 1312 4536 Septentrionem
1332 4456 1431 4517 (liutai.
1482 4458 1638 4519 Civitatem
1659 4462 1737 4540 ejus·

74 4549 131 4606 bus
155 4544 287 4606 Basilius
310 4544 457 4626 Schujsld
487 4567 553 4607 cum
586 4557 696 4629 nepote
726 4570 762 4612 ex
787 4551 877 4612 fratrc
902 4532 906 4563 ⁸
933 4549 1001 4609 dem
1033 4549 1159 4609 nominis
1184 4549 1222 4610 ad
1246 4549 1388 4610 l'ischora
1413 4551 1530 4611 tluvium
1552 4549 1656 4618 lrabet,
1687 4548 1737 4629 qni

71 4639 143 4719 (qui
166 4638 234 4697 dum
256 4658 315 4699 nos
337 4638 514 4698 lloseoviao
534 4658 689 4714 essemus,
722 4643 819 4704 adhuc
837 4646 877 4704 ri·
933 4642 1037 4703 docem
1056 4641 1220 4702 miliaribus
1239 4642 1315 4702 inira
1336 4640 1461 4702 Kamam
1480 4642 1582 4700 influit.
1611 4639 1657 4698 Eo
1674 4660 1737 4717 pro·

72 4732 202 4806 rebarrt)
232 4750 287 4811 per
311 4729 457 4789 loannem
482 4728 587 4790 Basilii
618 4752 655 4791 oo
683 4741 753 4795 sunt
784 4736 876 4798 exuti.
933 4742 997 4815 pter
1014 4735 1136 4794 crebrae
1155 4732 1282 4814 paludes
1302 4739 1333 4792 et
1351 4733 1470 4801 llurios,
1491 4733 1621 4790 terrestri
1633 4733 1738 4794 itinero

71 4826 193 4902 lusigue
213 4826 243 4882 iu
262 4842 301 4882 ea
319 4823 393 4881 urbo
408 4821 569 4882 t'eenttum
590 4828 798 4885 monasterium
819 4832 876 4898 est,
934 4829 997 4896 vix,
1030 4827 1088 4885 nisi
1108 4825 1230 4905 hyeme,
1257 4825 1438 4904 pervenitur:
1459 4829 1575 4882 aestate
1595 4844 1665 4885 vcro
1686 4847 1738 4907 per

70 4918 102 4975 iu
127 4935 185 4994 qno
207 4915 348 4975 Solomea
372 4913 523 4976 aBasilio
550 4916 717 4996 repudiata,
748 4928 810 4978 crat
835 4920 877 4980 ln·
932 4916 1109 4994 Vologdam,
1143 4917 1260 4995 Ustjug,
1289 4911 1496 4994 Viczcgdaque
1524 4915 1652 4989 lluvium,
1685 4920 1736 4998 qui

70 5008 164 5071 clusa.
204 5006 285 5067 later
302 5025 407 5067 omncs
425 5007 754 5090 PrincipieMoscoriae
772 5013 878 5092 prinei·
933 5007 1088 5069 duodecim
1116 5009 1154 5066 ab
1175 5004 1286 5085 Ustjug
1309 5005 1471 5066 miliaribus
1491 5008 1617 5072 Drinum
1636 5012 1737 5078 influit.

69 5110 160 5182 patus
185 5119 222 5160 ac
247 5099 433 5178 provincias,
462 5104 597 5164 ubertate
622 5102 694 5173 soli,
722 5122 904 5187 renumque,
934 5098 1058 5174 navigiis
1078 5099 1135 5157 iter
1153 5098 1210 5156 boc
1230 5094 1348 5160 tacitas
1368 5099 1531 5166 coniicitur.
1581 5105 1738 5164 Caeterum

1442 5196 1478 5246 t*
