3742 5626
504 258 510 267 .
537 206 667 272 VITAE
687 205 870 271 Joaltms
889 203 1117 279 BASlleiS,
1136 204 1264 271 sluaa
1282 202 1337 267 lli.
1709 201 1775 269 2⁵³.

100 372 161 436 sibi
180 394 246 435 cum
260 371 453 435 validissimis
465 374 603 436 hostibus
616 394 686 436 esse
696 370 904 441 dimicandum,
964 372 1069 451 patuit,
1088 392 1176 453 quum
1196 382 1229 433 et
1242 371 1360 433 subitus
1379 370 1545 433 Gothorum
1565 372 1715 440 incursus,
1734 374 1767 427 et

102 486 198 547 usque
227 467 318 528 ullam
350 470 469 529 omnino
497 465 720 529 misericordiae
749 486 835 548 spem
865 462 904 526 ab
963 463 1052 527 foeda
1071 486 1167 527 rerum
1188 467 1315 525 omnium
1336 464 1440 535 iacies,
1460 472 1492 525 et
1511 459 1685 523 conturbata
1705 476 1765 519 om·

101 561 186 621 iratis
211 559 348 621 barbaria
373 558 432 621 sibi
456 579 636 640 superesse,
657 562 683 621 si
709 559 809 639 aliqum
835 558 905 619 iusi·
963 557 1052 619 nibus
1080 562 1110 619 in
1135 559 1211 619 loeis
1237 561 1360 631 civitas,
1385 576 1501 617 omnen
1524 555 1573 617 vel
1598 552 1765 615 constantis

102 654 152 731 gni
176 660 304 733 accepto
328 649 516 713 incommodo
542 656 742 715 vincerentur.
791 649 841 713 Ab
867 670 904 711 co
964 655 1052 715 animi
1079 656 1153 729 uim,
1177 652 1226 713 rel
1259 648 1400 713 ferendae
1431 652 1499 731 opis
1528 651 1657 729 spatium
1688 648 1766 707 inter

101 754 233 824 tempore
253 742 436 807 incredibilis
456 748 670 826 negotiantium
690 742 847 807 multitudo
868 763 905 807 ex
932 746 937 791 l
963 744 1105 807 dissonos
1118 748 1304 809 morientium
1319 743 1464 805 clamores
1475 744 1633 822 eriperent.
1672 734 1766 801 Gothi

101 835 224 899 Lubeco
249 838 378 919 aliisque
405 838 480 900 locis
500 841 531 899 in
556 846 683 920 utroquo
708 836 818 919 oppido
838 835 904 897 tuit.
963 844 1062 901 caesis
1083 841 1144 903 late
1164 838 1296 913 ciuibus,
1316 844 1349 898 et
1366 832 1517 919 praesidio
1528 830 1658 912 undique
1668 830 1766 911 pulso,

102 928 180 989 Nam
207 939 238 991 et
263 932 356 993 totius
382 929 445 992 iere
464 931 641 993 Moscouioe
660 934 744 993 ciues
762 930 811 991 hic
831 948 904 991 urer-
959 931 1073 1015 'oppid'o
1088 942 1118 995 et
1130 952 1200 995 aree
1220 940 1330 1013 pruneto
1342 930 1487 1011 temporie
1497 928 1658 1009 potiuntur.
1680 921 1766 983 Com·

101 1042 153 1084 ees
171 1042 245 1086 suas
257 1021 409 1105 deponere
420 1032 649 1100 corrsueverant,
666 1032 700 1085 ut
719 1032 803 1086 tanto
824 1042 902 1085 com·
961 1035 1077 1107 pertun
1103 1035 1209 1109 postea
1237 1046 1273 1086 er
1298 1020 1486 1084 multitudine
1516 1026 1675 1081 stratorum
1700 1034 1763 1076 cor·

101 1114 218 1177 modius
243 1137 298 1199 per
321 1116 476 1179 Oceanum
503 1116 710 1179 Germanicum
736 1120 767 1177 iu
786 1135 905 1178 omnem
962 1140 1066 1202 porum
1086 1118 1152 1195 iuit',
1170 1138 1262 1199 supm
1281 1115 1494 1179 sexhominum
1507 1106 1767 1181 milliacecidisss‚

100 1210 250 1291 Europam
283 1210 369 1291 longe
403 1211 522 1292 lateque
552 1208 788 1292 deportarentur.
840 1203 905 1268 Sed
963 1222 994 1275 et
1017 1216 1048 1272 in
1067 1212 1115 1273 hia
1134 1212 1258 1273 militiae
1283 1209 1378 1272 duces
1404 1208 1500 1289 gloria
1520 1214 1551 1267 et
1570 1207 1678 1265 virtute
1696 1202 1766 1265 insi·

101 1303 217 1363 Pontus
237 1323 305 1363 cum
325 1306 456 1365 exercitu
475 1306 610 1364 maximis
632 1304 789 1363 tormentis
801 1300 904 1362 rebus·
965 1325 1042 1386 gnos
1068 1294 1173 1367 fuisse.
1222 1302 1285 1365 Sed
1303 1325 1361 1366 nec
1384 1298 1464 1385 apud
1491 1298 1610 1361 Gothos
1642 1296 1768 1357 victoris

102 1416 159 1476 que
186 1396 324 1456 omatibus
350 1396 438 1475 longe
463 1396 696 1457 instructissimo
722 1415 759 1455 ex
779 1391 905 1454 lievaiia
963 1398 1045 1459 luctu
1065 1399 1177 1459 caruitz
1197 1401 1330 1479 ipsorum
1351 1400 1430 1458 enim
1450 1402 1552 1455 castra
1572 1392 1729 1451 maximum
1748 1404 1769 1445 a

101 1486 141 1548 ad
153 1487 258 1549 hffliefl
277 1486 440 1570 [miccium
458 1487 824 1570 Narvsmquewbjetism
837 1504 906 1547 ⁰0¹¹·
963 1498 1120 1553 tormentis
1131 1489 1280 1553 Moseicis
1290 1495 1471 1571 acceperant
1484 1484 1703 1547 detrimentum.
1720 1478 1769 1542 Ea

101 1581 140 1641 lis
165 1603 183 1642 e
206 1580 283 1642 colle
310 1581 452 1643 militibus
472 1580 649 1657 ostendens,
668 1580 718 1642 ubi
737 1599 775 1641 ex
794 1575 906 1660 praeda
934 1590 937 1617 ³
964 1588 1099 1647 nuntiata
1125 1591 1157 1645 et
1181 1592 1320 1665 spectata
1338 1580 1457 1655 clades,
1478 1579 1605 1641 bloscos
1624 1576 1654 1637 in
1673 1574 1769 1637 altera

100 1672 193 1735 ’11111ῖο
212 1673 414 1755 01ΝΙΟΜῙοΝ,
438 1694 526 1756 qum
547 1675 687 1756 ⁰pi¹¹i⁰n0
706 1670 906 1751 avidifflieque
933 1652 936 1761 d
963 1682 1028 1760 ripa
1039 1677 1224 1753 hebitautes,
1237 1695 1413 1757 quamquam
1427 1677 1525 1734 unium
1536 1670 1689 1741 infractos,
1707 1686 1768 1728 ma·

101 1769 233 1847 ipsorum
254 1771 475 1849 concepissent,
493 1776 637 1849 perpetuo
650 1764 824 1839 ditarentur,
845 1761 905 1825 edi·
933 1782 936 1789 '
965 1792 1098 1853 gumpert
1119 1772 1292 1833 conterruit.
1332 1768 1407 1831 Germ
1428 1770 1506 1829 enim
1516 1763 1615 1825 editus
1628 1758 1768 1821 omnibus

101 1862 145 1920 xit
168 1867 201 1921 ut
227 1880 352 1940 corpora
376 1862 492 1923 itineris
518 1860 621 1923 labore
646 1859 728 1921 fessa
755 1857 905 1940 paululum
933 1860 936 1871 '
964 1869 994 1927 i„
1021 1865 1096 1927 loci,
1127 1862 1167 1926 ad
1198 1866 1373 1925 uniente.
1405 1859 1532 1928 caedes,
1562 1854 1768 1917 nobilissimos

102 1961 252 2028 efflarent,
281 1951 432 2033 wilhalm
458 1953 612 2017 ⁸¹³&th
630 1956 787 2015 victoriam
807 1954 905 2013 animi·
933 1912 936 2019 d
963 1978 1056 2020 senes
1074 1956 1187 2039 pariter
1205 1976 1241 2018 ac
1257 1959 1385 2038 juvenes
1401 1956 1545 2016 tormenis
1568 1949 1767 2021 cxcnrciatos,

101 2048 301 2127 conciperent
350 2045 497 2127 Sequenti
529 2045 580 2107 dio
609 2066 677 2107 cum
703 2044 772 2105 luna
806 2047 906 2105 oriens
933 2050 936 2127 ζ
963 2051 1105 2113 violetum
1124 2049 1234 2131 ubique.
1255 2058 1452 2110 matronarum
1472 2046 1663 2123 acuirginum
1676 2038 1785 2107 decus,

102 2142 192 2199 certis
219 2139 330 2201 ictibus
357 2139 453 2201 luceru
478 2139 612 2214 afferret,
632 2137 783 2219 deprime
803 2139 905 2199 statim
934 2134 937 2209 i
965 2162 1145 2205 summorum
1165 2146 1277 2224 pariter
1296 2147 1326 2202 et
1345 2139 1508 2201 intimorum
1530 2138 1636 2199 civium
1653 2131 1770 2207 domos,

101 2232 203 2309 vigilie
222 2232 330 2313 triplici
351 2237 467 2312 agmine
487 2253 506 2293 ιι
524 2232 622 2297 tribus
641 2231 717 2291 locis
738 2251 797 2292 uuo
817 2226 907 2291 simul
934 2214 937 2295 i
965 2241 1048 2298 tanta
1067 2234 1226 2296 furentium
1245 2234 1329 2297 rabie
1348 2232 1428 2295 ferro
1447 2240 1538 2313 atque
1550 2228 1670 2310 ignibus
1681 2246 1769 2309 expu-

101 2333 235 2405 tempore
253 2324 393 2397 Nervam,
413 2347 491 2407 quas
509 2326 724 2388 Germanorum
743 2322 907 2385 ameatue·
934 2300 937 2393 !
965 2338 1074 2408 grurus
1099 2348 1117 2389 e
1142 2329 1242 2390 vicino
1264 2324 1414 2389 vidissent
1437 2323 1700 2404 audivissemus,
1719 2316 1770 2381 do·

101 2426 157 2493 ¹⁸¹,
175 2415 302 2479 ⁸d⁰ft¹¹⁸
322 2427 379 2491 0⁸²,
404 2419 579 2500 mistoque
603 2417 728 2479 terribili
748 2424 907 2479 tormento
934 2418 938 2489 ἒ
965 2423 1029 2483 lore
1047 2420 1229 2503 perturbati,
1248 2420 1394 2482 clamoren
1412 2424 1551 2499 ingentes
1570 2436 1637 2479 com
1656 2413 1770 2496 eiulatu

101 2530 164 2571 rum
189 2520 334 2593 apparatu
353 2510 460 2575 diebus
480 2513 582 2592 uiginti
602 2520 673 2573 octo
693 2512 817 2589 integris
828 2504 907 2570 adeo
935 2496 938 2561 Ῑ
966 2514 1128 2577 miserabili
1148 2512 1342 2587 sustulerunt,
1361 2515 1523 2594 statimque
1542 2508 1581 2572 de
1601 2504 1770 2571 urbadese·

100 2604 292 2666 vehementer
315 2607 432 2668 moenia
458 2606 688 2687 conquassavit,
707 2613 741 2665 ut
760 2604 821 2685 late
841 2621 906 2684 pro·
934 2566 938 2635 Ι
965 2606 1060 2669 rende
1087 2610 1271 2687 cogitantes,
1295 2615 1385 2669 nocte
1402 2606 1455 2667 ills
1472 2626 1528 2689 per
1548 2601 1686 2665 diversae
1704 2618 1770 2683 por·

100 2700 204 2760 stratis
224 2696 436 2781 adapertisque
454 2699 543 2761 vallis
562 2707 593 2759 et
619 2696 776 2759 moenibus
802 2693 907 2757 Gothi·
934 2714 939 2831 1
965 2710 1015 2763 m
1035 2702 1210 2781 effugerunt„
1251 2700 1312 2779 Qui
1331 2706 1539 2762 remanserant
1549 2704 1709 2777 antequam
1728 2689 1770 2753 di·

102 2811 157 2852 cuc
170 2792 305 2871 legiones
318 2796 348 2853 in
359 2797 490 2856 statione
501 2794 755 2873 conspicerentur.
785 2788 907 2867 Quippe
966 2795 1142 2868 lucesceret,
1163 2794 1260 2853 Ponto
1282 2793 1397 2854 clavem
1413 2790 1496 2852 urhis
1505 2793 1643 2869 areisque
1655 2784 1772 2847 obviam

102 2904 159 2945 uec
183 2904 313 2964 aggeres
338 2883 522 2959 densissimi,
541 2905 598 2944 nec
617 2886 781 2945 acerrimus
801 2898 908 2961 propo·
934 2884 938 2949 Ι
967 2888 1126 2961 migrarunt,
1150 2889 1302 2967 vitamque
1328 2896 1359 2947 et
1377 2892 1510 2965 optatam
1530 2876 1705 2944 amend„
1722 2896 1771 2939 m.

101 2980 254 3057 gnanuum
267 2975 366 3052 ardor,
386 2998 442 3039 nec
455 2976 826 3038 munitioneaiortissimae
842 2990 908 3034 saur
935 2970 938 2995 ¹
966 2980 1127 3063 polimitis
1153 2982 1270 3041 venium
1298 2998 1335 3040 ea
1360 2986 1474 3039 tantum
1499 2978 1616 3041 ratione
1635 2974 1771 3053 impetra.

101 3079 314 3131 tormentorum
340 3070 493 3131 muralium
519 3070 578 3129 vim
598 3071 748 3130 sustinere
775 3064 907 3148 quibant.
965 3081 1044 3135 runt.
1087 3072 1193 3135 Rebus
1218 3068 1327 3133 deinde
1359 3072 1536 3152 compositio
1565 3070 1653 3147 signs
1676 3064 1773 3145 Regis

100 3160 319 3225 M⁰⁸051⁸¹¹¹0¹¹
339 3160 448 3225 adduci
469 3184 528 3223 ⁰⁰¹¹
548 3170 696 3243 immanis
716 3170 750 3223 ¹¹1
764 3160 908 3239 Milite!
966 3166 1094 3229 Josnuis
1120 3168 1150 3227 iu
1176 3165 1332 3227 moenibus
1360 3167 1524 3226 constituto
1548 3168 1636 3237 sunt,
1656 3161 1772 3241 etipse

102 3258 204 3316 ruinas
230 3257 260 3315 iu
279 3257 377 3337 ipsam
397 3257 500 3317 urbem
521 3257 642 3316 irruenti
662 3274 733 3315 sese
753 3250 907 3323 dederent,
935 3244 938 3351 ι
967 3260 1085 3323 Pontus
1111 3263 1141 3321 in
1169 3266 1321 3340 utramque
1348 3258 1496 3319 civitaten
1528 3263 1577 3317 est
1604 3257 1769 3335 ingressus.

102 3358 245 3429 mistaque
271 3347 408 3411 herberie
433 3358 464 3411 et
488 3348 630 3431 surperbis
657 3367 758 3409 eorum
778 3346 906 3424 ingeniis
935 3354 938 3387 ¹
965 3354 1135 3415 umorum
1155 3351 1267 3433 compl,
1286 3354 1405 3433 apim
1424 3352 1575 3425 continno,
1597 3355 1630 3409 et
1647 3349 1706 3409 ritu
1724 3364 1772 3407 ρο.

101 3446 201 3504 innata
228 3450 293 3504 erut
318 3440 357 3503 de
382 3442 549 3504 Gothorum
573 3450 662 3521 geute
682 3442 855 3515 contemtio,
873 3444 908 3499 ut
934 3476 937 3517 5
965 3446 1045 3509 launi
1078 3454 1254 3508 cormacum
1285 3454 1365 3506 sunt.
1418 3442 1533 3506 Milites
1563 3438 1604 3503 sd
1631 3434 1773 3523 praedam

101 3535 178 3597 ultro
202 3539 291 3597 etiam
318 3544 515 3615 provocarent
543 3532 759 3614 irridereutque
789 3533 905 3607 hostes,
934 3550 937 3571 ¹
965 3543 1103 3602 commi
1130 3546 1249 3621 praeter
1274 3558 1389 3615 ceram,
1423 3536 1600 3600 trumentum
1626 3540 1658 3595 et
1681 3530 1773 3594 linum

100 3626 180 3710 quod
200 3637 312 3690 tantmu
328 3629 425 3687 inanis
442 3626 672 3709 operaelrustra
687 3628 905 3705 suscepissent.
933 3610 936 3687 Ι
964 3632 1037 3693 nihil
1056 3630 1147 3706 aliud,
1167 3628 1248 3713 qnod
1268 3640 1351 3693 esset
1369 3650 1549 3711 magnopere
1560 3624 1773 3709 admirandum,

100 3731 134 3783 ut
153 3719 253 3785 editus
275 3724 304 3782 in
324 3720 428 3781 urbem
450 3728 613 3801 pararetur,
635 3716 754 3800 quando
781 3716 903 3798 adapcr·
964 3726 1150 3786 inu-anetum,
1195 3720 1247 3785 Ad
1276 3722 1356 3783 hunc
1376 3722 1495 3783 modum
1514 3730 1671 3802 utrumque
1691 3720 1773 3803 ‘’Pl’i·

100 3818 141 3877 tis
160 3817 250 3877 etiam
270 3815 365 3895 portis
386 3811 425 3875 ad
445 3811 646 3894 repellendum
661 3812 776 3873 hostem
789 3813 906 3871 animus
964 3815 1034 3877 «lun
1055 3816 1178 3879 Gothiei
1194 3818 1274 3897 juris
1294 3815 1403 3879 sactum
1423 3822 1486 3887 est,
1507 3822 1539 3874 at
1557 3820 1662 3895 portus
1681 3814 1773 3875 maris

102 3908 178 3989 ipsis
205 3913 389 3987 suppeteret.
434 3904 631 3967 Pertidiosam
657 3904 734 3966 harre
756 3904 905 3966 levitatem
933 3900 936 3959 i
966 3910 1239 3990 opportunissimus
1265 3912 1294 3969 in
1321 3916 1501 3990 potestatem
1529 3902 1683 3967 redactos.
1720 3902 1773 3969 Ad

101 3998 280 4063 deridebunt
304 3997 413 4069 Gothi,
439 4006 470 4059 el
494 4020 531 4059 ue
561 3997 742 4079 exploratam
768 4018 787 4058 a
811 3996 904 4077 perci·
933 3998 936 4089 ξ
965 4002 1041 4064 alias
1061 3998 1171 4061 deiude
1192 4004 1221 4061 in
1233 4001 1334 4062 uicino
1354 4000 1483 4062 hostiurm
1504 4000 1684 4059 munitiones
1696 3998 1771 4059 l’ou·

102 4096 261 4155 cecissimo
288 4100 378 4171 gente
403 4094 556 4153 victoriam
581 4094 611 4153 in
632 4088 793 4153 discrimen
813 4084 905 4149 sddu·
932 4096 937 4177 ξ
966 4104 1015 4155 tus
1042 4096 1182 4175 impetum
1210 4096 1372 4163 convertit,
1399 4092 1724 4173 Veissenetejuumque
1743 4099 1774 4153 et

101 4192 213 4259 cereut,
232 4183 305 4244 nibil
323 4184 415 4245 scvel
436 4186 465 4245 in
487 4184 632 4262 hersevel
652 4187 682 4244 in
701 4184 905 4265 illampartem
933 4222 936 4229 ·
966 4186 1127 4269 Ceparium
1142 4194 1173 4247 et
1186 4182 1401 4265 lvsrrogrodum
1412 4184 1533 4267 dejecto
1543 4183 1672 4247 feliciter
1690 4204 1773 4267 pras-

100 4279 293 4358 opropuaito
319 4276 437 4339 vivendi
463 4279 705 4351 courmouehant,
725 4280 906 4337 circumvcu·
965 4279 1045 4341 sidio
1066 4283 1158 4362 cepit.

99 4382 219 4451 temque
239 4372 267 4430 in
280 4367 507 4433 mediaeivitate
516 4370 906 4451 lloseicamplebantanta
1043 4368 1093 4435 Ad
1113 4369 1244 4433 auditam
1264 4392 1336 4435 vero
1356 4374 1524 4439 Gothorum
1543 4374 1698 4437 victoriam
1708 4374 1773 4437 su-

99 4469 225 4527 saeuitiu
245 4464 484 4545 immanitateque
506 4463 704 4536 trucidabant,
724 4472 758 4524 ut
772 4461 906 4524 imbelles
964 4466 1095 4549 phanum
1106 4464 1219 4546 Regem
1230 4472 1361 4547 graviter
1373 4477 1550 4531 commotum
1562 4466 1673 4543 ferunt,
1692 4464 1773 4547 quod

100 4559 236 4619 homiues
262 4560 405 4639 projectis
426 4556 465 4618 ad
484 4568 591 4619 torrem
612 4560 712 4630 armis,
732 4556 908 4639 suppliciter
964 4556 1172 4639 indignissimo
1191 4558 1291 4634 ferret,
1311 4582 1376 4623 eam
1387 4562 1533 4625 Livonise
1552 4568 1667 4641 quarte·
1683 4578 1770 4639 quam

100 4654 191 4711 uitam
228 4649 426 4732 deprecantes
456 4648 664 4711 crudelissime
699 4648 905 4713 caederentur.
963 4652 1091 4717 bloscus
1106 4655 1171 4734 jam
1186 4656 1315 4715 retinere
1335 4676 1394 4717 uon
1415 4656 1575 4736 potuisset,
1595 4660 1628 4713 et
1645 4670 1772 4733 proque

101 4744 261 4824 Nunquam
281 4747 358 4804 eninr
383 4744 422 4805 ab
442 4744 503 4806 ulla
523 4746 663 4805 memoria
682 4745 731 4805 vel
751 4748 781 4805 in
801 4742 906 4806 barba·
965 4746 1053 4827 longe
1074 4750 1201 4807 maximo
1221 4756 1322 4807 sumtu
1342 4756 1372 4809 et
1392 4752 1536 4829 apparatu
1567 4744 1677 4809 bellum
1696 4748 1771 4811 illud

103 4856 170 4911 ros,
204 4840 253 4918 qui
278 4836 458 4899 blahometia
488 4845 603 4899 sectam
627 4836 776 4911 colerent,
803 4836 906 4897 celin
966 4840 1173 4921 suscepisset,
1203 4838 1262 4900 sibi
1288 4838 1417 4915 absenti,
1447 4848 1479 4899 et
1505 4842 1534 4899 iu
1564 4838 1683 4902 hostico
1711 4863 1773 4905 reru

102 4938 263 5010 perpetuos
289 4930 394 4992 hostes
418 4940 509 5012 atque
530 4932 683 5001 inimicos,
703 4926 856 4991 uindictae
875 4926 908 4989 li·
967 4934 1081 5011 gerenti
1110 4940 1215 4993 contra
1236 4934 1290 5013 jus
1316 4932 1504 4993 arctissimae
1528 4928 1682 4995 affinitatis
1712 4952 1773 4997 ere

102 5022 204 5085 hidiae
235 5027 368 5086 strocius
399 5026 544 5087 saeuitum
574 5032 634 5085 est.
686 5022 805 5085 Nemini
837 5018 908 5101 iuga
968 5030 1049 5105 ptem
1076 5044 1156 5085 esse.
1202 5024 1297 5087 Porro
1318 5024 1491 5089 blascorum
1512 5045 1589 5103 gens
1609 5030 1702 5089 tantis
1722 5048 1773 5111 pe
