3742 5626
770 113 1039 171 contubernali.
1708 110 1739 165 ll

77 270 165 347 atque
191 267 233 329 ita
264 265 350 329 nobis
379 265 474 349 naias
504 265 666 346 periculum
696 265 877 333 immineret;
938 270 1061 344 accepta
1093 283 1213 324 suorum
1245 263 1350 334 clade,
1390 261 1569 323 Smolenslro
1603 263 1739 321 continuo

76 366 273 439 expectentur
281 360 434 438 tantisper,
446 356 516 417 dura
529 364 611 417 totus
624 358 877 419 exercitantum
938 354 1117 433 relinquens,
1137 357 1166 414 iu
1186 353 1371 417 dioscoriam
1391 356 1479 433 sugit:
1501 362 1530 414 ot
1551 374 1588 413 ne
1611 358 1739 414 castrum

75 450 202 512 teratur:
223 459 321 511 tantam
341 453 418 510 enim
438 456 509 509 snut
522 456 641 509 nristrae
662 452 750 519 vires,
770 450 878 509 utsine
938 445 1134 524 Drognbnscb
1163 445 1302 507 Litbuaai
1330 454 1524 527 occuparent,
1552 443 1672 505 incendi
1693 447 1739 526 ju·

76 540 176 613 dnbio,
198 564 253 603 uec
275 563 380 622 magun
402 542 517 613 labore,
537 540 616 601 bunc
637 544 799 602 exereitum
827 546 878 600 aut
937 540 995 599 bet.
1036 537 1231 600 lritbuanicus
1265 543 1412 600 exereitus
1446 546 1526 600 reela
1559 535 1738 597 Sruoleuslro

76 638 259 717 opprimere,
287 644 337 695 sut
361 637 591 697 circumventum
620 634 804 695 dioscoriam
829 652 877 691 us·
936 633 1084 691 civitatem
1106 632 1263 701 contendit,
1284 631 1339 691 sed
1359 652 1467 712 capere
1487 651 1550 691 eam
1565 650 1621 689 non
1635 628 1738 709 potuit:

76 748 145 806 que,
167 727 255 788 veluti
269 731 405 809 jumenta
423 745 512 804 agere
533 727 693 806 possimus.
733 724 877 796 Tandem,
936 723 1015 802 qued
1040 722 1198 805 praesidiis
1224 727 1385 806 impositis,
1417 723 1543 784 Moscus
1570 742 1635 783 cam
1661 723 1739 781 bene

76 816 156 897 quod
175 820 292 881 unicum
310 825 418 889 restat,
444 824 535 878 totam
556 838 737 898 occupemus
756 817 877 879 Litbua-
935 815 1075 875 firmatam
1096 816 1269 895 reliquerat:
1294 824 1325 877 et
1344 816 1423 897 quod
1443 816 1550 895 hyems
1563 812 1739 894 impendens

77 913 165 973 nnn.
216 912 332 973 interi·
364 910 618 991 appropinquabat
649 912 801 971 exereitus
827 909 876 969 Li·
935 908 1120 969 obsidionem
1142 908 1337 989 impediebat:
1356 916 1418 969 tum
1437 909 1517 988 quod
1533 907 1648 989 plurimi
1669 910 1740 987 post

75 1003 241 1075 tbnanlcus,
261 1002 385 1065 Polonis
405 1010 435 1063 et
454 1009 573 1063 externo
594 1002 685 1062 milite
705 1005 828 1063 mixtus:
846 1007 877 1061 et
935 999 1102 1060 conflictum
1122 1001 1231 1081 praeda
1252 1002 1361 1070 onusti,
1381 1002 1457 1062 satis
1477 1022 1512 1061 se
1523 1000 1663 1061 effecisse
1672 998 1737 1068 rati,

74 1116 141 1157 enm
160 1102 285 1175 quatuor
302 1094 433 1157 millibus
453 1116 595 1173 passuum
614 1096 653 1154 ab
663 1093 745 1157 Orsa
756 1114 873 1175 proces·
935 1091 1052 1151 domum
1079 1094 1267 1172 repetebant:
1299 1093 1427 1172 denique
1459 1093 1539 1172 quod
1564 1111 1662 1171 neque
1687 1089 1737 1150 Li·

74 1191 177 1257 sisset,
198 1196 322 1267 uterque
341 1187 489 1247 subsistit
528 1187 698 1246 dioscorum
715 1186 792 1247 duae
811 1185 877 1247 alae
935 1183 1045 1253 thuani,
1067 1206 1163 1264 nequo
1183 1185 1282 1247 lllosei
1306 1204 1476 1265 expugnare
1501 1205 1601 1257 arces,
1634 1190 1685 1245 aut
1708 1184 1736 1243 vi

75 1281 192 1359 longius
218 1283 256 1341 ab
283 1280 415 1338 exercitu
440 1282 642 1346 recesserant,
668 1283 700 1335 ut
720 1277 837 1337 bostem
859 1297 877 1337 a
935 1294 1042 1353 capere
1063 1286 1176 1338 norunt.
1216 1278 1262 1339 Ex
1282 1300 1320 1339 ea
1338 1284 1439 1340 autom
1460 1278 1595 1347 victoria,
1621 1282 1737 1357 praeter

74 1380 156 1448 tergo
176 1371 437 1432 circumvenirent:
462 1370 545 1428 acies
565 1376 662 1429 antem
683 1370 828 1430 insuueta
847 1370 876 1427 in
936 1374 1108 1446 recuperata
1133 1371 1205 1433 citra
1224 1370 1404 1431 Smolensko
1435 1372 1491 1429 tria
1521 1376 1634 1441 castra,
1666 1367 1736 1429 Rex

75 1463 173 1522 medio
193 1466 306 1529 stabat,
334 1461 490 1521 subductis
515 1460 690 1539 quibusdam
716 1463 745 1520 in
772 1460 877 1565 spate,
936 1458 1007 1519 nibil
1029 1467 1235 1540 reportaverat.
1275 1465 1362 1521 Auno
1383 1469 1450 1540 post
1469 1462 1548 1523 bunc
1567 1461 1736 1523 condictum

76 1556 126 1632 qui
152 1554 269 1615 bostem
295 1552 332 1614 ad
357 1572 486 1633 pugnam
513 1552 707 1614 lacesserent.
751 1552 797 1614 Ex
826 1552 876 1614 ad·
935 1558 1048 1631 quarto,
1070 1554 1148 1613 misit
1167 1553 1196 1613 ln
1216 1553 1404 1614 Litbuaniam
1430 1557 1579 1615 exereitus
1600 1553 1736 1623 blesens,

76 1666 163 1707 verso
183 1646 353 1707 thbuaous
368 1644 506 1705 diversas
526 1647 645 1727 copias,
665 1645 767 1707 ordine
787 1646 875 1725 longe
933 1648 1023 1723 atque
1050 1648 1126 1705 intra
1156 1652 1272 1705 meatus
1302 1645 1416 1705 livinae
1443 1644 1521 1707 duvii
1548 1654 1577 1705 et
1604 1644 1736 1705 Poloclro

74 1736 254 1809 collocabet3
273 1735 379 1815 singuli
393 1738 500 1797 etenim
513 1737 705 1819 principatus,
718 1757 792 1798 snae
805 1756 875 1816 gen·
933 1739 1066 1797 nastrum
1086 1738 1243 1798 consedit:
1263 1758 1298 1798 ae
1311 1736 1379 1797 inde
1391 1737 1498 1797 bonam
1512 1739 1662 1797 exereitus
1673 1757 1735 1818 par·

73 1833 112 1890 tia
131 1832 243 1909 copias,
264 1836 295 1889 at
313 1827 420 1889 ducem
439 1831 597 1901 miserant3
617 1834 706 1908 atque
726 1830 768 1891 ita
777 1831 873 1907 singu·
932 1834 1003 1895 tem,
1023 1848 1101 1907 quac
1120 1827 1309 1890 bitbnaniam
1330 1831 1436 1891 abacta
1456 1828 1566 1908 praeda
1586 1829 1678 1890 caede
1705 1836 1736 1889 et

72 1924 111 1981 lls
136 1941 212 1983 suus
242 1924 270 1981 in
290 1925 355 1982 acie
375 1920 499 1981 dabatur
525 1920 619 1982 locus.
666 1920 800 1983 Tandem
826 1942 874 1982 ee·
933 1920 1079 1983 incendiis
1097 1920 1336 2002 depopularetur,
1355 1921 1472 1984 dimisit.
1516 1921 1657 1982 Albertus
1678 1920 1735 1983 Ga·

71 2013 205 2075 hortibus
226 2016 256 2075 in
276 2013 373 2074 fronte
392 2014 578 2083 constitutis,
597 2014 695 2075 Mosei
715 2012 874 2074 classicum
933 2012 1012 2072 stold
1043 2013 1177 2097 Poloclrij
1205 2013 1352 2095 Voyvoda
1383 2035 1442 2076 una
1475 2016 1602 2075 noctium
1637 2033 1734 2092 egres·

72 2114 226 2178 canentes,
247 2107 332 2187 primi
353 2107 383 2167 in
405 2103 574 2165 Litbuanos
593 2106 734 2186 impetum
755 2106 874 2177 iaciunt,
933 2125 998 2175 sus,
1021 2105 1138 2167 dominc
1158 2113 1306 2187 superato,
1327 2126 1465 2167 acervum
1486 2107 1576 2178 ioeni,
1596 2105 1677 2185 quod
1695 2107 1736 2167 ad

72 2198 112 2258 illi
132 2198 212 2259 baud
229 2198 484 2269 tinidirasistuut,
505 2219 618 2277 eosque
631 2197 793 2278 repelluot3
813 2201 874 2277 qni·
901 2214 905 2339 q
933 2195 1051 2274 longam
1072 2198 1255 2259 obsidionem
1276 2206 1490 2277 congesserant
1509 2198 1616 2268 blosci,
1637 2200 1733 2259 incen-

72 2292 129 2351 bus
148 2310 217 2351 mox
235 2291 285 2353 alil
304 2290 485 2351 inauxilium
495 2288 590 2357 missi,
611 2290 742 2351 vicissim
753 2288 874 2351 Litbua·
933 2286 985 2358 dit,
1004 2286 1121 2351 bostem
1148 2290 1273 2351 invadit:
1306 2311 1429 2370 quorum
1453 2286 1503 2352 alii
1530 2310 1621 2352 caeso
1647 2291 1733 2361 terro,

72 2404 128 2443 nos
150 2388 179 2443 in
201 2382 300 2461 lugan
325 2388 514 2453 consenum
541 2382 586 2441 sie
612 2382 771 2461 aliquoties
797 2389 873 2444 utra·
932 2379 980 2441 alii
1001 2380 1140 2459 fugiendo
1161 2384 1316 2453 submersi,
1335 2383 1384 2445 alii
1405 2386 1498 2464 eapti,
1518 2386 1605 2464 pauci
1632 2404 1733 2445 evase·

72 2497 130 2555 que
149 2497 219 2555 pars
240 2477 324 2535 novis
344 2472 489 2535 subsidiis
508 2482 610 2542 aucta,
631 2474 753 2535 alteram
780 2476 872 2555 repel·
932 2480 1014 2546 ruut;
1034 2478 1153 2543 caeteri,
1174 2477 1224 2553 qui
1248 2473 1385 2556 palantes
1404 2473 1611 2536 Litbuvauiam
1638 2483 1732 2538 vasta

70 2567 159 2630 lebat.
199 2570 354 2629 Postremo
375 2567 504 2629 maxima
524 2567 552 2625 vi
574 2573 710 2627 certam.
732 2566 872 2627 bithnuni
932 2566 1010 2635 baut,
1031 2588 1101 2645 pars
1121 2568 1150 2626 in
1169 2566 1244 2627 loeis
1265 2565 1392 2627 dirersis
1410 2566 1531 2638 devicti,
1552 2569 1601 2627 alii
1628 2571 1657 2627 in
1684 2568 1732 2631 sil·

69 2659 168 2720 studio
189 2661 333 2721 cedentes
354 2658 393 2721 ad
412 2662 520 2720 locum.
541 2660 591 2719 ubi
608 2665 751 2721 tormenta
765 2660 872 2721 bellica
931 2661 977 2718 vis
997 2668 1130 2721 errantes
1151 2680 1169 2719 a
1189 2659 1303 2719 colonis
1322 2659 1458 2719 trucidati
1479 2669 1557 2719 sunt

69 2752 302 2822 collocaverant,
327 2772 366 2817 ea
390 2752 419 2811 in
439 2750 563 2813 bloecos
589 2754 783 2831 insequentes
805 2774 871 2813 con·
1008 2752 1109 2813 Casan
1130 2771 1250 2830 regnum
1269 2750 1394 2812 llloscus
1415 2760 1732 2832 quoqueeotempore,

70 2850 202 2905 renunt:
227 2852 445 2922 extremamque
471 2846 566 2905 aciem
593 2862 692 2903 eorum
717 2845 747 2904 in
774 2846 870 2905 subsi-
898 2888 901 2925 ἑ
930 2850 989 2903 tam
1002 2843 1096 2905 navali
1109 2862 1195 2923 quam
1212 2845 1343 2922 equestri
1356 2845 1733 2923 exercitueratagreaaus:

68 2935 129 2997 diis
153 2939 264 2998 arctius
289 2936 461 2997 collocatam
488 2934 610 3005 l'eriunt,
640 2934 772 3007 turbant,
805 2938 870 2998 din.
898 2946 902 2955 '
930 2934 985 2995 sed
1004 2957 1036 2995 re
1057 2934 1175 3007 inlecta,
1195 2937 1317 2996 amissis
1343 2935 1565 3016 quampluribus
1590 2936 1732 2999 militibus

67 3034 220 3108 uanique.
260 3027 326 3089 lloc
352 3048 427 3087 trono
454 3027 522 3087 belli
548 3047 656 3103 genere
681 3026 795 3101 lllesci,
819 3032 869 3109 qui
928 3026 1024 3090 rediit.
1044 3027 1348 3111 Porroprinccpsille
1368 3026 1511 3099 Basilius,
1531 3030 1588 3089 etsi
1610 3031 1639 3087 in
1653 3030 1731 3091 bello

67 3122 178 3199 primos
203 3120 344 3181 decimat
368 3122 482 3180 inscie
510 3139 575 3179 cun
601 3117 688 3179 boste
714 3121 868 3199 conlligen·
929 3126 1013 3181 esset
1032 3119 1264 3191 infelicissimus,
1290 3118 1480 3180 nibilominus
1505 3127 1602 3181 umen
1628 3125 1731 3183 asnis

67 3219 126 3283 tes,
144 3215 174 3271 in
194 3214 324 3293 periculo
346 3232 416 3271 esso
438 3212 594 3289 putabant,
621 3217 780 3273 terrentur:
811 3221 867 3275 tur-
927 3232 1055 3294 semper,
1075 3218 1214 3293 tanquam
1235 3233 1285 3273 res
1298 3212 1423 3273 feliciter
1436 3218 1562 3291 gereret,
1581 3210 1730 3275 laudatur:

67 3305 196 3383 batiqne,
218 3307 338 3385 primam
360 3304 454 3363 aciem
471 3305 596 3385 Jamjam
611 3303 707 3364 tusam
721 3312 867 3381 putantes,
927 3311 958 3365 et
977 3326 1042 3366 enm
1063 3325 1270 3385 nonnunquam
1296 3306 1343 3365 rix
1369 3304 1489 3365 dimidia
1514 3305 1636 3365 militum
1662 3327 1730 3385 para

66 3396 164 3475 lugam
184 3403 363 3479 capessunt;
388 3416 464 3475 quos
484 3395 623 3456 Litbuani
643 3399 788 3469 conversi,
808 3420 868 3460 onr-
927 3397 1045 3459 donnum
1066 3396 1194 3465 redierit,
1213 3403 1312 3458 tamen
1333 3417 1372 3475 ue
1390 3418 1481 3458 unum
1501 3398 1618 3476 quiden
1646 3420 1728 3478 prae·

66 3490 153 3549 nibus
173 3491 268 3568 copiis
289 3488 393 3547 etl'usis
419 3488 629 3566 insequuntur,
658 3489 773 3566 sugant,
801 3514 867 3551 eue-
894 3462 899 3563 l
927 3492 966 3551 iio
986 3511 1057 3551 esse
1077 3492 1219 3552 amissum
1245 3488 1387 3551 dictitant.
1430 3490 1568 3569 inperio,
1594 3490 1672 3569 quod
1699 3494 1728 3551 in

65 3579 206 3659 dantque.
245 3581 332 3642 llane
350 3580 470 3643 eaedem
492 3579 557 3639 sola
577 3600 634 3640 nox
654 3600 689 3641 ae
702 3582 805 3660 sylvae
826 3583 867 3643 di·
894 3568 899 3663 l
926 3602 1000 3643 suos
1022 3588 1150 3651 exercet,
1170 3602 1275 3642 omnes
1295 3580 1383 3642 facile
1402 3583 1532 3642 universi
1558 3584 1638 3643 orbis
1671 3604 1728 3643 mo·

65 3680 222 3735 remerunt.
276 3673 333 3733 Est
368 3674 442 3733 inter
470 3670 581 3731 Orsum
615 3680 646 3731 et
676 3672 866 3737 Dnbrornam
894 3672 897 3731 ἱ
925 3675 1053 3737 narcbas
1073 3682 1203 3753 superat,
1224 3682 1256 3735 et
1274 3673 1304 3734 id
1332 3672 1412 3753 quod
1437 3680 1522 3754 pater
1549 3676 1728 3755 incoeperat,

63 3768 158 3844 (quae
187 3771 311 3843 quatuor
337 3765 394 3824 mil.
423 3764 493 3826 Ger.
519 3762 642 3838 distant)
667 3764 776 3827 tiuvius
796 3768 865 3829 Cro·
893 3758 897 3839 l
924 3769 990 3847 lpse
1000 3767 1142 3849 perfecit:
1161 3768 1295 3827 nimirum
1308 3785 1414 3827 omnes
1425 3767 1585 3847 principes,
1609 3773 1639 3825 et
1651 3768 1727 3829 alios

63 3859 154 3939 pirna
174 3857 286 3918 dietus:
318 3861 346 3916 in
368 3858 454 3938 eujus
475 3855 573 3917 dubiis
594 3864 625 3917 et
645 3856 714 3917 altis
735 3861 806 3938 ripis
823 3862 865 3921 lu·
924 3882 981 3941 quo
1001 3862 1067 3923 suis
1085 3860 1222 3921 onnibus
1242 3858 1395 3919 castrisue
1411 3858 1621 3919 munitionibus
1634 3863 1725 3920 exuit.

63 3952 190 4026 gientes,
211 3956 254 4009 tot
272 3948 370 4009 illosei
390 3950 536 4010 submersi
550 3956 628 4019 sunt,
650 3956 801 4011 utcursus
814 3953 864 4015 bn·
924 3953 1014 4015 Certe
1039 3949 1177 4015 iratribus
1202 3952 1268 4011 suis
1293 3952 1440 4027 germanis
1468 3970 1523 4009 nee
1549 3971 1635 4013 arces
1663 3975 1726 4035 per·

63 4042 153 4101 minis
172 4041 368 4120 impediretur.
411 4040 498 4121 Capti
518 4046 588 4100 suut
614 4042 642 4098 in
670 4062 706 4101 eo
726 4044 864 4107 condictu
926 4048 1025 4117 nitur,
1047 4064 1103 4106 nec
1123 4045 1211 4103 etiam
1238 4041 1374 4116 conlidit;
1400 4063 1504 4103 omnes
1527 4046 1626 4125 juata,
1655 4046 1727 4107 dura

62 4151 170 4193 omnes
189 4132 308 4197 nilitiae
327 4133 467 4210 praelecti
487 4153 523 4193 ac
544 4132 718 4193 eonsiliarii:
741 4156 863 4215 quorun
922 4140 1065 4199 servituto
1085 4136 1205 4215 premite
1224 4133 1311 4205 adeo,
1331 4141 1363 4195 ut
1383 4156 1588 4217 quemcunque
1601 4137 1680 4220 apud
1691 4160 1726 4199 se

59 4225 303 4307 praestantiores,
329 4226 545 4287 Constantinus
564 4227 701 4305 sequenti
728 4227 777 4287 die
804 4228 863 4289 lau·
922 4233 951 4291 ln
972 4230 1040 4290 aula
1059 4247 1139 4297 esse,
1159 4232 1210 4287 ant
1229 4229 1258 4287 in
1278 4227 1387 4288 bellum
1408 4231 1459 4301 ire,
1479 4236 1529 4291 aut
1549 4230 1725 4309 legationem

59 4319 180 4380 tiulure
199 4319 321 4394 aceepit,
341 4318 409 4379 dein
431 4317 467 4379 ad
488 4317 601 4396 Regem
622 4318 719 4377 misit:
740 4321 789 4399 qui
810 4342 863 4401 per
922 4322 1047 4402 aliquam
1061 4320 1143 4380 obire
1151 4320 1288 4402 jusserit,
1314 4320 1395 4382 obire
1408 4322 1534 4400 quodvis
1548 4326 1613 4383 suis
1626 4342 1724 4400 sump·

58 4416 161 4473 osana
179 4408 358 4471 Litbuaniea
381 4416 451 4469 sunt
464 4408 620 4470 distributi.
642 4410 775 4473 loannes
790 4412 861 4474 Cec-
920 4416 1001 4476 tibus
1020 4418 1158 4493 cogatur}
1178 4413 1312 4493 exceptis
1331 4413 1564 4475 adolescentulis
1586 4416 1653 4474 filiis
1667 4413 1724 4474 Bo·

57 4502 140 4565 ladio
160 4522 228 4563 oum
248 4503 317 4563 aliis
338 4502 455 4561 derebus
477 4503 647 4583 praecipuis
657 4505 861 4583 ingravescen·
916 4509 1068 4589 jaronun,
1088 4505 1146 4566 boc
1166 4511 1228 4575 est,
1254 4507 1397 4565 tenuioris
1419 4506 1551 4566 fortunae
1574 4506 1723 4574 nobilium,

56 4600 99 4659 tis
120 4598 185 4678 jam
211 4598 319 4657 aetatis
344 4593 485 4661 ducibus,
510 4592 674 4657 habebatur
699 4598 728 4657 in
756 4597 861 4659 terreis
920 4620 997 4681 quoa
1008 4604 1182 4682 paupertate
1194 4617 1367 4678 oppressos,
1387 4600 1546 4676 quotannis
1559 4616 1722 4665 assumere,

55 4687 253 4769 compedibus
272 4686 395 4757 Vilnae3
427 4682 483 4745 bos
503 4705 573 4763 ego,
601 4706 667 4747 cum
687 4711 706 4750 a
727 4688 860 4753 Caesare
920 4712 1034 4772 eosque
1054 4693 1084 4750 iu
1107 4688 1223 4771 aequali
1243 4690 1391 4769 stipendio
1413 4690 1562 4768 proposito
1581 4686 1721 4750 alereso-
1788 4762 1792 4769 ἡ

55 4781 258 4842 nissi-iliano
278 4780 395 4858 legatus
416 4776 445 4835 in
466 4774 648 4839 dioscoriam
675 4783 858 4845 missusne
919 4784 968 4846 let
1007 4784 1098 4843 Porro
1120 4782 1229 4862 quibus
1248 4781 1276 4840 ln
1297 4803 1405 4842 annum
1428 4801 1482 4839 sex
1502 4799 1610 4839 aureos
1623 4800 1720 4843 uume-

56 4894 138 4943 sem,
164 4874 352 4955 permittente
378 4869 464 4949 Rege
490 4868 698 4947 Sigismundo,
731 4876 858 4945 accessi,
917 4884 970 4947 rat,
988 4878 1026 4937 iis
1045 4876 1131 4937 tertio
1152 4893 1356 4955 quoqueanno
1371 4872 1549 4949 stipendium
1563 4874 1720 4935 exolvitur:

57 4987 170 5046 eosque
196 4964 389 5027 consolabar:
420 4982 528 5025 aureos
558 4969 711 5042 praeterea
735 4965 856 5046 aliquot,
917 4970 1027 5049 quibus
1045 4974 1143 5030 auten
1161 4968 1191 5025 ln
1212 4963 1346 5039 singulos
1367 4982 1461 5024 annos
1488 4964 1593 5028 dantur
1617 4969 1652 5025 12
1670 4990 1720 5029 an-

59 5058 283 5119 obsecrantibus
304 5064 404 5119 mutuo
419 5056 568 5119 dederam.
608 5052 753 5137 Princeps
772 5080 855 5137 porro
918 5063 976 5129 rei,
1002 5062 1023 5120 ii
1050 5062 1192 5137 eoguntur
1211 5053 1248 5115 ad
1270 5052 1395 5132 quodvis
1415 5076 1524 5123 meroris
1550 5061 1718 5122 obeundum
