3742 5626
777 227 1013 286 emmiu.

132 388 265 449 liutheri
284 384 446 445 secuudum
463 381 670 445 calendarium
690 402 777 443 suum
796 382 858 461 plu·
917 387 974 451 tur,
994 387 1064 440 sunt
1084 380 1129 451 bi,
1156 381 1289 443 Basilius
1309 381 1456 461 hleguus,
1483 380 1648 460 Gregorius
1665 376 1725 439 Ns·

57 482 129 544 rima
150 484 229 542 testa
247 478 388 548 divorum,
410 496 467 536 nou
482 475 660 545 hisdiebus,
679 475 788 555 quibus
799 470 860 533 Rc·
918 474 1089 543 zianzcuus,
1102 472 1298 535 etlobannes
1312 472 1560 555 Chrysestomus,
1580 490 1670 554 quem
1684 460 1726 531 titi

56 576 135 635 mani
158 573 319 633 celebrant.
346 568 499 631 Trinitatis
519 568 626 629 lesturu
647 567 800 626 celebrant
820 565 861 625 lc·
918 564 1076 633 Ziotousti,
1104 564 1133 623 id
1152 570 1211 635 est,
1229 587 1349 627 aureum
1369 588 1405 628 os
1424 566 1599 636 habeatem,
1625 562 1727 645 appel·

57 668 101 727 ria
118 662 252 723 secunda
267 664 472 734 Pentecosten,
492 663 522 721 in
542 668 648 721 octava
666 664 765 719 autern
786 656 861 717 Peu·
888 648 892 737 l

58 764 193 817 tecostea
205 757 308 815 testum
323 758 452 814 omnium
470 761 635 815 sanctornm
650 752 769 812 obeunt.
789 749 862 811 Fes·
890 754 893 825 t

60 856 124 909 tum
147 868 216 908 rero
236 848 366 927 eorporis
387 846 500 907 Christi
527 866 610 906 nrore
629 844 783 904 Romanae
807 841 864 902 Ec·
890 873 895 961 p

61 941 172 1001 etesiae
192 958 248 1000 nen
269 946 454 1002 venerantur.
478 940 535 999 i'iri
556 938 787 1018 praestantiores
799 955 864 1016 per-

62 1035 138 1094 actis
157 1034 260 1099 sacris,
280 1033 433 1104 ebrietate,
455 1036 485 1091 et
505 1030 804 1092 commessationibus
824 1026 864 1087 te·
892 978 896 1085 l

62 1133 128 1187 stes
147 1125 212 1185 dies
233 1131 419 1185 consumunt
441 1122 533 1186 Cives
550 1124 738 1202 artificesque
758 1121 866 1180 divinis
893 1120 897 1221 2

60 1216 235 1299 peragendis
253 1217 403 1278 interanea
422 1216 529 1286 solent,
549 1215 658 1295 quibus
679 1214 807 1294 peractis
826 1215 865 1273 Ιι·
894 1230 898 1313 p

894 1318 898 1360 t
924 1306 1058 1365 citantur.
1079 1305 1344 1368 concionatoribus
1355 1313 1465 1377 carcat,
1482 1307 1559 1367 satis
1568 1307 1728 1367 culmem

893 1384 898 1429 ἶ
924 1404 1029 1478 putant
1047 1399 1145 1458 sacris
1164 1400 1349 1471 interfuisse,
1375 1422 1411 1460 ac
1431 1396 1588 1478 Evangelii
1608 1396 1728 1479 Episto-

895 1530 897 1541 ι
925 1490 1077 1570 laremque
1098 1493 1202 1562 verbo,
1228 1512 1304 1571 quae
1323 1493 1480 1553 vernacula
1504 1492 1604 1570 lingua
1624 1492 1729 1551 recitat

895 1590 898 1601 '
925 1583 1120 1654 sacriticulus,
1137 1583 1279 1647 adivisse.
1305 1584 1540 1665 Concionariqoe
1549 1588 1579 1645 in
1593 1586 1659 1645 suis
1671 1583 1728 1646 Ec»

61 1310 180 1370 boribus
200 1310 382 1380 domesticis,
403 1310 589 1389 eaeterisque
610 1308 737 1386 negotiis
757 1307 865 1365 incarm-

62 1404 143 1473 bunt,
164 1402 301 1464 diceutes
322 1402 420 1462 feriari
438 1408 469 1462 et
489 1422 506 1460 a
526 1400 627 1459 labore
638 1401 797 1468 abstinere,
817 1398 865 1457 do-

59 1495 205 1553 minorum
227 1515 300 1555 esse

136 1586 290 1648 Nicolaum
301 1592 436 1647 sanctum
448 1587 524 1645 inter
536 1589 671 1646 caeteros
683 1584 771 1644 diros
785 1602 865 1661 prae-

62 1681 153 1761 eipue
170 1687 355 1751 venerantur,
376 1698 502 1759 eumque
521 1677 621 1738 divino
638 1678 701 1737 lere
712 1676 866 1754 cuitupro·

61 1779 236 1853 sequuntur,
256 1774 428 1853 templaque
447 1773 606 1853 praecipua
627 1771 734 1830 nomini
747 1770 814 1851 ejus
824 1768 865 1827 di·

59 1872 128 1927 eata
142 1867 265 1945 erigunt,
282 1864 320 1924 de
331 1868 417 1948 cujus
431 1864 564 1943 plurimis
574 1863 721 1925 miraculis
732 1861 865 1941 trequen-

60 1970 106 2019 ter
126 1959 309 2041 praedicant.

139 2050 257 2112 Habent
276 2053 365 2111 etiam
392 2052 420 2109 in
441 2050 586 2128 catalogo
611 2058 780 2111 sanctorum
805 2047 866 2107 Ro·

62 2164 167 2204 manos
188 2144 333 2225 quosdam
355 2142 525 2214 Pontilices,
550 2162 627 2222 quus
648 2144 724 2202 iuter
745 2147 867 2202 sanctos

62 2244 246 2299 venerantur.
298 2236 446 2297 Caeteros
471 2256 557 2306 vero,
588 2236 636 2315 qui
667 2241 735 2312 post
766 2252 867 2293 eorum
894 2296 897 2311 Ι

62 2330 196 2392 schisma
216 2330 334 2389 fuerunt
354 2328 491 2408 (quando
517 2348 536 2388 a
554 2327 701 2387 Romame
727 2327 867 2410 disjuncti

62 2426 144 2496 eunt)
165 2429 349 2492 execrantur,
369 2428 399 2481 et
418 2442 472 2503 pre
498 2420 657 2481 haereticis
683 2420 866 2498 gravissimis
895 2496 898 2505 ι

63 2536 120 2574 ιιι
140 2514 258 2584 babent,
280 2534 394 2595 eosque
414 2514 623 2575 schismaticos
647 2513 807 2595 appellant.

142 2612 174 2668 to
194 2610 321 2690 septimo
335 2608 413 2667 euim
423 2607 553 2685 generali
565 2606 699 2678 concilio,
720 2605 797 2685 quod
809 2607 866 2666 sub

64 2702 197 2763 Adriano
218 2703 300 2783 Papa
321 2700 499 2762 celebratum
520 2706 577 2772 cst,
603 2701 775 2761 conclusum
795 2717 867 2758 esse

64 2796 175 2865 dicunt,
196 2802 228 2853 ut
250 2816 296 2863 ιι,
317 2796 443 2872 quaein
464 2794 713 2874 praecedentibus
733 2790 868 2871 synodis

64 2888 224 2947 constituta
245 2887 445 2964 conclusaque
458 2887 576 2957 tuerint,
595 2887 624 2944 in
636 2891 786 2966 presterum
798 2904 868 2962 quc·

66 2998 125 3057 que
144 2977 249 3049 solida,
270 2985 341 3048 rata,
360 2986 542 3059 acceptaque
554 2986 586 3037 et
597 2984 867 3059 perpetuatencaa-
896 2976 899 2985 '

65 3078 122 3141 tur,
143 3090 198 3131 nec
218 3077 286 3152 post
306 3069 362 3131 bac
382 3072 517 3151 cuiquam
538 3070 596 3131 sub
609 3072 689 3149 gravi
701 3069 868 3130 anatliema·
896 3132 899 3141 ,

62 3164 106 3221 tia
125 3182 223 3243 poena
243 3164 322 3224 aliud
343 3164 494 3224 concilium
515 3164 682 3231 celebrare,
707 3170 760 3223 aut
784 3180 868 3222 acce-

65 3257 136 3315 dere
157 3256 256 3317 licere.
292 3263 323 3316 tn
344 3258 393 3317 bis
412 3262 510 3317 autem
531 3262 645 3338 septem
658 3255 793 3315 conciliis
813 3254 870 3314 bos

66 3346 227 3409 Pontifices
253 3350 407 3410 Romanos
434 3352 528 3411 luisse
553 3356 686 3419 constat,
711 3368 788 3428 quos
808 3345 870 3406 Ru·

65 3444 145 3501 tbeni
160 3445 234 3502 iuter
247 3452 368 3503 sauctus
380 3454 565 3514 venerantur,
585 3442 753 3522 dignosque
772 3439 869 3501 cuthe-

66 3536 119 3597 dro
138 3538 183 3595 st.
204 3536 286 3595 Petri
305 3536 416 3609 dicoot,
434 3537 502 3599 ideo
525 3536 603 3617 quod
615 3556 718 3595 secum
737 3536 871 3595 seuircut

65 3630 94 3687 in
114 3632 204 3708 prima
215 3630 348 3708 Syaedo,
360 3629 470 3710 Papam
482 3628 677 3706 sylvestrum,
697 3624 872 3687 insecundo

65 3722 237 3791 Damasum,
259 3725 286 3781 in
307 3725 394 3782 tertia
415 3723 608 3789 Celestinum,
628 3724 656 3779 io
677 3714 869 3798 quinta-loeo·

66 3834 144 3883 nem,
164 3817 318 3894 inquieta
338 3814 494 3891 vigilium,
521 3816 550 3873 io
571 3819 657 3873 sexta
676 3810 871 3892 Orphanium,

65 3911 96 3969 in
116 3910 239 3984 septima
259 3907 431 3976 Adriooum,
450 3909 606 3987 omniaque
620 3904 754 3965 concilia
771 3910 802 3963 et
814 3903 870 3984 Sy-

66 4000 171 4067 nodos,
193 4008 262 4079 purat
281 3998 338 4059 bas
358 4009 473 4081 septem
487 4001 656 4081 praedictas
669 3997 812 4077 synodos
824 4016 870 4055 ce·

67 4093 190 4157 lebrato,
213 4090 376 4161 maledicta,
396 4112 545 4173 perversa,
566 4104 597 4152 et
618 4092 736 4151 haeresi
749 4090 871 4167 turpiter

66 4184 226 4263 depravata
247 4204 327 4253 esse,
347 4185 457 4247 dicunt.
495 4186 568 4246 Erat
587 4183 704 4265 quidam
723 4182 870 4262 Metropo-

66 4280 177 4339 titanus
186 4276 319 4336 Rrrssioe
334 4279 465 4339 isidorus
475 4280 601 4346 nomine,
612 4278 661 4357 qui
672 4275 775 4337 sedem
785 4294 870 4335 suam

66 4375 99 4433 in
119 4370 239 4452 liijoria
263 4370 423 4439 retinebat,
449 4372 477 4431 is
495 4372 534 4431 ad
554 4370 708 4431 concilium
729 4367 871 4430 Florenti·

65 4485 146 4532 num,
168 4463 246 4542 quod
268 4462 447 4523 celebratum
473 4470 521 4525 est
545 4466 603 4525 sub
622 4462 758 4541 Eugeuio
778 4461 871 4539 Papa,

65 4563 197 4627 venerat,
217 4557 266 4616 obi
277 4554 434 4617 Ecclesiae
443 4554 630 4617 Rutbenicas
640 4557 767 4639 abjectis
780 4555 870 4615 tirac-

67 4670 168 4711 eorom
188 4651 302 4721 ritibus,
321 4668 387 4709 cum
406 4648 545 4711 Romana
562 4648 702 4711 Ecclesia
722 4651 870 4721 uuirerat3

67 4745 186 4804 taudem
209 4746 237 4802 in
258 4742 401 4803 Russinm
422 4762 575 4813 reversus,
602 4762 670 4803 curn
689 4743 870 4824 propositum

67 4858 155 4897 suurn
175 4844 205 4895 et
216 4857 277 4896 rem
285 4838 346 4919 jorn
357 4837 527 4898 conclusam
534 4834 872 4916 Ruthcnisproponeret,

67 4930 199 5010 illosque
219 4952 255 4991 ex
275 4932 365 4990 sorbo
386 4928 445 4991 Dei
470 4930 509 4989 ad
528 4930 671 4989 unitatem
697 4935 727 4989 et
752 4948 871 4989 coneor-

67 5022 147 5084 diam
168 5022 236 5083 idei
257 5024 426 5098 instrueret3
450 5023 645 5102 omnibusque
664 5021 871 5101 benisspolia·

67 5122 119 5177 tus
139 5118 169 5177 in
189 5134 325 5178 carceres
345 5120 502 5200 conjectos
522 5120 581 5180 est.

146 5208 304 5281 ὓιιιιιιι,
318 5230 440 5289 quorum
451 5208 589 5289 dogmata
598 5206 732 5271 musar
744 5226 872 5289 uquuo·

920 659 990 719 lant.
1012 656 1146 737 Gregorii
1167 658 1253 715 etiam
1266 657 1420 720 Pontideis
1434 658 1561 719 Romani
1582 658 1675 718 libres
1687 654 1727 717 de

921 751 1084 811 moralibus
1104 750 1235 829 scriptos
1254 749 1372 810 babeot.

999 843 1135 915 Sacmm,
1155 845 1222 903 sire
1232 842 1329 903 blissa
1342 842 1519 903 Sclavontca
1534 842 1632 923 lingua
1648 843 1727 924 apud

922 935 990 995 illos
1009 939 1167 1016 peragitur,
1188 936 1362 995 intermixtis
1382 936 1470 995 etiam
1484 936 1642 1015 aliquando
1660 956 1726 997 cau·

922 1029 1054 1089 tionibus
1075 1029 1211 1099 Graecis,
1231 1028 1369 1107 Epistola
1387 1034 1417 1088 et
1435 1027 1646 1107 Evangelium,
1669 1049 1727 1110 quo

924 1123 1017 1198 magis
1037 1143 1056 1182 ι
1074 1123 1184 1202 populo
1206 1122 1419 1203 percipiantur,
1443 1126 1528 1182 extra
1551 1120 1672 1181 chorum
1698 1122 1727 1181 ia

924 1212 1021 1273 medio
1041 1213 1198 1275 Ecclesiae
1219 1216 1329 1275 astanti
1350 1213 1468 1295 populo,
1488 1213 1569 1275 clara
1588 1232 1664 1274 rece
1682 1232 1728 1273 re-

925 1676 1029 1736 clesiis
1055 1677 1293 1737 obstinatissime
1319 1676 1489 1754 prohibent,
1514 1678 1616 1739 dieunt
1639 1679 1728 1748 enim,

894 1774 897 1827 ὲ
924 1788 961 1829 se
981 1767 1401 1831 beemodovariasbaoresos
1420 1770 1595 1831 etdirersas
1615 1771 1653 1830 de
1669 1770 1728 1831 lide

894 1872 896 1877 ’
924 1863 1081 1942 opiniones
1101 1860 1241 1941 effugere,
1259 1882 1336 1944 quac
1357 1883 1395 1923 cx
1406 1865 1599 1925 concionibus
1620 1863 1728 1925 etsub

893 1962 897 1991 ⁸
924 1955 1025 2014 titibus
1045 1952 1227 2034 argumeutls
1245 1954 1481 2037 sophisticisque
1502 1956 1728 2037 quaestionibus

924 2048 1063 2106 oriuntur.

1002 2140 1110 2200 Panem
1130 2138 1169 2200 ad
1189 2140 1414 2202 sacrificandum
1434 2142 1494 2204 boc
1512 2143 1600 2204 modo
1619 2143 1728 2203 sacriti-

926 2239 1002 2303 cant,
1022 2252 1101 2292 uuus
1119 2252 1218 2293 corum
1239 2244 1445 2315 praeparatum
1464 2257 1572 2318 panem
1588 2235 1627 2297 ad
1640 2236 1729 2297 sacri-
1772 2246 1776 2253 '

926 2324 1072 2386 beandum
1091 2327 1121 2386 in
1140 2332 1248 2406 patena
1274 2348 1364 2407 super
1384 2330 1489 2406 capite,
1518 2350 1573 2411 per
1592 2330 1729 2391 minorem

924 2424 1038 2501 portam
1060 2418 1099 2479 do
1118 2422 1248 2481 sacrario
1270 2440 1413 2499 egressus
1430 2428 1543 2502 portat,
1562 2426 1640 2483 alter
1658 2440 1729 2482 rere

895 2526 897 2533 ·
926 2518 1094 2592 coopertum
1114 2514 1236 2575 calicem
1258 2516 1325 2574 vioe
1345 2514 1496 2593 repletum,
1523 2517 1650 2575 caeteris
1670 2514 1729 2575 dia·

926 2606 1012 2665 conis
1022 2605 1068 2665 vel
1079 2607 1285 2667 sacerdotibus
1296 2608 1439 2685 imagines
1450 2615 1629 2677 sanctorum,
1640 2607 1729 2676 Petri,

926 2698 1019 2768 Perdi,
1039 2697 1167 2769 Nicotai‚
1189 2701 1236 2759 vet
1257 2699 1418 2759 Michaelis
1428 2696 1606 2777 archangeli,
1627 2719 1730 2777 magua

928 2790 1027 2869 populi
1047 2791 1266 2852 circumstantis
1278 2791 1490 2851 acclamatione
1501 2798 1530 2851 et
1542 2794 1731 2851 veneratione

928 2883 1106 2959 praeferunt,
1115 2883 1234 2962 quidam
1246 2906 1284 2945 ex
1297 2885 1555 2945 circumstantibus
1567 2884 1732 2945 acclament

928 2975 1041 3053 irrigari
1067 2978 1207 3048 oratione,
1226 2976 1355 3039 Domine
1379 2978 1530 3048 miserere,
1556 2979 1606 3039 alii
1635 2978 1730 3039 toan

927 3073 1032 3129 terram
1052 3070 1155 3147 gentili
1175 3090 1257 3130 more
1267 3070 1446 3151 percutiunt,
1466 3070 1584 3151 quidam
1597 3074 1730 3151 nesigno

927 3163 1024 3221 crucis
1035 3162 1218 3241 frequentius
1228 3163 1491 3243 ceputtocliuando
1501 3167 1642 3238 muniunt,
1652 3167 1731 3227 raris

927 3254 1056 3334 denique
1074 3255 1265 3315 veneratione
1290 3274 1327 3316 ac
1348 3256 1430 3316 cultu
1455 3258 1628 3319 circumlata
1645 3258 1733 3337 signa

928 3356 1112 3409 uenerantur.
1153 3350 1266 3410 Postea
1285 3349 1368 3409 linito
1389 3351 1512 3413 circuitu
1530 3372 1586 3433 per
1605 3350 1732 3413 mediam

928 3438 1009 3500 ebori
1029 3449 1140 3522 portam
1160 3442 1338 3504 sacerdotes
1351 3443 1381 3502 in
1396 3446 1557 3506 mererium
1566 3445 1732 3524 ingrediun-

927 3540 984 3604 tur,
1002 3554 1180 3614 sacrumque
1199 3542 1348 3613 peragunt.
1369 3535 1498 3607 Quoties
1509 3558 1546 3599 se
1564 3541 1652 3619 signo
1670 3558 1732 3599 cru·

929 3628 974 3686 cis
993 3629 1137 3697 muniunt,
1156 3626 1185 3687 id
1205 3628 1595 3703 manudextrasictaciunt,
1614 3632 1732 3692 utinen·

928 3728 989 3779 tem
1010 3721 1144 3799 primum,
1163 3719 1272 3781 deindo
1291 3731 1410 3802 pectus,
1430 3742 1500 3784 mox
1519 3723 1665 3795 dostram,
1696 3742 1733 3783 ac

930 3811 1048 3872 demum
1068 3814 1218 3873 sinistram
1230 3816 1364 3893 pectoris
1376 3820 1488 3892 partem
1498 3817 1620 3895 punctis
1635 3817 1667 3877 in
1676 3815 1733 3875 tor·

929 3924 1006 3965 mam
1027 3906 1124 3965 crucis
1144 3909 1276 3983 tangant.
1305 3904 1395 3978 Quod
1415 3906 1442 3967 st
1462 3908 1625 3987 quisatiter
1643 3928 1680 3969 se
1693 3910 1734 3968 si·

930 4018 989 4077 gne
1022 3998 1121 4058 corcis
1145 3996 1297 4067 munierit,
1329 3998 1409 4059 huuc
1442 3999 1522 4060 vetut
1553 3998 1733 4061 haereticum

930 4092 1097 4171 objurgant.

1008 4183 1177 4243 Gloriantur
1195 4182 1337 4255 Rutbcni,
1362 4206 1399 4249 se
1419 4188 1503 4248 solos
1522 4208 1589 4249 curn
1608 4187 1735 4250 Graecis

928 4294 1017 4335 veros
1037 4274 1228 4337 Christianos
1247 4298 1328 4351 esse,
1347 4278 1505 4343 Romanos
1523 4302 1596 4343 uero
1613 4288 1644 4343 et
1658 4281 1735 4343 alios

930 4368 1120 4431 Christianos
1133 4368 1274 4433 damnant
1290 4384 1321 4435 et
1330 4380 1513 4448 execrantur,
1526 4383 1665 4456 tanquan
1676 4377 1734 4456 pri·

928 4463 1048 4523 mitirae
1060 4462 1219 4526 Ecclesiae
1239 4466 1420 4540 desertores,
1441 4478 1473 4528 et
1484 4474 1601 4546 septem
1617 4476 1734 4528 ιιιιιιι-

928 4576 990 4617 rum
1011 4556 1198 4636 Syuedorum
1218 4564 1480 4643 praevaricatores.
1578 4547 1584 4555 ⁵

1004 4648 1734 4731 Baptismisacramentoliuthonibocmcdoutna·

928 4752 993 4804 turc
1020 4750 1090 4805 nato
1115 4744 1244 4819 intanto,
1270 4747 1415 4808 sacerdos
1440 4749 1537 4807 statim
1563 4745 1734 4816 accersitur,

929 4838 980 4916 qui
997 4844 1067 4897 ante
1080 4838 1161 4899 tores
1173 4860 1337 4921 puerperae
1350 4840 1542 4900 habitationis
1558 4846 1656 4898 certas
1672 4858 1734 4899 ora·

929 4930 1028 4989 tiones
1047 4930 1266 5003 diccrasotent,
1287 4932 1451 5011 intactique
1463 4933 1581 4992 nomine
1598 4933 1735 5014 imposito

929 5021 1050 5083 domurn
1071 5025 1235 5088 revertitur.
1255 5026 1366 5086 Postea
1386 5044 1460 5106 puer
1478 5027 1508 5085 in
1528 5026 1667 5108 templum
1685 5026 1734 5086 de·

929 5114 1030 5185 terim,
1051 5114 1167 5195 hecquo
1186 5116 1276 5177 modo
1296 5120 1478 5200 baptisatur:
1506 5120 1535 5180 in
1556 5140 1663 5200 aquam
1684 5121 1734 5179 inr-

930 5226 1062 5278 ιιιιιιι,
1089 5206 1248 5272 chrismate
1272 5213 1351 5294 quod
1378 5214 1407 5274 in
1435 5212 1636 5285 bebdomada,
1662 5212 1734 5272 terta
