3734 5610
611 208 668 271 DE
687 202 827 270 arabs
847 196 1165 265 muscovl'rtcls.
1671 204 1729 265 ata

57 378 258 460 quaeltatinis
272 372 497 455 objiciebantur,
521 370 694 442 calumnias,
715 368 763 429 rel
784 386 863 427 men·
922 382 1015 439 tinum
1040 380 1098 438 ritu
1124 372 1331 439 (perdemus
1361 377 1518 441 Ecclesiae
1546 376 1727 463 baptismum

55 470 141 533 dacia
161 470 284 531 diluere.
921 470 1136 552 rebaptizaret3
1162 476 1214 531 arrt
1237 468 1325 542 hunc,
1353 470 1401 530 rel
1426 471 1507 532 illum
1536 470 1632 536 lirisse
1655 496 1728 539 vero

130 564 263 626 Primum
282 563 369 631 sitim.
391 555 471 641 q¹¹⁰tl
484 557 594 619 Graeci
617 556 707 636 &lilii
728 553 861 634 ⁰bji⁰⁰f⁰
928 562 1040 626 Christi
1061 562 1211 645 baptismo
1224 560 1407 642 baptisatam
1427 563 1640 640 rroucrederet,
1659 588 1727 651 pes·

54 660 121 721 ausi
141 662 219 726 silut,
240 662 312 735 posi
331 660 447 733 sepiem
467 652 561 733 primu
581 647 717 710 Correilia
728 646 860 707 Genera·
920 660 996 718 ssime
1016 654 1161 729 credam,
1182 674 1219 718 ac
1239 658 1370 735 pessime
1382 654 1505 717 faceret,

53 750 109 821 lia,
139 747 248 809 rudiam
280 742 360 806 aliud
390 762 460 803 esse
492 741 672 819 cogendumt
702 737 763 800 Ubi
791 756 859 798 nam
994 748 1213 830 Neganlporro
1235 748 1340 829 reliqui
1355 748 1465 810 Graeci
1483 750 1729 833 esscplusquam

54 842 194 904 (diribitis
209 838 266 898 llol'-
279 834 370 897 dlxiii
389 836 501 915 Ecquis
512 834 645 912 alligavit
656 832 776 893 verbum
787 828 860 891 Deli
920 860 1007 903 unam
1038 842 1216 905 Chrjgmatig
1244 844 1423 915 unctionem,
1457 844 1506 923 qui
1532 862 1613 904 error
1637 850 1727 907 mani.

55 934 135 1011 Quifl
155 932 298 1013 spirilllm
316 938 453 992 sabellini
473 924 769 996 obunrtescereiccit,
790 926 860 1003 quin
920 932 1106 996 [aptissimus
1128 944 1177 998 pst
1195 943 1300 996 collita
1320 933 1441 995 verbum
1461 933 1531 1004 Dei,
1552 942 1583 997 et
1601 936 1636 997 S,
1661 938 1726 1000 Cle.

51 1024 271 1105 emergentibus
291 1022 449 1093 erroribus,
469 1028 500 1079 ⁰²
518 1018 703 1092 hieffflilfflss,
722 1016 862 1079 Ecclesia
920 1035 1057 1101 urentem,
1077 1048 1113 1088 ae
1135 1030 1365 1091 constitutiones
1385 1027 1591 1107 Apostolicas,
1612 1038 1642 1090 et
1659 1050 1726 1091 con·

51 1146 149 1207 usqne
174 1123 212 1185 ad
240 1130 400 1183 extremum
428 1114 519 1194 hujus
546 1110 646 1173 nrrrudi
676 1109 755 1171 diem
777 1108 859 1169 Chri·
919 1126 965 1180 tra
992 1120 1027 1179 s,
1056 1118 1232 1200 Dionysium
1251 1120 1474 1200 Areopagitam,
1496 1119 1638 1201 Cyrillnm
1656 1120 1727 1185 Hie.

54 1221 173 1281 sliauae
208 1211 386 1277 correordiae
423 1206 603 1278 cousuleret,
629 1226 666 1267 ac
692 1224 747 1285 per
783 1201 859 1263 Con·
918 1212 1170 1291 rosolymitanunq
1191 1222 1223 1275 et
1256 1213 1291 1274 s,
1312 1209 1511 1274 melchiadem
1542 1212 1727 1288 Pontificem,

56 1312 126 1374 cilia
170 1307 341 1379 Generalis,
382 1299 572 1381 generalibus
612 1296 724 1359 morbis
767 1316 859 1356 rente·
920 1312 951 1365 et
975 1304 1137 1383 lilartyrcm
1162 1304 1295 1367 Proinde
1322 1304 1484 1365 mirandum
1512 1326 1571 1366 uon
1604 1316 1669 1381 est,
1697 1311 1726 1371 si

52 1406 134 1467 «lirim
161 1398 337 1465 adhiberet?
361 1396 574 1457 Verumtamen
601 1412 669 1453 cum
689 1390 798 1451 Graeci
820 1391 861 1449 vi·
918 1396 1027 1459 Gracci
1053 1396 1104 1458 ubi
1132 1398 1358 1461 Sacramentum
1393 1392 1634 1461 Corrfirmatiouis
1665 1404 1726 1463 rite

52 1497 173 1569 derant,
211 1498 278 1557 siue
311 1510 370 1551 uno
406 1488 532 1549 Pastore
562 1484 689 1559 visibili,
716 1502 803 1563 quom
828 1488 862 1542 ut
918 1508 977 1548 nou
1003 1498 1216 1572 susceperant,
1247 1488 1384 1551 infirmati
1409 1497 1482 1551 sunt
1502 1493 1532 1551 iu
1551 1488 1626 1568 fide,
1656 1502 1725 1555 eta

52 1591 237 1659 necessario,
256 1589 299 1647 ita
318 1582 549 1663 sapientissime,
560 1578 698 1641 Christus
712 1576 861 1637 Dominus
919 1580 1027 1643 Trrrcis
1048 1580 1169 1664 perfidis
1196 1582 1309 1644 Christi
1328 1580 1467 1643 hostibus
1484 1586 1619 1664 pessima
1637 1604 1725 1666 quac·

53 1684 173 1763 reliquit
202 1678 374 1747 Ecclesiae,
403 1694 474 1737 sese
506 1690 653 1751 auriquaru
679 1668 739 1729 ulla
768 1686 861 1749 posse
919 1694 976 1755 qne
996 1674 1094 1735 adhuc
1113 1678 1264 1757 patiantur
1276 1676 1310 1751 ¹),

51 1776 186 1855 legitima
205 1771 339 1835 Concilio
358 1763 848 1847 eogerelqnamobremvariisque
993 1768 1213 1830 Matrimonium
1240 1788 1276 1829 ex
1302 1767 1432 1838 Christo,
1469 1765 1643 1847 Sanctaque
1663 1774 1725 1833 uni.

51 1888 112 1950 que
138 1862 288 1937 dissidiis,
315 1870 346 1923 et
372 1858 521 1923 amoribus
546 1860 624 1919 iuter
642 1874 714 1916 sese
734 1853 859 1915 dissecti
918 1861 1026 1921 versaii
1037 1860 1175 1924 Ecclesia
1195 1857 1403 1921 indissolubile
1423 1866 1480 1935 est,
1499 1858 1639 1940 quamdiu
1650 1863 1727 1925 alter

53 1960 141 2036 sunit)
151 1959 304 2020 Romanae
323 1964 421 2016 audem
434 1952 609 2013 Catholicae
619 1946 777 2011 Ecclesiae
797 1966 859 2007 cer·
918 1957 1078 2034 conjugum
1103 1957 1223 2015 vixerit:
1247 1952 1358 2014 Graeci
1381 1958 1482 2013 autem
1507 1950 1665 2016 divortium
1683 1956 1726 2018 jn,

50 2060 160 2114 nerent
184 2053 389 2112 auctoritatem
408 2066 494 2107 saram
513 2047 542 2103 in
570 2038 715 2121 cogendis
735 2060 771 2100 ac
791 2060 859 2101 con·
918 2048 1101 2127 praenuntiant,
1122 2054 1155 2107 ut
1174 2046 1336 2128 superstite
1355 2043 1631 2125 alterocoujugaru,
1650 2046 1727 2110 alter

52 2136 564 2207 firmandisConciliisGeueralihns
575 2137 721 2213 integram
734 2139 860 2206 restare3
917 2157 1037 2199 errorem
1064 2134 1173 2199 ducere
1205 2138 1318 2219 possit:
1348 2134 1428 2218 quod
1452 2138 1555 2198 mirum
1584 2148 1725 2212 inanest,

50 2258 90 2301 ac
102 2236 171 2299 inde
193 2236 303 2298 iactum
325 2232 429 2301 luisse,
448 2238 482 2290 ut
500 2227 600 2311 plures
620 2226 696 2287 alias
707 2223 859 2304 synodos,
918 2250 983 2289 cum
1010 2226 1167 2290 divortium
1193 2230 1231 2292 ab
1251 2228 1391 2293 Ecclesia
1410 2228 1566 2291 Catlrolica
1590 2228 1725 2311 iecerint,

50 2332 133 2389 sicut
152 2327 263 2389 dictum
284 2334 345 2400 est,
365 2331 437 2406 post
454 2328 569 2403 septem
588 2319 656 2379 illas
675 2318 792 2400 priores
814 2338 861 2379 ea·
919 2322 1186 2402 cujuscoujunctio
1194 2319 1411 2383 indissolubilis
1419 2342 1486 2384 cum
1497 2320 1618 2385 Christo
1626 2328 1725 2407 capito

51 2418 122 2481 dem
152 2418 332 2502 apostolica
355 2418 491 2479 Romana
518 2410 618 2474 Sedes
643 2408 795 2485 indixerit,
823 2432 860 2473 ac
918 2436 972 2495 per
981 2416 1197 2476 matrimonium
1212 2414 1395 2495 designatur,
1412 2413 1492 2497 quod
1503 2412 1544 2476 D.
1556 2416 1724 2499 Apostolus

51 2506 592 2593 confirmaril,(qucmodruodumitem
605 2512 860 2587 paucosauteau·
917 2506 1031 2569 Paulus
1066 2516 1226 2589 propterca
1254 2515 1344 2568 vocat
1375 2526 1513 2589 uragiurm
1547 2508 1721 2573 Sacramen-

50 2602 272 2685 nosSynodum
285 2602 488 2665 Tridentiuam
499 2596 859 2671 aduersusbutherauam,
917 2608 980 2662 tum
997 2600 1035 2676 ¹).

27 2686 171 2761 'stollas
181 2698 339 2774 haereses)
352 2691 597 2777 proptereaidenr
608 2692 768 2754 Graeciae
781 2709 859 2751 men·
996 2692 1180 2754 Sacerdotes
1202 2688 1311 2751 Graeci
1336 2712 1456 2755 uxorem
1479 2698 1549 2755 aute
1574 2692 1722 2757 Sacerdo-

49 2790 139 2853 dacio
156 2794 310 2854 ueritatem
328 2797 432 2866 tegere
442 2786 607 2855 voluerunt,
626 2786 712 2863 quasi
732 2784 860 2863 septima
916 2786 990 2847 iiam
1012 2784 1134 2862 ducunt,
1155 2790 1186 2845 et
1204 2784 1234 2841 iu
1254 2782 1430 2845 Sacerdotio
1451 2806 1487 2845 ea
1508 2790 1636 2847 utuntur.
1663 2786 1721 2850 Lo·

52 2884 198 2965 Synodus
225 2884 348 2944 aliorum
380 2877 582 2939 Consiliorum
612 2874 782 2948 sustulerit,
808 2882 861 2935 aut
918 2878 973 2937 tini
1000 2888 1102 2939 autem
1129 2876 1308 2938 coelibatum
1335 2882 1469 2951 servant,
1499 2875 1580 2957 quod
1604 2876 1722 2958 qaddem

48 2980 93 3053 (si
107 2977 173 3037 Deo
189 2975 303 3058 placet)
322 2972 426 3033 tollere
451 2967 762 3051 potueritlaeultatem
784 2986 859 3040 eam,
917 2970 1025 3031 molius
1046 2975 1105 3042 est,
1126 2974 1187 3031 tum
1207 2966 1246 3029 ad
1266 2966 1421 3029 tractando
1438 2968 1551 3031 Divina
1570 2972 1721 3051 mysteria,

48 3090 139 3150 «pram
159 3068 298 3130 Christus
318 3068 384 3149 ipse
392 3062 550 3127 Ecclesiae
559 3074 634 3123 sus's
644 3064 674 3122 iu
685 3066 860 3142 perpetuum
917 3070 951 3123 at
972 3064 1032 3125 siat
1041 3062 1149 3124 Sancti
1169 3080 1291 3142 corpore
1311 3068 1342 3120 ct
1355 3062 1471 3143 spiritu,
1495 3067 1558 3123 tum
1584 3064 1722 3143 quonian

49 3160 183 3224 tradidit
917 3158 1047 3237 negotiis
1062 3153 1286 3237 temporalibus,
1301 3158 1333 3213 ct
1348 3154 1473 3215 filiorum
1485 3154 1645 3217 carnalium
1658 3178 1722 3237 pro·

127 3251 217 3333 Quod
248 3261 346 3314 autern
372 3250 411 3311 ob
437 3252 536 3311 varios
561 3250 591 3309 in
616 3246 756 3311 Ecclesia
775 3247 859 3319 ritus,
917 3252 1076 3331 pagatiano
1101 3247 1245 3327 implicari
1270 3266 1328 3306 nou
1355 3244 1475 3322 debent,
1494 3249 1544 3327 qai
1563 3248 1721 3328 spirituali·

49 3368 129 3429 quos
157 3343 334 3431 prudenter,
362 3344 477 3405 ratione
504 3340 685 3403 diversarum
717 3344 858 3421 gentium,
916 3344 974 3403 bus
995 3342 1085 3403 rebus
1105 3348 1269 3402 vaccantes
1289 3340 1506 3418 supercoelesti
1526 3340 1722 3407 essedebeut

49 3439 192 3520 Apostoli
212 3442 413 3507 instituerunt,
431 3436 604 3515 religionem
625 3431 713 3505 laedi,
734 3441 787 3494 aut
806 3436 856 3494 im·
918 3434 956 3497 ad
977 3434 1126 3514 proximos
1146 3430 1350 3517 adjuvandos,
1375 3432 1628 3515 sacramentaque
1652 3434 1720 3499 dies

48 3532 141 3593 minui
168 3530 278 3591 Graeci
304 3533 477 3609 putassent,
502 3530 529 3587 si
556 3526 605 3589 alii
633 3530 663 3586 in
689 3525 858 3588 Occidente
916 3534 948 3590 et
967 3534 1083 3604 noctes,
1102 3527 1188 3599 vivis,
1208 3532 1239 3587 ct
1258 3524 1449 3587 moribundus
1469 3526 1672 3591 ministranda

47 3642 138 3705 quum
158 3623 188 3682 in
198 3620 324 3683 Oriente
342 3622 540 3681 retinerentur
558 3619 707 3698 (quausvis
728 3622 816 3680 ιιὶιιιιι
826 3623 857 3679 in
991 3621 1098 3699 Aliqui
1128 3618 1299 3680 orientales
1332 3616 1370 3679 do
1390 3620 1506 3701 jejunio
1530 3638 1638 3699 magno
1664 3621 1720 3683 Ca·

47 3722 118 3797 ipso
145 3714 271 3777 Oriente
296 3714 357 3773 siut
381 3713 497 3793 plures,
526 3718 617 3792 atque
641 3706 752 3800 diversi
780 3714 857 3771 ritus
916 3712 1046 3773 tholieos
1083 3710 1261 3772 abscindere
1285 3708 1503 3771 hebdomadam
1529 3712 1720 3793 objiciebant,

46 3814 127 3871 irater
151 3806 263 3887 Syros,
286 3804 463 3877 Maronitas,
489 3801 671 3883 Aethiopes,
698 3804 857 3874 Amnenos,
915 3804 972 3867 scd
1001 3802 1089 3864 iaeile
1119 3803 1174 3862 suit
1206 3802 1265 3863 illis
1291 3800 1466 3877 ostendero,
1492 3800 1721 3877 catholicam

51 3900 205 3977 Graecos)
231 3898 262 3961 id
291 3897 380 3960 iocile
406 3904 561 3958 ostensum
587 3902 636 3955 est
664 3892 858 3957 Orthodoxas
915 3906 1050 3979 tempore
1072 3892 1288 3976 Apostolorum
1320 3892 1418 3970 Patri,
1454 3901 1485 3955 ot
1506 3891 1602 3972 Pauli,
1627 3918 1716 3961 auam

44 3994 119 4057 lidei
150 3993 260 4055 obesse
292 4012 351 4052 nou
377 4010 486 4073 posse,
511 3991 539 4050 si
564 4006 759 4070 unaquaeque
784 3986 858 4049 Pro·
915 3991 1058 4071 integram
1085 3984 1353 4065 Quadrsgesimam
1367 3986 1546 4068 accepisse,
1570 4008 1659 4070 qnam
1672 3992 1718 4073 je.

46 4090 147 4147 vincia
168 4106 233 4146 cum
253 4088 385 4147 caritate.
406 4093 437 4146 ct
454 4085 563 4145 uaioire
585 4088 727 4154 servaret,
746 4100 857 4161 quasa
912 4084 1063 4167 juaareat.
1104 4078 1194 4153 Quas
1214 4076 1332 4159 quidem
1350 4080 1431 4141 vitae
1451 4078 1564 4141 Christi
1583 4082 1720 4145 imitatio·

45 4182 114 4240 suris
132 4178 299 4259 Apostolis,
319 4178 366 4239 vel
386 4176 525 4257 legitimis
552 4194 653 4237 eornm
673 4176 856 4236 successori·
916 4196 983 4237 nem
1003 4172 1104 4251 habet,
1125 4172 1205 4233 sieut
1229 4170 1266 4233 B.
1285 4172 1419 4251 ignatius
1454 4172 1558 4235 scribit
1588 4174 1627 4239 ad
1646 4174 1716 4239 Phi·

46 4274 106 4335 lum
126 4273 305 4350 accepisset.
914 4269 1086 4351 lippeuses,
1117 4266 1246 4342 scilieet,
1275 4263 1354 4347 quod
1382 4263 1422 4327 sd
1454 4264 1567 4329 Christi
1598 4266 1719 4332 Domini

126 4363 232 4443 ltaque
263 4361 344 4443 quod
377 4360 416 4424 ad
445 4361 634 4443 Baptisrnum
665 4362 782 4433 attinet,
804 4360 855 4441 qui
915 4360 1093 4440 exemplum,
1113 4360 1284 4438 quicunque
1303 4357 1334 4419 id
1362 4370 1518 4441 praestaro
1542 4382 1717 4443 possumus,

45 4456 128 4539 apud
155 4456 306 4529 Graecos,
332 4462 363 4516 ct
387 4455 544 4517 Rutheuos
575 4456 688 4531 integra
720 4456 854 4533 eorporis
917 4454 1039 4516 totidem
1060 4452 1127 4515 dies
1155 4454 1293 4535 jejunare
1321 4452 1475 4515 debemus.
1496 4452 1587 4525 Quod
1609 4456 1715 4535 siquis

44 4552 244 4619 irunrersioue,
264 4556 317 4610 aut
338 4550 446 4629 capnitis
465 4546 637 4631 perfusione
657 4545 691 4606 lit
715 4548 744 4605 iu
766 4544 855 4607 Occi·
913 4545 1145 4625 hebdomadam,
1170 4551 1201 4608 et
1226 4545 1326 4627 plures
1352 4564 1469 4626 quoque
1494 4543 1561 4607 dies
1583 4546 1716 4619 Quadra·

44 4642 149 4717 deute,
175 4640 332 4722 utrobique
357 4640 436 4701 idem
461 4661 494 4701 re
519 4643 586 4721 ipsa
612 4647 670 4700 est.
710 4639 853 4722 Corporis
912 4644 1047 4721 gesiam
1065 4640 1138 4702 volit
1158 4640 1300 4723 adjicere,
1322 4638 1430 4717 quibus
1457 4637 1550 4697 send
1571 4640 1716 4721 jejunium

45 4739 123 4798 cuim
148 4738 203 4798 loti
230 4735 410 4795 immersioni
437 4732 541 4794 Sancti
569 4730 734 4811 Dionysius
760 4734 853 4794 Areo·
912 4734 985 4797 illud
1004 4736 1111 4797 melius
1132 4736 1296 4816 praeparet,
1315 4729 1346 4790 id
1368 4730 1514 4807 integrum
1537 4730 1659 4791 cuilibet
1672 4750 1714 4791 re·

45 4830 146 4911 pagita
176 4827 348 4907 etCyrillus
368 4824 852 4908 EpiscopusHierosolymitanusr

47 4924 156 5001 eapitis
177 4943 247 4983 uero
270 4920 431 5001 perfusioni
455 4918 489 4979 S.
513 4917 652 4979 Cleruens
674 4922 704 4978 in
720 4918 851 4999 Aposto-

43 5014 112 5073 lieis
134 5014 398 5075 constitutionibus
418 5008 766 5073 testimouiumreddunt.
796 5014 852 5071 ltu·
991 4996 1018 5069 ¹)
1039 5010 1073 5052 ⁰⁰
1093 5005 1203 5051 ”⁶¹⁵⁰”0
1224 5002 1364 5051 ⁰¹¹¹l⁸¹¹¹⁸¹l⁸
1385 5002 1528 5048 ⁸⁰⁰¹⁰⁸¹⁸¹i
1549 5002 1638 5049 hilm·
1660 5006 1714 5062 c⁸1³·

44 5127 103 5187 qne
124 5109 151 5167 si
167 5110 235 5185 quis
257 5108 382 5169 Latinius
403 5106 550 5167 Graccum
572 5102 851 5176 inlaulem,Graeeo
915 5106 938 5145 ⁴·
960 5096 1086 5144 catechesi
1109 5104 1132 5145 ³·
1153 5100 1288 5156 ib'vltsm·
1308 5094 1383 5155 Epist.
1403 5096 1434 5142 *d
1453 5094 1583 5154 ssi¹⁸⁰⁰i³⁰⁸
1603 5096 1669 5155 stup.

42 5203 100 5260 ritu
127 5198 323 5279 baptisatam,
344 5204 430 5271 sicut,
452 5207 483 5260 et
503 5202 529 5259 si
552 5200 618 5278 quis
638 5196 776 5259 Graecus
796 5198 852 5259 La·
987 5196 1016 5271 s)
1035 5208 1120 5265 spuis.
1143 5214 1166 5252 s.

911 4907 1064 4920 -σ-
