3742 5626
406 269 409 273 .
461 176 599 277 ‘REGIS
617 176 855 255 Ponuntur,
875 175 929 240 at*
949 177 1201 243 moscovlsn
1222 178 1355 241 DUClS.
1713 181 1751 239 tlt

77 346 144 426 jore
164 363 236 404 esse
262 342 291 402 in
312 347 407 412 shlu,
437 361 524 421 quan
551 347 650 403 autea.
693 339 780 403 Unda
799 340 886 422 pacis
946 340 988 400 ris
1006 340 1045 401 ad
1067 339 1103 402 D.
1123 341 1280 412 Vestram,
1296 344 1360 424 jam
1380 348 1478 402 tarne-u
1500 342 1618 403 taudem
1643 362 1749 403 vorsus

82 437 256 518 conpositio
282 433 398 496 extrahi
420 439 543 516 posset3
568 431 886 515 praeterquamquod,
946 430 1149 502 Plescovionr,
1175 432 1339 495 dellectona
1362 434 1400 495 do
1420 436 1525 495 itinero
1545 434 1748 508 Porcovieusi,

81 549 146 591 cun
168 549 222 589 ess
243 548 329 589 arces
350 547 423 587 voce
442 532 555 587 tantum
574 526 756 588 Zollriewslri
782 526 885 587 Zame-
945 546 1012 586 cum
1034 525 1176 586 ductores
1188 524 1377 601 Notogardia
1396 527 1528 600 baberet,
1549 532 1747 610 processerat,

79 625 163 685 scias
183 620 315 691 offerret,
335 625 429 680 tutum
449 618 555 699 Regiis
577 639 635 679 oon
658 629 760 692 esset,
779 626 813 682 ut
832 640 886 680 eas
944 624 977 678 nt
996 627 1064 678 octo
1084 618 1189 678 saltem
1210 619 1385 681 milliaribus
1404 643 1422 681 a
1440 621 1595 682 Plcseoria
1615 622 1747 693 abesset,

80 718 199 777 nemine
219 713 316 792 Regis
330 710 437 772 Mosco
459 712 676 794 pollicerentur.
696 716 799 796 ltaque
819 734 885 773 eum
944 717 1108 791 noctuque,
1130 733 1187 771 non
1209 711 1273 783 die,
1294 712 1492 784 iterlaeeret,
1512 720 1626 774 etcum
1647 715 1676 775 in
1697 735 1746 775 ns·

79 808 238 869 Zamoscio
277 805 496 867 rescribendum
538 826 610 866 esso
652 807 886 878 existimassent,
942 814 1024 865 stros
1046 803 1218 874 incidisset,
1245 810 1275 865 et
1301 807 1330 866 in
1356 807 1432 867 riam
1452 804 1683 869 Parceriensem
1702 828 1746 868 re·

81 901 230 963 Arrionius
262 920 381 980 quoque
411 903 575 977 sequentes
604 898 718 961 litteras
748 898 788 961 ad
816 920 882 959 eum
942 896 1113 968 duceretur,
1139 919 1229 957 unum
1249 920 1288 959 ex
1309 899 1389 970 suis,
1416 898 1488 959 dato
1507 898 1548 958 illi
1569 920 1661 979 equo,
1686 902 1745 962 sub

80 994 174 1055 misit:
194 992 294 1063 multa,
314 1012 391 1072 quae
412 994 538 1051 maximo
559 990 597 1052 arl
617 991 760 1063 celerem,
783 998 813 1053 et
832 990 882 1051 lto·
941 992 1029 1073 cnjus
1049 989 1123 1051 sella
1146 987 1184 1050 ad
1207 989 1340 1067 Legatos
1365 1012 1384 1052 a
1405 991 1543 1069 Principe
1563 991 1681 1052 insutus
1700 993 1745 1053 lit-

81 1086 230 1148 norilicam
248 1086 333 1167 pacis
354 1085 569 1145 conlectionem
591 1087 777 1165 spectabant,
796 1088 824 1146 si
844 1086 882 1147 ad
940 1092 1023 1143 teras
1044 1082 1183 1153 babebat,
1203 1084 1305 1161 lugere
1320 1086 1456 1165 jrrsseril,
1477 1084 1547 1145 inde
1567 1084 1652 1144 otiam
1668 1084 1745 1145 alios

81 1200 155 1251 rem,
186 1198 244 1239 oon
269 1179 382 1240 sarissa
411 1187 494 1239 tanta
519 1179 694 1249 occasione,
724 1178 882 1249 veniretur,

80 1294 134 1354 per
154 1270 280 1333 eundem
298 1268 479 1331 Zollriewslri
499 1271 690 1349 significans,
710 1290 788 1351 quae
807 1270 882 1331 litte·

80 1369 123 1427 ris
143 1386 201 1426 non
222 1370 305 1425 eraut
325 1361 540 1423 committenda.
582 1362 635 1421 Sic
655 1363 742 1442 igitur
762 1363 881 1424 Sessio·

79 1462 127 1521 uis
145 1458 225 1519 illius
250 1477 319 1536 pars
345 1457 475 1537 priuatae
501 1454 569 1515 bule
594 1457 776 1531 tractationi,
801 1466 882 1516 aute-

77 1574 164 1634 quam
184 1551 292 1630 Legati
306 1548 404 1611 blosci
424 1547 647 1616 advocarentur,
667 1554 801 1611 extracta
823 1554 880 1611 est.

77 1832 399 1911 briscona
436 1832 516 1906 JD.
556 1830 880 1927 ZAMDSGH,

77 1977 242 2026 abraam
262 1973 516 2022 caucsauaan
543 1972 660 2020 nsunt
681 1972 880 2030 toaculas,

77 2071 120 2131 B'l'
140 2068 351 2119 GBNBMLlS
374 2066 597 2125 castrarent,
619 2067 664 2112 aa
685 2067 881 2120 antonium

354 2160 601 2208 Possavlnbat.

154 2376 241 2449 Quae
260 2375 300 2436 D.
321 2374 449 2437 Vestrae
471 2373 509 2434 do
529 2375 682 2453 emptione
699 2373 881 2445 blascorum,

77 2472 173 2552 deque
199 2469 313 2528 illomm
343 2468 539 2547 castigatione
559 2469 681 2546 scripsi,
708 2488 778 2528 uera
798 2472 878 2527 sunl.

77 2564 165 2636 (lirae
195 2582 265 2621 vero
296 2561 334 2622 de
364 2562 475 2622 iudicio
508 2560 589 2621 l’etri
614 2560 782 2621 Koltou'slri
810 2580 879 2621 rere

74 2659 187 2739 scripto
207 2656 424 2733 sigtribcautur,
444 2675 515 2715 vera
535 2660 567 2715 ut
587 2655 662 2728 sint,
684 2654 778 2731 magis
798 2658 879 2733 opto,

75 2773 162 2831 quam
189 2749 322 2809 arbitror.
362 2748 440 2809 Nam
467 2748 524 2807 nisi
545 2769 604 2829 pax
631 2747 735 2816 coibit,
761 2746 879 2807 bostem

75 2864 132 2920 ego
158 2861 313 2919 quaeram,
340 2842 397 2900 nisi
425 2861 469 2899 me
495 2841 560 2917 ipse
587 2838 775 2916 quaesiverit.
816 2836 879 2896 Sed

75 2936 152 2996 baec
173 2933 259 2993 satis.
301 2931 431 2991 Litteras
459 2930 496 2990 D.
520 2929 648 2989 Vestrae
667 2950 783 2991 surunra
803 2929 879 2990 eelo-

74 3029 160 3088 ritate
188 3026 270 3085 mitlo
299 3023 338 3084 sd
364 3024 491 3103 Regiam
516 3021 717 3103 blajestalcm.
757 3022 880 3084 Frustra
983 3058 991 3075 ·

75 3128 190 3189 tamen,
221 3122 253 3176 ut
278 3136 334 3196 ego
357 3116 478 3201 judico,
504 3114 678 3177 decedendo
703 3114 804 3197 aliqua
828 3115 878 3177 Li·

72 3213 181 3295 rouiao
199 3218 285 3291 parte
305 3212 334 3269 iu
359 3210 495 3270 Comitiis
514 3207 738 3270 deliberaretur.
780 3204 878 3268 Nemo

73 3306 151 3365 enim
171 3303 282 3382 patriae
304 3303 379 3361 bene
401 3303 429 3361 in
451 3302 578 3362 laturum
599 3302 803 3382 prospiciens,
829 3300 877 3361 rel

72 3402 102 3459 in
124 3397 279 3456 Conventa
300 3398 386 3456 etiam
409 3396 474 3477 ipso
486 3393 595 3473 Regni,
615 3394 654 3455 de
673 3416 711 3454 ea
730 3393 878 3454 decedere

72 3490 225 3563 suadebit;
245 3509 277 3548 re
292 3490 354 3570 jam
372 3486 411 3548 ad
433 3497 595 3549 extreman
616 3480 754 3558 adducta,
774 3494 807 3548 ul
825 3498 877 3548 aut

74 3586 160 3645 nobis
180 3603 247 3642 eum
268 3580 365 3641 bostis
385 3600 515 3659 pugnare
538 3600 667 3639 necesse
688 3580 806 3650 lrabeat,
826 3588 878 3642 aut

73 3678 111 3738 de
128 3677 186 3737 lrac
211 3676 284 3735 urbe
303 3674 478 3755 periclitari,
504 3679 534 3732 et
559 3694 618 3733 una
643 3672 681 3732 de
707 3679 770 3734 tota
789 3673 876 3733 Liro·

75 3773 137 3846 oia,
173 3772 340 3848 occupante
369 3764 457 3824 etiam
490 3765 570 3825 illam
598 3765 692 3825 altera
723 3786 762 3826 ex
793 3773 877 3846 parte

73 3866 191 3935 Streco;
219 3861 326 3921 Album
345 3856 473 3937 lapidem
493 3864 698 3939 oppugnante3
724 3864 877 3939 premente

73 3955 267 4023 Pernaviam,
298 3958 328 4023 et
358 3948 510 4021 lt'clinunn
540 3951 582 4010 ita
609 3956 641 4010 ut
667 3952 714 4011 vix
742 3950 792 4011 illa
813 3954 876 4029 ¹jan

73 4048 200 4109 Muscas
226 4065 284 4104 non
304 4043 452 4118 amiserit,
478 4040 535 4102 sed
560 4040 598 4103 de
617 4042 751 4124 Derpato
770 4044 876 4104 saltem

75 4140 208 4201 laborare
242 4136 384 4197 rideatur.
434 4132 567 4196 Ordines
597 4156 666 4195 veru
695 4134 786 4215 quid?
818 4135 876 4197 Vel

74 4232 112 4293 ad
134 4228 319 4290 educendum
345 4229 374 4287 iu
396 4237 547 4309 posterum
567 4228 689 4289 militem
710 4228 779 4309 plus
798 4251 876 4290 sum·

74 4332 177 4407 ptuum
198 4320 417 4401 impenderent,
442 4342 528 4400 quam
555 4323 584 4381 in
610 4320 690 4382 bunc
717 4320 875 4383 deductum

68 4423 142 4501 jam,
163 4426 193 4476 et
214 4417 242 4474 iu
265 4413 498 4495 supplementum
520 4412 588 4473 inde
608 4413 656 4475 vel
676 4413 715 4474 ad
734 4416 874 4496 Augusti.

74 4512 211 4591 atquae
232 4508 347 4567 interim
369 4507 476 4567 tentari
494 4508 642 4585 possuntt
676 4507 785 4570 Hostis
806 4531 875 4570 uero

940 1181 1003 1236 tres
1023 1177 1147 1237 comites
1173 1183 1276 1236 eontra
1297 1177 1385 1239 tidem
1407 1177 1504 1239 datam
1525 1177 1627 1256 lugere
1642 1179 1743 1259 jusse-

941 1268 986 1327 rit.
1028 1267 1112 1329 llaec
1137 1275 1217 1329 certe
1243 1270 1417 1350 inquirenda
1443 1278 1473 1331 ct
1493 1270 1684 1354 dijudicanda
1703 1270 1744 1331 di-

940 1359 1065 1437 ligenter
1085 1369 1167 1422 erant
1189 1362 1286 1442 prius,
1306 1384 1393 1442 quam
1415 1365 1593 1446 pronuncio,
1615 1384 1672 1423 nun
1693 1384 1744 1445 prs

941 1453 1270 1531 perduellclraberelur.
1300 1456 1509 1519 Verumtamen
1530 1456 1609 1535 apud
1630 1479 1675 1516 me
1698 1456 1743 1517 vel

940 1547 1043 1607 unrbra
1060 1547 1144 1609 luris
1172 1547 1311 1609 Gentium
1331 1551 1397 1630 plna
1424 1550 1525 1611 ualuit.
1566 1552 1669 1628 ltaque
1697 1550 1744 1609 rel

939 1637 1082 1701 adhibitis
1101 1640 1283 1715 ductoribus,
1302 1662 1320 1701 a
1341 1661 1386 1702 me
1405 1639 1442 1701 ad
1464 1640 1558 1703 locum
1579 1647 1745 1703 conventus

940 1732 1067 1793 mittitur.
1108 1733 1154 1795 Ex
1176 1733 1262 1793 noris
1282 1733 1350 1794 istis
1370 1734 1486 1808 littoris,
1505 1754 1581 1813 quas
1600 1733 1694 1804 allen.
1715 1740 1746 1795 et

939 1828 1114 1906 praesertim
1129 1832 1185 1887 tarn
1203 1825 1359 1903 diligenter
1378 1826 1545 1895 ocerrllatis,
1565 1826 1654 1886 credo
1666 1826 1744 1907 qued

939 1916 977 1979 ad
1004 1920 1117 1980 exitum
1143 1921 1278 2000 queraris
1305 1921 1354 1979 isli
1381 1923 1525 1979 tractatus
1554 1918 1674 1981 lucilius
1694 1918 1743 1980 de·

939 2011 1092 2073 ducentur.
1124 2013 1301 2094 Apollonius
1316 2014 1378 2093 jam
1399 2010 1559 2070 feliciorem
1580 2032 1668 2090 quam
1688 2033 1745 2074 uos

941 2106 1028 2164 vitam
1055 2105 1135 2169 vivit.
1176 2105 1309 2166 Scribam
1330 2104 1493 2166 liusaicunr
1522 2126 1610 2165 ιιιιιιι
1630 2110 1743 2167 tanturn

940 2199 969 2257 io
1001 2199 1110 2257 castris
1142 2197 1248 2259 babeo.
1289 2196 1473 2259 Commendo
1503 2217 1550 2256 me
1580 2197 1671 2258 latori
1703 2196 1741 2258 D.

941 2289 1078 2351 Vestrae.
1133 2288 1241 2351 llntum
1272 2313 1309 2351 er
1340 2291 1447 2350 castris
1477 2288 1515 2349 ad
1550 2290 1744 2359 l’lescoriasr,

939 2382 989 2445 dio
1011 2385 1048 2444 la
1068 2380 1255 2443 Decembris.
1298 2384 1387 2445 Anno
1409 2382 1539 2458 Domini,
1563 2384 1647 2448 last.

976 2685 1108 2758 ALIA
1135 2683 1409 2759 EPISTOLA
1435 2682 1700 2759 sanescit

937 2826 1098 2871 Slll’llllbll
1124 2825 1380 2871 exaestuanti
1405 2825 1521 2871 DEGN!
1544 2824 1742 2881 retentas,

937 2916 980 2962 BT
1001 2917 1207 2964 nuntiastis
1227 2916 1449 2975 enarranti,
1474 2918 1517 2962 AD
1544 2916 1741 2963 attremuit

1216 3008 1463 3057 Postulabat.

1015 3222 1102 3284 lllilto
1122 3224 1159 3286 ad
1174 3221 1211 3281 1).
1226 3221 1362 3283 Vestram
1373 3223 1625 3302 conmnguineum
1645 3243 1741 3283 meram

937 3315 977 3376 D.
999 3316 1179 3377 stanislaum
1206 3314 1405 3386 zotttewslrt,
1431 3314 1558 3376 Palatini
1585 3314 1743 3377 Delaensis

936 3408 1037 3469 filium.
1078 3408 1124 3470 Ex
1152 3431 1189 3467 oo
1214 3408 1254 3469 D.
1278 3406 1385 3469 Vestra
1406 3407 1446 3468 de
1464 3428 1517 3484 eo,
1544 3408 1624 3487 quod
1649 3428 1668 3469 a
1694 3430 1742 3469 ue

936 3503 1014 3563 seim
1035 3503 1111 3575 rull,
1133 3510 1305 3579 cognoscet.
1346 3499 1384 3560 Ei
1405 3521 1474 3561 rore
1502 3502 1678 3563 nouaclum
1700 3502 1740 3561 di-

937 3597 1016 3655 ccuti
1037 3594 1122 3655 lirlers
1144 3592 1286 3654 adbibere
1306 3592 1406 3667 (lebat,
1428 3594 1485 3654 sed
1499 3596 1598 3665 eliam,
1616 3596 1644 3655 si
1664 3615 1741 3676 quse

936 3707 1001 3747 cum
1024 3688 1073 3747 illo
1095 3688 1333 3761 communicabit,
1353 3706 1474 3766 prorsus
1494 3690 1584 3747 tacita
1605 3686 1668 3747 lore
1688 3708 1742 3768 pre

936 3787 1016 3840 certo
1046 3779 1184 3841 currbrlnt.
1224 3780 1292 3840 lloc
1320 3777 1360 3837 illi
1389 3780 1430 3838 ila
1458 3799 1582 3858 prorsus
1613 3778 1740 3839 saturum

936 3893 1008 3933 esse
1039 3871 1186 3954 spondeo.
1234 3870 1417 3931 Commendo
1451 3890 1498 3930 are
1529 3871 1568 3931 1).
1602 3868 1738 3932 Vestrae.

935 3963 1046 4025 Datum
1067 3964 1233 4024 excestria
1258 3962 1296 4024 ari
1319 3963 1526 4032 Plcscoriam,
1553 3962 1602 4023 rlic
1624 3963 1659 4025 17
1681 3962 1741 4025 De-

935 4056 1073 4119 cembris.
1116 4059 1205 4117 Armo
1227 4054 1312 4115 1581.

1011 4339 1285 4415 ΑΝΤΟΝΗ
1311 4336 1513 4415 POSSE
1528 4340 1665 4416 l'lNl

954 4480 1230 4530 sassenstein
1252 4481 1468 4530 EUNDBMJD.
1491 4484 1717 4531 zamoacwra.

74 4605 237 4663 instructus
248 4601 326 4660 omui
336 4604 479 4679 apparatu
495 4620 533 4659 cx
546 4603 732 4665 commerciis
743 4605 875 4673 marinis,
933 4676 940 4690 ι

73 4716 159 4775 quam
181 4695 236 4755 erit
256 4701 363 4772 postea
382 4692 547 4770 potentiori
567 4693 665 4755 Audio
685 4697 762 4757 istos
780 4699 876 4759 bonos

1011 4698 1076 4760 liae
1087 4701 1150 4777 ipsa
1162 4698 1210 4757 dic
1233 4698 1319 4758 binus
1338 4720 1356 4758 a
1378 4696 1415 4756 V.
1428 4696 1465 4757 D.
1478 4696 1603 4775 blagnil.
1626 4696 1738 4759 litteras

73 4788 206 4867 Legatos
226 4785 396 4847 Moscorun
417 4785 560 4844 cunctari.
597 4786 632 4845 st
652 4795 806 4867 expectant
826 4812 874 4852 no·
933 4792 1054 4872 accepi,
1081 4790 1191 4850 alteras
1210 4790 1248 4848 sb
1270 4810 1321 4859 eo,
1351 4791 1400 4867 qui
1425 4789 1612 4849 tabellarium
1632 4788 1670 4849 ad
1691 4810 1738 4851 are

74 4902 139 4941 ran
173 4880 423 4947 informationem,
450 4878 512 4959 jara
544 4877 622 4939 illam
649 4876 800 4942 babebunt
824 4904 877 4962 per

935 4883 1037 4961 blagui
1059 4880 1155 4942 Ducis
1174 4879 1315 4955 adduxit,
1343 4886 1550 4941 commoratum
1574 4883 1603 4942 ia
1625 4884 1738 4957 itinere,

74 4973 258 5036 tabellarium
278 4973 368 5041 lrurrc,
388 4990 474 5050 quem
494 4989 530 5029 eo
544 4971 625 5052 jussi
639 4970 756 5034 deduci.
776 4974 875 5046 Quam
935 4997 991 5037 seu
1012 4976 1092 5046 alibi,
1112 4976 1244 5050 integros
1264 4984 1333 5032 octo
1353 4972 1428 5043 dies,
1448 4974 1558 5036 alteras
1579 4996 1598 5036 a
1617 4974 1657 5037 D.
1670 4976 1738 5039 Sla-

73 5068 201 5145 grasiter
225 5088 294 5127 voro
315 5085 375 5127 rent
395 5062 568 5141 gemerent
596 5062 671 5123 Cum
701 5064 815 5128 diceret
834 5070 876 5130 ire
937 5068 1031 5129 oislao
1068 5065 1251 5127 Zollriewslri
1287 5067 1508 5142 consanguineo
1541 5066 1579 5127 V.
1612 5068 1735 5150 blagoil.

74 5182 111 5223 aa
134 5160 325 5235 Porcovlam,
350 5163 382 5218 et
406 5154 475 5217 lade
500 5156 688 5237 Zspolacisrn
714 5176 780 5221 οιιι
802 5160 875 5224 litte·
937 5162 988 5244 qui
1008 5182 1056 5237 ca,
1074 5180 1152 5241 qnae
1174 5156 1297 5241 Legalls
1318 5156 1435 5239 Regiis,
1455 5180 1491 5221 ac
1509 5160 1579 5222 milti
1599 5162 1737 5224 ridentur
