3742 5626
811 220 995 281 flieronis.
1697 225 1734 282 ἲ]

67 382 174 456 lacere,
196 402 297 444 verum
317 383 419 453 anuis,
438 382 508 454 vita,
534 384 565 441 et
590 379 737 457 sanguine
763 381 872 438 avitam
933 378 1002 438 llux
1024 398 1078 458 per
1095 375 1264 441 universnm
1288 398 1395 459 agnen
1414 382 1504 464 juxta
1522 368 1621 443 datum
1643 380 1731 443 lidera

68 478 250 555 religionem,
271 474 446 546 libertatem,
467 480 498 533 et
516 475 641 552 patriam
653 468 804 530 uindicare.
821 490 872 551 pa·
931 468 1060 532 dimittit.
1101 470 1209 547 lageos
1228 474 1269 531 ibi
1288 472 1386 534 luctas
1406 480 1436 534 et
1446 474 1575 557 ejulatus
1594 476 1730 543 exoritur,

68 574 124 630 rati
145 579 225 639 srrrrt,
247 570 422 647 impiamque
443 574 474 625 et
500 564 641 626 nefariam
663 566 795 623 Serratns
822 560 870 622 de·
930 564 1054 621 araritus
1071 562 1109 621 ab
1119 582 1211 621 uxore
1224 564 1379 635 divellitur,
1389 566 1505 627 tratrem
1519 588 1604 629 soror
1617 569 1730 628 descrit

68 663 227 723 lectionem
248 661 375 737 gravitm
393 656 581 736 redarguunt,
602 661 649 737 qni
673 676 765 736 rrrrper
784 656 869 715 aCa-
930 655 1013 714 liberi
1025 676 1042 714 a
1053 654 1227 735 parertibus,
1240 659 1357 733 cognati
1368 661 1561 738 apropinquis
1574 661 1730 721 secedunt.
1753 679 1758 685 “

68 755 240 815 tholicismo
260 749 298 811 ad
317 750 584 820 Lutberanismunr,
604 770 622 810 a
643 748 869 811 lnrtlreranismo
931 746 989 806 atii
1015 747 1111 814 senio,
1140 748 1251 815 morbo,
1272 748 1329 806 allo
1349 768 1386 807 ιο
1406 750 1589 811 inmutanda
1607 754 1730 831 gravati,

69 846 109 908 ad
126 846 350 907 ltloscom'ticam
370 841 536 903 barbariem
559 850 589 901 et
610 840 784 903 albeismum
806 859 869 919 per·
927 845 985 899 ΐιιιι
1017 839 1221 918 longinquum,
1251 840 1397 915 ignotum,
1428 840 1604 922 plenumque
1630 845 1730 905 discri-

69 938 129 999 lide
159 948 190 1000 et
219 934 336 997 nefaric'
356 934 533 995 desciverit:
562 934 645 996 salva
673 954 743 994 esse
773 930 870 993 adbuc
928 931 1016 991 arinis
1053 933 1108 992 iter
1134 933 1291 1013 suscipere
1320 938 1482 1011 nequeunt,
1514 935 1563 995 alii
1591 938 1731 999 bonorum

72 1035 196 1102 moenia,
217 1035 409 1090 commeatum
422 1024 869 1107 praelargumacsufficientem,
928 1024 1159 1104 facultatumque
1185 1025 1419 1105 appetentiores,
1456 1026 1590 1088 Pontifici
1622 1035 1653 1089 et
1678 1023 1748 1090 Ιιι·“

71 1120 279 1205 praesidiarioe
298 1123 417 1181 tametsi
439 1141 497 1179 non
517 1123 557 1180 ita
578 1118 695 1189 multos',
716 1127 870 1179 tottamen
930 1119 1011 1196 perio
1040 1117 1173 1177 Romano
1205 1119 1394 1188 renunciant,
1423 1124 1455 1178 ct
1478 1118 1624 1180 dioscorii
1651 1120 1732 1189 Prin·

70 1238 106 1275 ae
126 1214 211 1285 tales,
229 1216 279 1294 qui
300 1220 330 1273 et
350 1212 451 1272 urbam
467 1221 623 1293 protegere
639 1232 675 1271 ac
690 1211 870 1272 defensitare
930 1211 1004 1289 cipis
1030 1213 1134 1291 jugum
1175 1211 1315 1269 subeunt.
1377 1211 1523 1271 Catholici
1554 1211 1642 1291 urbe,
1684 1233 1732 1291 pa·

68 1310 195 1387 possint,
216 1325 310 1386 eaque
329 1302 501 1365 fortitudine
520 1309 667 1384 anianique
688 1305 871 1384 praestantia
929 1304 999 1370 tria,
1026 1322 1062 1361 ae
1082 1304 1211 1382 profugi,
1239 1303 1376 1363 omnibus
1396 1302 1561 1375 derelictis,
1589 1304 1733 1386 plurimae

67 1397 230 1481 praeditos,
250 1406 284 1457 ut
301 1400 390 1457 vitam
411 1401 493 1477 prius
515 1406 545 1457 et
561 1400 706 1478 aquiritnrn,
726 1416 812 1474 quam
827 1414 871 1453 nr·
930 1396 1017 1453 etium
1040 1401 1148 1453 taratros
1169 1394 1302 1474 prolibus
1318 1403 1444 1457 onustae
1456 1397 1601 1459 Rivaliaaa
1614 1405 1733 1459 conten·

67 1491 136 1551 beru
157 1498 188 1551 et
207 1490 374 1551 libertatem
394 1493 530 1549 arrrittere
549 1489 651 1550 uelint.
679 1490 810 1549 Seruatus
831 1490 871 1546 ni-
930 1486 1012 1545 drrrrt.
1059 1486 1137 1546 llum
1161 1508 1212 1564 per
1232 1487 1428 1549 Rulbcnicum
1455 1493 1616 1552 exereitum
1636 1492 1732 1571 gradi·

67 1584 108 1645 bil
129 1604 148 1644 a
168 1586 321 1664 preposite
333 1580 497 1652 declinans,
519 1590 549 1642 et
559 1580 646 1641 fidem
658 1590 689 1642 et
699 1580 871 1659 religionem

67 1684 234 1757 cunctaque
254 1678 332 1734 vitae
354 1672 558 1752 posthabenda
579 1674 748 1735 arbitratur.
770 1675 871 1753 Atque

68 1778 102 1830 ut
122 1770 227 1850 eulpae
249 1788 286 1827 ac
306 1765 484 1827 defectionis
506 1769 620 1827 socirrm
633 1766 764 1837 baberet,
783 1764 870 1847 Epis·

67 1881 175 1943 capum
196 1863 282 1940 eujus
302 1860 530 1920 incorrstantiam
542 1859 721 1938 exploratam
733 1854 870 1929 bebebat,

67 1952 194 2024 accedit,
216 1956 369 2033 ipsumque
390 1948 429 2011 ad
450 1953 528 2011 arcis
549 1948 704 2030 cujusdam
731 1957 762 2010 et
781 1948 870 2010 abba·

67 2052 130 2110 tiae
149 2044 285 2107 Vallrena
307 2043 488 2105 deditionem
509 2040 631 2103 inducit.
673 2043 796 2114 Milites,
820 2046 871 2123 qui

67 2149 186 2201 centum
206 2141 361 2216 sexaginta
382 2145 474 2207 orarit,
502 2144 533 2196 ct
551 2134 745 2215 quadraginta
772 2134 870 2195 catbc·

67 2233 160 2295 dralis
182 2231 337 2293 Ecclesiae
360 2232 506 2290 t'arrtorcs
526 2237 556 2289 et
571 2230 725 2299 Cauronici,
745 2228 801 2287 bac
822 2225 872 2287 de·

930 1586 1026 1645 nrrtur,
1048 1580 1162 1640 Tartari
1184 1600 1306 1658 quorum
1328 1592 1412 1640 erant
1431 1584 1551 1661 triginta
1569 1586 1670 1656 nuillia,
1684 1585 1732 1645 bi·

929 1692 1023 1730 rones
1034 1672 1174 1733 inuadere
1187 1678 1300 1752 premant,
1309 1692 1364 1732 eus
1378 1675 1407 1732 in
1420 1676 1558 1753 praedaar
1572 1678 1630 1736 sibi
1642 1677 1732 1737 ‹lutes

929 1774 1113 1835 asserentes,
1135 1786 1223 1825 arcus
1242 1765 1400 1835 instruunt,
1420 1773 1451 1826 et
1471 1788 1547 1827 noro
1566 1790 1623 1829 eos
1635 1771 1732 1848 inspe-

929 1864 1052 1937 ratoque
1071 1860 1183 1939 peractio
1204 1868 1347 1939 appetere
1363 1860 1528 1923 iristitnunt.
1569 1860 1733 1923 Femineas

930 1957 1036 2011 coctura
1061 1961 1310 2031 praesentaneum
1340 1952 1504 2032 perieulum
1533 1955 1733 2033 conspiciens,

929 2044 1062 2123 pastinum
1082 2045 1112 2102 iu
1133 2045 1291 2105 clamorem
1309 2052 1342 2103 et
1365 2047 1522 2125 ejulatum,
1548 2053 1581 2106 ut
1600 2049 1645 2118 lit,
1674 2048 1732 2109 sol·

930 2137 1014 2199 citur.
1046 2135 1202 2195 Caeterum
1216 2136 1629 2199 Densrairiliceeoatutatur.
1665 2141 1732 2202 cta-

928 2246 991 2286 ruar
1013 2235 1076 2287 erat
1095 2239 1125 2287 et
1145 2248 1284 2288 screnum
1304 2229 1428 2301 coelum,
1450 2250 1505 2290 nec
1524 2232 1657 2311 avigintl
1670 2232 1732 2293 die·

67 2328 197 2388 factione
226 2321 422 2403 nequidquam
443 2343 460 2381 a
480 2323 606 2401 pristina
634 2324 802 2381 corastantia
828 2318 870 2380 di·
930 2320 987 2379 bns
1011 2320 1134 2401 pluerat,
1161 2341 1217 2381 nec
1236 2321 1354 2381 octiduo
1376 2329 1447 2404 prust
1465 2323 1593 2403 pluebat.
1628 2324 1731 2387 Nihilo

67 2426 228 2487 moventur,
249 2414 305 2475 sed
328 2424 456 2475 marturam
481 2411 568 2473 fidem
595 2434 632 2474 ac
657 2412 778 2473 tutelam
798 2410 869 2471 invi·
928 2415 1120 2475 sautiustanta
1129 2415 1300 2486 serenitate,
1320 2417 1426 2494 ingens
1437 2435 1473 2476 ae
1492 2416 1675 2479 formidabile
1688 2424 1732 2479 te·

66 2532 131 2575 cem
152 2510 330 2591 stipulantur
350 2516 380 2568 et
400 2508 580 2587 promittunt,
601 2508 869 2587 sanguinemprius
929 2508 1005 2566 nitru
1033 2508 1063 2566 io
1081 2506 1210 2566 inedium
1232 2506 1416 2568 Tartarorua
1441 2528 1545 2586 ageres
1571 2512 1731 2591 quinquies

66 2601 261 2689 profundere,
288 2621 374 2681 quam
400 2602 525 2680 patriam
550 2596 678 2679 prodere
703 2602 869 2679 avitanrquc
926 2600 1096 2669 immittitur,
1116 2606 1198 2659 tanto
1218 2598 1496 2676 fragorcacsonitu,
1515 2608 1548 2662 ut
1565 2608 1642 2663 terra
1654 2624 1732 2663 eon·

65 2699 238 2777 religionem
259 2695 406 2775 abjmare,
426 2699 569 2751 statuunt.
591 2690 674 2752 llaec
690 2690 764 2751 feria
784 2699 869 2751 sexta
927 2701 1104 2752 moveretur.
1162 2691 1276 2751 Tartari
1314 2712 1431 2773 qnoque
1461 2695 1554 2751 instar
1588 2695 1732 2773 pulveris,

66 2787 289 2867 eontirrgebant.
331 2785 458 2846 Postero
485 2782 534 2843 dle
555 2782 702 2843 ltloscovii
722 2787 869 2843 exereitus
929 2784 987 2843 buc
1011 2784 1139 2861 illucque
1163 2780 1418 2863 dispergebantur.
1463 2782 1529 2845 Nec
1553 2785 1644 2843 arulto
1664 2792 1733 2864 pest

66 2882 146 2949 Dux,
168 2883 286 2957 cognita
302 2874 515 2957 oppidanorum
536 2872 734 2946 dissensione,
754 2875 870 2935 uturbe
929 2876 1076 2937 Moscorii
1106 2876 1255 2935 exercitus
1279 2874 1352 2935 Dua
1381 2876 1454 2937 lituo
1479 2894 1568 2956 quem
1601 2879 1731 2953 gerebat,

68 2976 241 3053 potirentur,
262 2978 293 3029 et
304 2966 491 3029 obsidionem
507 2965 675 3037 eorrliceret,
687 2971 808 3028 nrrrrciat
820 2966 870 3027 ob·
929 2969 1076 3045 designat,
1100 2973 1133 3027 ut
1157 2968 1250 3027 libere
1275 2966 1421 3029 dimittant
1445 2966 1593 3040 lainenes,
1620 2970 1731 3032 indicat

66 3066 173 3135 sessis,
196 3065 340 3122 neminem
360 3080 395 3121 se
415 3068 594 3129 coacturum,
614 3065 648 3119 ut
656 3058 804 3137 abrregate
820 3061 870 3119 im·
929 3066 1081 3139 practerea
1100 3080 1154 3140 per
1173 3061 1369 3140 interpretes,
1395 3058 1588 3123 deducendas
1608 3084 1663 3123 eus
1682 3084 1730 3124 se·

66 3159 150 3238 perio
172 3156 317 3225 Romano,
338 3157 367 3214 in
388 3155 486 3230 nragni
506 3152 681 3212 llloscoviae
700 3151 795 3212 Ducis
816 3154 870 3231 jue
929 3173 999 3214 cure
1021 3173 1072 3232 per
1092 3152 1189 3212 media
1209 3158 1307 3239 aspra
1327 3162 1358 3214 et
1377 3154 1544 3215 urrincrsuar
1566 3157 1729 3217 exeram·

66 3258 97 3310 ct
117 3251 270 3330 imperium
287 3238 359 3308 sese
381 3243 482 3305 dedat.
526 3243 608 3304 Urbe
628 3264 664 3304 sc
683 3245 729 3305 vel
748 3244 870 3305 volenti·
928 3247 1135 3325 ingentemque
1161 3246 1290 3323 equilura
1310 3244 1464 3306 cohortem
1489 3248 1567 3327 ipsis
1585 3247 1728 3329 adjungit,

65 3343 133 3411 bus,
160 3341 205 3400 rel
227 3341 326 3399 invitis
352 3337 508 3419 oppidanis
535 3338 654 3396 omnino
675 3338 758 3414 potiri
780 3337 867 3399 uelle.
927 3358 986 3419 que
1006 3340 1143 3399 securius
1162 3328 1300 3398 evadam.
1340 3337 1374 3399 ln
1395 3339 1463 3418 ipso
1481 3359 1642 3420 progressu
1668 3341 1728 3423 ple-

66 3435 126 3507 Qui
155 3433 309 3494 blasconio
335 3430 412 3491 Duei
434 3449 506 3490 sese
526 3428 646 3498 dedere,
661 3429 869 3510 jusjurandum
926 3430 1010 3511 rique
1025 3431 1064 3491 ob
1077 3436 1182 3491 aestus
1200 3429 1423 3500 vebo-entiae,
1439 3436 1470 3491 ct
1483 3432 1623 3512 pulveris,
1640 3454 1729 3515 quen

64 3533 215 3608 praestare
241 3524 415 3593 detractent,
442 3522 503 3581 illis
523 3522 645 3581 liberum
666 3520 737 3591 fore,
763 3528 795 3581 ut
816 3542 870 3604 per
928 3524 1078 3603 equitatus
1104 3524 1145 3584 illl
1170 3524 1352 3593 concitabat,
1379 3523 1570 3597 densitatem,
1599 3527 1728 3603 languidi

64 3615 618 3681 universumliutbenoruarcxereitum
637 3616 782 3673 securein
796 3614 868 3675 Ger·
926 3616 1051 3677 emortui
1087 3616 1293 3676 miserabiliter
1326 3615 1531 3677 concidebant.
1580 3618 1729 3679 dioscorii

65 3713 190 3773 muniam
211 3710 365 3770 secedent.
407 3706 468 3777 Qui
489 3726 559 3765 vero
571 3706 665 3785 parati
676 3707 775 3765 sintin
788 3706 868 3768 blos-
925 3709 1050 3786 agminis
1067 3708 1138 3768 llux
1158 3728 1305 3788 praesens
1325 3707 1393 3767 buic
1410 3708 1509 3768 ductui
1531 3729 1597 3768 οιιιιι
1615 3713 1736 3788 aliquot.

64 3806 140 3865 corii
162 3805 308 3883 Priracipis
328 3801 480 3881 imperium
506 3797 680 3868 correedcre,
700 3798 759 3858 illis
779 3800 867 3859 vitan
926 3802 1055 3879 equitum
1077 3799 1206 3859 millibus
1225 3801 1374 3869 intererat,
1394 3800 1583 3880 vinctumque
1598 3801 1729 3863 babebat

63 3904 95 3959 et
115 3897 273 3957 facultates
292 3891 394 3953 salvus
414 3890 486 3953 fore.
520 3890 719 3969 caeterisqui
734 3895 865 3950 neutru-
925 3892 1115 3972 Episcopum,
1134 3911 1220 3971 quea
1240 3890 1278 3951 ad
1297 3891 1444 3951 abbatiani
1467 3888 1727 3955 Vallreaadensen

62 3990 167 4050 borna
183 3988 300 4055 faciant,
320 3989 449 4043 eatrcraa
462 3982 597 4043 minatur.
631 3980 680 4043 Aa
691 3992 865 4062 sequentem
925 3984 1062 4052 ducebat,
1082 3982 1248 4059 ibidemque
1267 3980 1377 4041 carceri
1390 3982 1585 4061 mancipabat.
1618 3982 1726 4047 Esubl
1772 3986 1776 3993 ’

62 4082 169 4141 lionae
190 4079 268 4137 diem
288 4078 367 4135 cirea
385 4075 405 4135 7
424 4075 591 4134 matutinam
618 4078 719 4153 portas
745 4084 866 4155 apertas
924 4082 1051 4145 ereatura,
1064 4072 1335 4134 dlnittitblvoues.
1355 4071 1561 4152 llllpaululun
1574 4081 1726 4159 progressi

62 4173 137 4240 fore,
146 4171 259 4229 interca
271 4168 444 4237 deliberent,
464 4172 494 4225 et
506 4165 576 4245 quid
589 4166 695 4227 facturi
707 4168 777 4237 sint,
798 4186 865 4226 con·
925 4169 994 4229 nori
1014 4166 1203 4235 discriminis,
1223 4166 1307 4225 triste
1327 4167 1632 4248 nunciumaccipiunt.
1659 4170 1726 4235 lle-

61 4266 196 4325 stituant.
236 4260 351 4321 lllllltcs
371 4258 554 4340 praesidiarii
567 4278 633 4319 οιιι
644 4257 866 4319 cathedralibus
923 4268 1030 4321 nentur
1049 4260 1126 4318 enim
1147 4259 1185 4319 ab
1197 4257 1345 4335 agricolis,
1365 4258 1614 4323 latereadnobas
1627 4264 1726 4328 millia·

62 4355 154 4417 nibilo
174 4355 275 4413 secius
295 4353 407 4421 armati,
426 4350 503 4413 duas
524 4350 746 4429 subsequentes
759 4356 865 4411 noctes
922 4353 1005 4413 ribus
1029 4357 1097 4412 octo
1123 4350 1311 4412 Tartaromm
1337 4351 1440 4422 attila,
1464 4354 1574 4432 quibus
1592 4354 1726 4418 biennes

60 4448 221 4531 pervigiles
248 4445 375 4512 ducant,
406 4443 644 4523 quandoquidem
670 4453 701 4505 et
727 4450 863 4505 senatum
922 4446 1051 4505 universi
1068 4442 1197 4523 praedae
1216 4464 1252 4504 ac
1272 4444 1427 4526 direptioni
1446 4445 1538 4505 dediti
1557 4448 1627 4516 siat,
1647 4451 1725 4509 uitae

61 4562 128 4601 enm
148 4541 273 4609 ciuibus,
299 4546 331 4597 et
351 4534 521 4596 Messenios
541 4534 686 4597 adversos
705 4535 863 4601 trabebant.
922 4558 1039 4619 quoque
1063 4556 1100 4598 ae
1126 4538 1210 4598 necis
1229 4544 1406 4618 potestatem
1432 4539 1460 4596 in
1479 4539 1565 4617 ipsos
1585 4537 1723 4602 babeant.

59 4635 173 4694 interea
193 4632 324 4711 plerique
344 4627 476 4697 nobiles,
502 4629 600 4698 cives,
619 4633 650 4688 et
669 4628 796 4690 feraineo
815 4650 863 4691 ca·
921 4630 1003 4693 luca
1028 4636 1146 4691 secreto
1173 4635 1398 4708 promonncrant
1424 4650 1479 4688 cos
1505 4628 1623 4705 quidum
1651 4629 1722 4690 Tor·

58 4725 218 4786 tlroliciami
254 4722 376 4802 reliquis
409 4718 500 4800 paule
539 4719 792 4793 observantiores,
823 4722 863 4782 ad
921 4725 1098 4801 patrensium,
1118 4723 1168 4801 qui
1190 4724 1331 4800 praestito
1341 4718 1534 4801 jurejurando
1554 4721 1583 4777 io
1604 4720 1722 4781 ltlosco.

58 4816 247 4877 cathedrales
272 4812 456 4883 concedunt,
480 4808 723 4873 avelanarios
744 4814 860 4873 exiliora
920 4816 959 4875 vii
971 4816 1068 4877 Ducis
1081 4816 1233 4893 imperius
1247 4818 1470 4873 concesserant.
1502 4809 1721 4894 Lirooesprio·

57 4930 118 4969 una
144 4928 209 4968 cunr
235 4908 312 4988 ipsis
338 4906 459 4983 eligunt,
484 4908 574 4981 atque
594 4902 636 4963 lta
653 4922 793 4963 numerus
814 4924 862 4964 sc·
919 4908 997 4985 clpio
1018 4904 1185 4965 condictum
1212 4904 1389 4963 meditantur
1413 4905 1519 4979 postea
1540 4922 1571 4961 rc
1592 4908 1721 4980 penitius

56 5000 224 5061 cedentium
246 4999 377 5059 excrevit
397 4998 426 5055 in
445 4997 505 5055 200
522 4998 668 5065 amnas,
694 5000 725 5055 et
744 4994 803 5055 atio
820 4996 860 5057 fe·
919 4997 1114 5065 considerata,
1134 4996 1212 5056 dnos
1229 4992 1375 5072 agricolas
1395 4991 1574 5065 conducunt,
1593 5000 1643 5077 qui
1664 5020 1720 5063 eos

56 5093 350 5171 minasacuirgines.
379 5088 440 5151 Die
459 5088 564 5149 bonae
583 5086 677 5168 portis
688 5086 727 5149 ad
738 5090 860 5167 apertis,
918 5089 1029 5149 arabitn
1049 5088 1175 5167 quedam
1198 5108 1250 5166 per
1269 5104 1424 5146 trenorosa
1444 5090 1475 5143 ct
1488 5086 1629 5165 palustria
1642 5092 1717 5164 loca,

54 5186 246 5263 egrediuntur
266 5182 422 5251 Catholici,
440 5200 517 5261 quus
527 5178 688 5241 lbrtbcnici
708 5182 860 5243 exereitus
917 5200 976 5262 qno
997 5180 1185 5242 Tartesiorum
1204 5179 1355 5262 equitatus
1373 5195 1529 5261 penetrare
1550 5184 1718 5261 nequiebat,
