<?xml version="1.0" encoding="UTF-8"?>
<!DOCTYPE html PUBLIC "-//W3C//DTD XHTML 1.0 Transitional//EN"
    "http://www.w3.org/TR/xhtml1/DTD/xhtml1-transitional.dtd">
<html xmlns="http://www.w3.org/1999/xhtml" xml:lang="en" lang="en">
 <head>
  <title>
</title>
<meta http-equiv="Content-Type" content="text/html;charset=utf-8" />
  <meta name='ocr-system' content='tesseract 3.04.00' />
  <meta name='ocr-capabilities' content='ocr_page ocr_carea ocr_par ocr_line ocrx_word'/>
</head>
<body>
  <div class='ocr_page' id='page_1' title='image "./historiaeruthen00stargoog/historiaeruthen00stargoog_0425.png"; bbox 0 0 3742 5626; ppageno 0'>
   <div class='ocr_carea' id='block_1_1' title="bbox 121 161 1268 259">
    <p class='ocr_par' dir='ltr' id='par_1_1' title="bbox 121 161 1268 259">
     <span class='ocr_line' id='line_1_1' title="bbox 121 161 1268 259; baseline -0.008 -29"><span class='ocrx_word' id='word_1_1' title='bbox 121 169 179 231; x_wconf 89' lang='lat' dir='ltr'>roo</span> <span class='ocrx_word' id='word_1_2' title='bbox 683 161 1268 259; x_wconf 70' lang='lat' dir='ltr'>nannonornnsnen’srnrnrr</span> 
     </span>
    </p>
   </div>
   <div class='ocr_carea' id='block_1_2' title="bbox 118 320 1788 2265">
    <p class='ocr_par' dir='ltr' id='par_1_2' title="bbox 118 320 1788 2265">
     <span class='ocr_line' id='line_1_2' title="bbox 123 320 1788 409; baseline -0.011 -15"><span class='ocrx_word' id='word_1_3' title='bbox 123 327 366 394; x_wconf 83' lang='lat' dir='ltr'>tbuaniabollum</span> <span class='ocrx_word' id='word_1_4' title='bbox 378 326 576 405; x_wconf 79' lang='lat' dir='ltr'>retlintegrare</span> <span class='ocrx_word' id='word_1_5' title='bbox 591 326 677 399; x_wconf 74' lang='lat' dir='ltr'>velit,</span> <span class='ocrx_word' id='word_1_6' title='bbox 695 347 749 409; x_wconf 87' lang='lat' dir='ltr'>per</span> <span class='ocrx_word' id='word_1_7' title='bbox 758 326 927 409; x_wconf 82' lang='lat' dir='ltr'>hujusmodi</span> <span class='ocrx_word' id='word_1_8' title='bbox 953 327 958 353; x_wconf 84' lang='lat'>¹</span> <span class='ocrx_word' id='word_1_9' title='bbox 985 346 1057 387; x_wconf 90' lang='lat' dir='ltr'>sese</span> <span class='ocrx_word' id='word_1_10' title='bbox 1076 325 1137 387; x_wconf 83' lang='lat' dir='ltr'>illis</span> <span class='ocrx_word' id='word_1_11' title='bbox 1154 344 1331 407; x_wconf 77' lang='lat' dir='ltr'>aggregare:</span> <span class='ocrx_word' id='word_1_12' title='bbox 1351 324 1451 387; x_wconf 77' lang='lat' dir='ltr'>datum</span> <span class='ocrx_word' id='word_1_13' title='bbox 1468 320 1656 383; x_wconf 80' lang='lat' dir='ltr'>nihilominus</span> <span class='ocrx_word' id='word_1_14' title='bbox 1667 335 1788 399; x_wconf 77' lang='lat' dir='ltr'>operum</span> 
     </span>
     <span class='ocr_line' id='line_1_3' title="bbox 125 408 1787 502; baseline -0.01 -18"><span class='ocrx_word' id='word_1_15' title='bbox 125 423 272 499; x_wconf 87' lang='lat' dir='ltr'>inducias,</span> <span class='ocrx_word' id='word_1_16' title='bbox 292 420 528 500; x_wconf 84' lang='lat' dir='ltr'>quandocunque</span> <span class='ocrx_word' id='word_1_17' title='bbox 539 419 581 480; x_wconf 92' lang='lat' dir='ltr'>illi</span> <span class='ocrx_word' id='word_1_18' title='bbox 594 419 736 498; x_wconf 78' lang='lat' dir='ltr'>integrum</span> <span class='ocrx_word' id='word_1_19' title='bbox 748 418 779 481; x_wconf 91' lang='lat' dir='ltr'>id</span> <span class='ocrx_word' id='word_1_20' title='bbox 790 420 926 492; x_wconf 69' lang='lat' dir='ltr'>summm,</span> <span class='ocrx_word' id='word_1_21' title='bbox 985 419 1029 495; x_wconf 85' lang='lat' dir='ltr'>iri,</span> <span class='ocrx_word' id='word_1_22' title='bbox 1050 425 1190 499; x_wconf 87' lang='lat' dir='ltr'>qnantum</span> <span class='ocrx_word' id='word_1_23' title='bbox 1210 422 1278 502; x_wconf 90' lang='lat' dir='ltr'>ejus</span> <span class='ocrx_word' id='word_1_24' title='bbox 1297 419 1359 480; x_wconf 85' lang='lat' dir='ltr'>lieri</span> <span class='ocrx_word' id='word_1_25' title='bbox 1369 418 1475 500; x_wconf 83' lang='lat' dir='ltr'>possit,</span> <span class='ocrx_word' id='word_1_26' title='bbox 1494 420 1527 476; x_wconf 92' lang='lat' dir='ltr'>ut</span> <span class='ocrx_word' id='word_1_27' title='bbox 1537 412 1661 495; x_wconf 89' lang='lat' dir='ltr'>injuriae</span> <span class='ocrx_word' id='word_1_28' title='bbox 1672 408 1787 470; x_wconf 74' lang='lat' dir='ltr'>illerum</span> 
     </span>
     <span class='ocr_line' id='line_1_4' title="bbox 125 503 1788 599; baseline -0.01 -20"><span class='ocrx_word' id='word_1_29' title='bbox 125 515 298 599; x_wconf 84' lang='lat' dir='ltr'>quibusda</span> <span class='ocrx_word' id='word_1_30' title='bbox 325 514 465 574; x_wconf 73' lang='lat' dir='ltr'>cessione</span> <span class='ocrx_word' id='word_1_31' title='bbox 488 510 633 588; x_wconf 81' lang='lat' dir='ltr'>Livoniae</span> <span class='ocrx_word' id='word_1_32' title='bbox 659 512 856 575; x_wconf 85' lang='lat' dir='ltr'>conditionem</span> <span class='ocrx_word' id='word_1_33' title='bbox 875 512 927 575; x_wconf 90' lang='lat' dir='ltr'>ad·</span> <span class='ocrx_word' id='word_1_34' title='bbox 985 510 1211 592; x_wconf 78' lang='lat' dir='ltr'>probibearrtur3</span> <span class='ocrx_word' id='word_1_35' title='bbox 1235 534 1254 574; x_wconf 84' lang='lat' dir='ltr'>a</span> <span class='ocrx_word' id='word_1_36' title='bbox 1279 512 1358 573; x_wconf 91' lang='lat' dir='ltr'>bello</span> <span class='ocrx_word' id='word_1_37' title='bbox 1388 518 1488 572; x_wconf 65' lang='lat' dir='ltr'>umen</span> <span class='ocrx_word' id='word_1_38' title='bbox 1516 503 1788 578; x_wconf 73' lang='lat' dir='ltr'>contrabimus,</span> 
     </span>
     <span class='ocr_line' id='line_1_5' title="bbox 120 596 1787 694; baseline -0.009 -23"><span class='ocrx_word' id='word_1_39' title='bbox 120 612 269 694; x_wconf 79' lang='lat' dir='ltr'>jecisset:</span> <span class='ocrx_word' id='word_1_40' title='bbox 297 624 356 686; x_wconf 87' lang='lat' dir='ltr'>qua</span> <span class='ocrx_word' id='word_1_41' title='bbox 374 605 454 665; x_wconf 87' lang='lat' dir='ltr'>bello</span> <span class='ocrx_word' id='word_1_42' title='bbox 473 604 502 663; x_wconf 92' lang='lat' dir='ltr'>in</span> <span class='ocrx_word' id='word_1_43' title='bbox 521 604 648 666; x_wconf 83' lang='lat' dir='ltr'>Lironia</span> <span class='ocrx_word' id='word_1_44' title='bbox 665 605 926 685; x_wconf 76' lang='lat' dir='ltr'>gerendoaltcge</span> <span class='ocrx_word' id='word_1_45' title='bbox 984 610 1088 666; x_wconf 88' lang='lat' dir='ltr'>contra</span> <span class='ocrx_word' id='word_1_46' title='bbox 1118 626 1206 686; x_wconf 86' lang='lat' dir='ltr'>quarn</span> <span class='ocrx_word' id='word_1_47' title='bbox 1232 606 1414 685; x_wconf 76' lang='lat' dir='ltr'><strong>promiserat,</strong></span> <span class='ocrx_word' id='word_1_48' title='bbox 1445 602 1563 662; x_wconf 76' lang='lat' dir='ltr'>eunice</span> <span class='ocrx_word' id='word_1_49' title='bbox 1587 598 1698 673; x_wconf 84' lang='lat' dir='ltr'>abluit,</span> <span class='ocrx_word' id='word_1_50' title='bbox 1729 596 1787 657; x_wconf 89' lang='lat' dir='ltr'>alio</span> 
     </span>
     <span class='ocr_line' id='line_1_6' title="bbox 124 694 1787 778; baseline -0.01 -13"><span class='ocrx_word' id='word_1_51' title='bbox 124 703 233 765; x_wconf 82' lang='lat' dir='ltr'>violata</span> <span class='ocrx_word' id='word_1_52' title='bbox 251 745 260 772; x_wconf 93' lang='lat'>,</span> <span class='ocrx_word' id='word_1_53' title='bbox 280 716 427 777; x_wconf 82' lang='lat' dir='ltr'>nunquan</span> <span class='ocrx_word' id='word_1_54' title='bbox 447 696 489 756; x_wconf 92' lang='lat' dir='ltr'>illi</span> <span class='ocrx_word' id='word_1_55' title='bbox 510 696 580 757; x_wconf 90' lang='lat' dir='ltr'>belli</span> <span class='ocrx_word' id='word_1_56' title='bbox 600 698 629 757; x_wconf 92' lang='lat' dir='ltr'>in</span> <span class='ocrx_word' id='word_1_57' title='bbox 641 696 924 761; x_wconf 84' lang='lat' dir='ltr'>Litbuaniainstnu·</span> <span class='ocrx_word' id='word_1_58' title='bbox 983 707 1087 760; x_wconf 89' lang='lat' dir='ltr'>contra</span> <span class='ocrx_word' id='word_1_59' title='bbox 1112 697 1252 774; x_wconf 86' lang='lat' dir='ltr'>Persam,</span> <span class='ocrx_word' id='word_1_60' title='bbox 1277 696 1358 778; x_wconf 83' lang='lat' dir='ltr'>quod</span> <span class='ocrx_word' id='word_1_61' title='bbox 1382 717 1401 757; x_wconf 87' lang='lat' dir='ltr'>a</span> <span class='ocrx_word' id='word_1_62' title='bbox 1421 694 1584 755; x_wconf 83' lang='lat' dir='ltr'>Turoururn</span> <span class='ocrx_word' id='word_1_63' title='bbox 1609 694 1787 769; x_wconf 81' lang='lat' dir='ltr'>imperatore</span> 
     </span>
     <span class='ocr_line' id='line_1_7' title="bbox 124 781 1785 871; baseline -0.008 -14"><span class='ocrx_word' id='word_1_64' title='bbox 124 794 209 857; x_wconf 87' lang='lat' dir='ltr'>randi</span> <span class='ocrx_word' id='word_1_65' title='bbox 230 811 321 853; x_wconf 88' lang='lat' dir='ltr'>causa</span> <span class='ocrx_word' id='word_1_66' title='bbox 333 787 445 850; x_wconf 82' lang='lat' dir='ltr'>deesse</span> <span class='ocrx_word' id='word_1_67' title='bbox 463 794 578 870; x_wconf 90' lang='lat' dir='ltr'>posset.</span> <span class='ocrx_word' id='word_1_68' title='bbox 597 789 708 851; x_wconf 90' lang='lat' dir='ltr'>Nuntio</span> <span class='ocrx_word' id='word_1_69' title='bbox 723 790 781 852; x_wconf 90' lang='lat' dir='ltr'>hoc</span> <span class='ocrx_word' id='word_1_70' title='bbox 800 792 924 854; x_wconf 83' lang='lat' dir='ltr'>diruisse</span> <span class='ocrx_word' id='word_1_71' title='bbox 983 796 1043 852; x_wconf 76' lang='lat' dir='ltr'>tun</span> <span class='ocrx_word' id='word_1_72' title='bbox 1062 792 1228 871; x_wconf 77' lang='lat' dir='ltr'><strong>gerebatur,</strong></span> <span class='ocrx_word' id='word_1_73' title='bbox 1248 799 1403 852; x_wconf 80' lang='lat' dir='ltr'>avocatus.</span> <span class='ocrx_word' id='word_1_74' title='bbox 1441 786 1555 848; x_wconf 81' lang='lat' dir='ltr'>Aderat</span> <span class='ocrx_word' id='word_1_75' title='bbox 1573 789 1604 844; x_wconf 87' lang='lat' dir='ltr'>et</span> <span class='ocrx_word' id='word_1_76' title='bbox 1624 781 1785 845; x_wconf 83' lang='lat' dir='ltr'>Gottxrdus</span> 
     </span>
     <span class='ocr_line' id='line_1_8' title="bbox 125 876 1783 965; baseline -0.007 -18"><span class='ocrx_word' id='word_1_77' title='bbox 125 886 241 949; x_wconf 80' lang='lat' dir='ltr'>Tartari</span> <span class='ocrx_word' id='word_1_78' title='bbox 257 882 675 965; x_wconf 78' lang='lat' dir='ltr'>postulataeognitalucrunt.</span> <span class='ocrx_word' id='word_1_79' title='bbox 707 883 926 945; x_wconf 85' lang='lat' dir='ltr'>llicsubidern</span> <span class='ocrx_word' id='word_1_80' title='bbox 985 884 1163 947; x_wconf 84' lang='lat' dir='ltr'>Curlarrdiae</span> <span class='ocrx_word' id='word_1_81' title='bbox 1188 892 1219 944; x_wconf 89' lang='lat' dir='ltr'>et</span> <span class='ocrx_word' id='word_1_82' title='bbox 1244 881 1435 960; x_wconf 81' lang='lat' dir='ltr'>Semigalliae</span> <span class='ocrx_word' id='word_1_83' title='bbox 1470 879 1558 952; x_wconf 86' lang='lat' dir='ltr'>Dux,</span> <span class='ocrx_word' id='word_1_84' title='bbox 1595 876 1783 937; x_wconf 69' lang='lat' dir='ltr'>confirmatio</span> 
     </span>
     <span class='ocr_line' id='line_1_9' title="bbox 122 967 1782 1059; baseline -0.007 -17"><span class='ocrx_word' id='word_1_85' title='bbox 122 988 241 1059; x_wconf 84' lang='lat' dir='ltr'>ternpus</span> <span class='ocrx_word' id='word_1_86' title='bbox 260 975 299 1038; x_wconf 89' lang='lat' dir='ltr'>ad</span> <span class='ocrx_word' id='word_1_87' title='bbox 317 974 560 1055; x_wconf 77' lang='lat' dir='ltr'>Rogomlcgatos</span> <span class='ocrx_word' id='word_1_88' title='bbox 571 976 706 1053; x_wconf 79' lang='lat' dir='ltr'>miserat,</span> <span class='ocrx_word' id='word_1_89' title='bbox 726 977 805 1057; x_wconf 81' lang='lat' dir='ltr'>quod</span> <span class='ocrx_word' id='word_1_90' title='bbox 818 978 924 1039; x_wconf 84' lang='lat' dir='ltr'>bellun</span> <span class='ocrx_word' id='word_1_91' title='bbox 985 998 1112 1058; x_wconf 81' lang='lat' dir='ltr'>nonque</span> <span class='ocrx_word' id='word_1_92' title='bbox 1131 976 1212 1039; x_wconf 85' lang='lat' dir='ltr'>teudi</span> <span class='ocrx_word' id='word_1_93' title='bbox 1234 976 1281 1035; x_wconf 86' lang='lat' dir='ltr'>sui</span> <span class='ocrx_word' id='word_1_94' title='bbox 1292 986 1324 1036; x_wconf 90' lang='lat' dir='ltr'>et</span> <span class='ocrx_word' id='word_1_95' title='bbox 1334 974 1536 1035; x_wconf 85' lang='lat' dir='ltr'>investituram</span> <span class='ocrx_word' id='word_1_96' title='bbox 1546 970 1678 1051; x_wconf 81' lang='lat' dir='ltr'>petebat.</span> <span class='ocrx_word' id='word_1_97' title='bbox 1709 967 1782 1030; x_wconf 81' lang='lat' dir='ltr'>Eum</span> 
     </span>
     <span class='ocr_line' id='line_1_10' title="bbox 123 1060 1784 1149; baseline -0.008 -15"><span class='ocrx_word' id='word_1_98' title='bbox 123 1079 225 1134; x_wconf 84' lang='lat' dir='ltr'>eontra</span> <span class='ocrx_word' id='word_1_99' title='bbox 250 1069 390 1131; x_wconf 83' lang='lat' dir='ltr'>Moseum</span> <span class='ocrx_word' id='word_1_100' title='bbox 417 1067 531 1146; x_wconf 84' lang='lat' dir='ltr'>suscipi</span> <span class='ocrx_word' id='word_1_101' title='bbox 556 1068 768 1141; x_wconf 74' lang='lat' dir='ltr'>intellexisset,</span> <span class='ocrx_word' id='word_1_102' title='bbox 800 1089 838 1129; x_wconf 89' lang='lat' dir='ltr'>ex</span> <span class='ocrx_word' id='word_1_103' title='bbox 863 1069 924 1130; x_wconf 85' lang='lat' dir='ltr'>foe·</span> <span class='ocrx_word' id='word_1_104' title='bbox 983 1070 1054 1133; x_wconf 83' lang='lat' dir='ltr'>Rex</span> <span class='ocrx_word' id='word_1_105' title='bbox 1072 1071 1189 1133; x_wconf 81' lang='lat' dir='ltr'>Dianae</span> <span class='ocrx_word' id='word_1_106' title='bbox 1200 1070 1310 1130; x_wconf 83' lang='lat' dir='ltr'>sistere</span> <span class='ocrx_word' id='word_1_107' title='bbox 1330 1088 1367 1128; x_wconf 90' lang='lat' dir='ltr'>se</span> <span class='ocrx_word' id='word_1_108' title='bbox 1381 1067 1486 1149; x_wconf 82' lang='lat' dir='ltr'>jussit3</span> <span class='ocrx_word' id='word_1_109' title='bbox 1505 1064 1621 1124; x_wconf 90' lang='lat' dir='ltr'>iuterim</span> <span class='ocrx_word' id='word_1_110' title='bbox 1639 1060 1679 1123; x_wconf 91' lang='lat' dir='ltr'>ad</span> <span class='ocrx_word' id='word_1_111' title='bbox 1689 1060 1784 1123; x_wconf 81' lang='lat' dir='ltr'>Sana·</span> 
     </span>
     <span class='ocr_line' id='line_1_11' title="bbox 122 1153 1784 1244; baseline -0.008 -17"><span class='ocrx_word' id='word_1_112' title='bbox 122 1166 204 1236; x_wconf 88' lang='lat' dir='ltr'>dore,</span> <span class='ocrx_word' id='word_1_113' title='bbox 222 1184 282 1244; x_wconf 82' lang='lat' dir='ltr'>quo</span> <span class='ocrx_word' id='word_1_114' title='bbox 298 1161 437 1241; x_wconf 80' lang='lat' dir='ltr'>Regibus</span> <span class='ocrx_word' id='word_1_115' title='bbox 448 1160 591 1223; x_wconf 85' lang='lat' dir='ltr'>Polouiao</span> <span class='ocrx_word' id='word_1_116' title='bbox 609 1181 728 1239; x_wconf 80' lang='lat' dir='ltr'>opersrn</span> <span class='ocrx_word' id='word_1_117' title='bbox 749 1182 835 1223; x_wconf 84' lang='lat' dir='ltr'>suam</span> <span class='ocrx_word' id='word_1_118' title='bbox 855 1183 921 1223; x_wconf 83' lang='lat' dir='ltr'>con</span> <span class='ocrx_word' id='word_1_119' title='bbox 983 1168 1045 1225; x_wconf 86' lang='lat' dir='ltr'>tunr</span> <span class='ocrx_word' id='word_1_120' title='bbox 1071 1185 1108 1226; x_wconf 88' lang='lat' dir='ltr'>ea</span> <span class='ocrx_word' id='word_1_121' title='bbox 1133 1163 1171 1225; x_wconf 92' lang='lat' dir='ltr'>de</span> <span class='ocrx_word' id='word_1_122' title='bbox 1195 1184 1228 1223; x_wconf 93' lang='lat' dir='ltr'>ro</span> <span class='ocrx_word' id='word_1_123' title='bbox 1257 1161 1366 1222; x_wconf 91' lang='lat' dir='ltr'>retulit.</span> <span class='ocrx_word' id='word_1_124' title='bbox 1406 1158 1566 1222; x_wconf 79' lang='lat' dir='ltr'>Exercitus</span> <span class='ocrx_word' id='word_1_125' title='bbox 1584 1153 1654 1216; x_wconf 89' lang='lat' dir='ltr'>iude</span> <span class='ocrx_word' id='word_1_126' title='bbox 1672 1162 1707 1215; x_wconf 92' lang='lat' dir='ltr'>ut</span> <span class='ocrx_word' id='word_1_127' title='bbox 1725 1154 1784 1215; x_wconf 84' lang='lat' dir='ltr'>sub</span> 
     </span>
     <span class='ocr_line' id='line_1_12' title="bbox 123 1245 1783 1338; baseline -0.008 -20"><span class='ocrx_word' id='word_1_128' title='bbox 123 1268 169 1320; x_wconf 88' lang='lat' dir='ltr'>tra</span> <span class='ocrx_word' id='word_1_129' title='bbox 188 1254 313 1336; x_wconf 81' lang='lat' dir='ltr'>quosvis</span> <span class='ocrx_word' id='word_1_130' title='bbox 332 1253 448 1323; x_wconf 82' lang='lat' dir='ltr'>hostes,</span> <span class='ocrx_word' id='word_1_131' title='bbox 468 1252 555 1314; x_wconf 86' lang='lat' dir='ltr'>unico</span> <span class='ocrx_word' id='word_1_132' title='bbox 570 1252 730 1315; x_wconf 73' lang='lat' dir='ltr'>&#39;furcarum</span> <span class='ocrx_word' id='word_1_133' title='bbox 745 1257 923 1334; x_wconf 70' lang='lat' dir='ltr'>imperatore</span> <span class='ocrx_word' id='word_1_134' title='bbox 983 1257 1152 1338; x_wconf 85' lang='lat' dir='ltr'>principium</span> <span class='ocrx_word' id='word_1_135' title='bbox 1167 1253 1477 1317; x_wconf 71' lang='lat' dir='ltr'>nensisJuliiSvirunr</span> <span class='ocrx_word' id='word_1_136' title='bbox 1487 1250 1666 1324; x_wconf 74' lang='lat' dir='ltr'>conveniret,</span> <span class='ocrx_word' id='word_1_137' title='bbox 1678 1245 1783 1309; x_wconf 81' lang='lat' dir='ltr'>edixit.</span> 
     </span>
     <span class='ocr_line' id='line_1_13' title="bbox 123 1338 1782 1432; baseline -0.008 -20"><span class='ocrx_word' id='word_1_138' title='bbox 123 1355 263 1431; x_wconf 88' lang='lat' dir='ltr'>excepto,</span> <span class='ocrx_word' id='word_1_139' title='bbox 282 1366 393 1408; x_wconf 85' lang='lat' dir='ltr'>narare</span> <span class='ocrx_word' id='word_1_140' title='bbox 411 1352 536 1419; x_wconf 89' lang='lat' dir='ltr'>tenetur,</span> <span class='ocrx_word' id='word_1_141' title='bbox 556 1347 594 1407; x_wconf 90' lang='lat' dir='ltr'>ab</span> <span class='ocrx_word' id='word_1_142' title='bbox 613 1346 707 1408; x_wconf 85' lang='lat' dir='ltr'>altera</span> <span class='ocrx_word' id='word_1_143' title='bbox 726 1358 812 1429; x_wconf 84' lang='lat' dir='ltr'>parto</span> <span class='ocrx_word' id='word_1_144' title='bbox 832 1349 922 1430; x_wconf 87' lang='lat' dir='ltr'>irrup-</span> <span class='ocrx_word' id='word_1_145' title='bbox 982 1352 1115 1412; x_wconf 90' lang='lat' dir='ltr'>Venerat</span> <span class='ocrx_word' id='word_1_146' title='bbox 1129 1351 1194 1432; x_wconf 75' lang='lat' dir='ltr'>jann</span> <span class='ocrx_word' id='word_1_147' title='bbox 1205 1348 1326 1410; x_wconf 83' lang='lat' dir='ltr'>Viloanr</span> <span class='ocrx_word' id='word_1_148' title='bbox 1336 1345 1524 1421; x_wconf 75' lang='lat' dir='ltr'>Hungaricns</span> <span class='ocrx_word' id='word_1_149' title='bbox 1536 1339 1687 1423; x_wconf 77' lang='lat' dir='ltr'>peditatus</span> <span class='ocrx_word' id='word_1_150' title='bbox 1701 1338 1782 1400; x_wconf 80' lang='lat' dir='ltr'>Clari·</span> 
     </span>
     <span class='ocr_line' id='line_1_14' title="bbox 123 1433 1783 1524; baseline -0.007 -20"><span class='ocrx_word' id='word_1_151' title='bbox 123 1445 232 1505; x_wconf 76' lang='lat' dir='ltr'>tione·</span> <span class='ocrx_word' id='word_1_152' title='bbox 252 1440 282 1500; x_wconf 93' lang='lat' dir='ltr'>in</span> <span class='ocrx_word' id='word_1_153' title='bbox 302 1439 487 1501; x_wconf 82' lang='lat' dir='ltr'>bloscoviaur</span> <span class='ocrx_word' id='word_1_154' title='bbox 508 1438 655 1499; x_wconf 82' lang='lat' dir='ltr'>sucturum</span> <span class='ocrx_word' id='word_1_155' title='bbox 675 1460 712 1500; x_wconf 91' lang='lat' dir='ltr'>se</span> <span class='ocrx_word' id='word_1_156' title='bbox 728 1441 922 1504; x_wconf 74' lang='lat' dir='ltr'>ostendebat:</span> <span class='ocrx_word' id='word_1_157' title='bbox 981 1443 1115 1524; x_wconf 86' lang='lat' dir='ltr'>stopbori</span> <span class='ocrx_word' id='word_1_158' title='bbox 1133 1439 1375 1503; x_wconf 84' lang='lat' dir='ltr'>Transsilraniae</span> <span class='ocrx_word' id='word_1_159' title='bbox 1399 1438 1545 1518; x_wconf 84' lang='lat' dir='ltr'>Principis</span> <span class='ocrx_word' id='word_1_160' title='bbox 1565 1434 1664 1513; x_wconf 80' lang='lat' dir='ltr'>Regis</span> <span class='ocrx_word' id='word_1_161' title='bbox 1684 1433 1783 1497; x_wconf 74' lang='lat' dir='ltr'>fratris</span> 
     </span>
     <span class='ocr_line' id='line_1_15' title="bbox 120 1525 1782 1618; baseline -0.004 -23"><span class='ocrx_word' id='word_1_162' title='bbox 120 1534 242 1616; x_wconf 82' lang='lat' dir='ltr'>petebat</span> <span class='ocrx_word' id='word_1_163' title='bbox 251 1531 923 1617; x_wconf 76' lang='lat' dir='ltr'>donativa:Nisoriorunrinjuriascosrceripo·</span> <span class='ocrx_word' id='word_1_164' title='bbox 980 1539 1087 1612; x_wconf 87' lang='lat' dir='ltr'>missu,</span> <span class='ocrx_word' id='word_1_165' title='bbox 1106 1534 1301 1618; x_wconf 74' lang='lat' dir='ltr'>ejusdenque</span> <span class='ocrx_word' id='word_1_166' title='bbox 1315 1530 1452 1591; x_wconf 88' lang='lat' dir='ltr'>deiectus</span> <span class='ocrx_word' id='word_1_167' title='bbox 1468 1533 1553 1613; x_wconf 87' lang='lat' dir='ltr'>justa</span> <span class='ocrx_word' id='word_1_168' title='bbox 1571 1529 1705 1607; x_wconf 84' lang='lat' dir='ltr'>equiturn</span> <span class='ocrx_word' id='word_1_169' title='bbox 1725 1525 1782 1589; x_wconf 74' lang='lat' dir='ltr'>utu</span> 
     </span>
     <span class='ocr_line' id='line_1_16' title="bbox 120 1616 1783 1707; baseline -0.006 -18"><span class='ocrx_word' id='word_1_170' title='bbox 120 1626 260 1689; x_wconf 80' lang='lat' dir='ltr'>stubbat.</span> <span class='ocrx_word' id='word_1_171' title='bbox 274 1623 465 1707; x_wconf 84' lang='lat' dir='ltr'>Responsum</span> <span class='ocrx_word' id='word_1_172' title='bbox 476 1623 547 1685; x_wconf 86' lang='lat' dir='ltr'>huic</span> <span class='ocrx_word' id='word_1_173' title='bbox 557 1624 700 1703; x_wconf 67' lang='lat' dir='ltr'>fuitquod</span> <span class='ocrx_word' id='word_1_174' title='bbox 713 1646 830 1706; x_wconf 73' lang='lat' dir='ltr'>operam</span> <span class='ocrx_word' id='word_1_175' title='bbox 838 1649 921 1690; x_wconf 85' lang='lat' dir='ltr'>srraxr</span> <span class='ocrx_word' id='word_1_176' title='bbox 979 1630 1152 1691; x_wconf 86' lang='lat' dir='ltr'>Polonicurn</span> <span class='ocrx_word' id='word_1_177' title='bbox 1176 1626 1299 1688; x_wconf 84' lang='lat' dir='ltr'>rnilitcnr</span> <span class='ocrx_word' id='word_1_178' title='bbox 1322 1624 1489 1696; x_wconf 85' lang='lat' dir='ltr'>blieletius,</span> <span class='ocrx_word' id='word_1_179' title='bbox 1519 1622 1568 1703; x_wconf 85' lang='lat' dir='ltr'>qui</span> <span class='ocrx_word' id='word_1_180' title='bbox 1588 1628 1620 1681; x_wconf 89' lang='lat' dir='ltr'>et</span> <span class='ocrx_word' id='word_1_181' title='bbox 1639 1621 1707 1698; x_wconf 91' lang='lat' dir='ltr'>ipso</span> <span class='ocrx_word' id='word_1_182' title='bbox 1725 1616 1783 1679; x_wconf 84' lang='lat' dir='ltr'>sub</span> 
     </span>
     <span class='ocr_line' id='line_1_17' title="bbox 121 1712 1783 1799; baseline -0.004 -20"><span class='ocrx_word' id='word_1_183' title='bbox 121 1724 223 1779; x_wconf 82' lang='lat' dir='ltr'>eontra</span> <span class='ocrx_word' id='word_1_184' title='bbox 242 1715 380 1777; x_wconf 82' lang='lat' dir='ltr'>Muscam</span> <span class='ocrx_word' id='word_1_185' title='bbox 391 1714 588 1797; x_wconf 90' lang='lat' dir='ltr'>polliceretur,</span> <span class='ocrx_word' id='word_1_186' title='bbox 609 1715 919 1782; x_wconf 80' lang='lat' dir='ltr'>seceroeunolliciurn</span> <span class='ocrx_word' id='word_1_187' title='bbox 980 1723 1057 1785; x_wconf 78' lang='lat' dir='ltr'>iden</span> <span class='ocrx_word' id='word_1_188' title='bbox 1078 1728 1195 1799; x_wconf 88' lang='lat' dir='ltr'>ternpus</span> <span class='ocrx_word' id='word_1_189' title='bbox 1215 1719 1253 1780; x_wconf 88' lang='lat' dir='ltr'>ad</span> <span class='ocrx_word' id='word_1_190' title='bbox 1273 1718 1388 1795; x_wconf 81' lang='lat' dir='ltr'>Regem</span> <span class='ocrx_word' id='word_1_191' title='bbox 1409 1715 1550 1789; x_wconf 89' lang='lat' dir='ltr'>redierat,</span> <span class='ocrx_word' id='word_1_192' title='bbox 1571 1734 1640 1775; x_wconf 88' lang='lat' dir='ltr'>cum</span> <span class='ocrx_word' id='word_1_193' title='bbox 1659 1712 1783 1791; x_wconf 74' lang='lat' dir='ltr'>seguim</span> 
     </span>
     <span class='ocr_line' id='line_1_18' title="bbox 121 1806 1781 1888; baseline -0.005 -15"><span class='ocrx_word' id='word_1_194' title='bbox 121 1832 223 1873; x_wconf 79' lang='lat' dir='ltr'>suun:</span> <span class='ocrx_word' id='word_1_195' title='bbox 243 1808 411 1871; x_wconf 77' lang='lat' dir='ltr'>donativum</span> <span class='ocrx_word' id='word_1_196' title='bbox 432 1808 532 1870; x_wconf 81' lang='lat' dir='ltr'>datum</span> <span class='ocrx_word' id='word_1_197' title='bbox 554 1811 604 1869; x_wconf 73' lang='lat' dir='ltr'>iric</span> <span class='ocrx_word' id='word_1_198' title='bbox 624 1809 741 1871; x_wconf 83' lang='lat' dir='ltr'>Dantur</span> <span class='ocrx_word' id='word_1_199' title='bbox 759 1814 920 1875; x_wconf 87' lang='lat' dir='ltr'>antemali·</span> <span class='ocrx_word' id='word_1_200' title='bbox 979 1837 998 1878; x_wconf 92' lang='lat' dir='ltr'>a</span> <span class='ocrx_word' id='word_1_201' title='bbox 1018 1813 1240 1888; x_wconf 88' lang='lat' dir='ltr'>Quaestoribus</span> <span class='ocrx_word' id='word_1_202' title='bbox 1260 1831 1296 1870; x_wconf 88' lang='lat' dir='ltr'>ac</span> <span class='ocrx_word' id='word_1_203' title='bbox 1317 1808 1506 1869; x_wconf 80' lang='lat' dir='ltr'>exactoribus</span> <span class='ocrx_word' id='word_1_204' title='bbox 1523 1806 1664 1888; x_wconf 88' lang='lat' dir='ltr'>expedita</span> <span class='ocrx_word' id='word_1_205' title='bbox 1683 1826 1718 1865; x_wconf 91' lang='lat' dir='ltr'>re</span> <span class='ocrx_word' id='word_1_206' title='bbox 1736 1826 1781 1883; x_wconf 80' lang='lat' dir='ltr'>pe</span> 
     </span>
     <span class='ocr_line' id='line_1_19' title="bbox 120 1899 1782 1986; baseline -0.004 -21"><span class='ocrx_word' id='word_1_207' title='bbox 120 1909 193 1986; x_wconf 90' lang='lat' dir='ltr'>quot</span> <span class='ocrx_word' id='word_1_208' title='bbox 212 1924 365 1965; x_wconf 78' lang='lat' dir='ltr'>aureorum</span> <span class='ocrx_word' id='word_1_209' title='bbox 385 1902 489 1977; x_wconf 79' lang='lat' dir='ltr'>millia,</span> <span class='ocrx_word' id='word_1_210' title='bbox 510 1907 540 1962; x_wconf 91' lang='lat' dir='ltr'>et</span> <span class='ocrx_word' id='word_1_211' title='bbox 558 1908 660 1963; x_wconf 89' lang='lat' dir='ltr'>eertus</span> <span class='ocrx_word' id='word_1_212' title='bbox 680 1906 919 1968; x_wconf 72' lang='lat' dir='ltr'>vestimentorum</span> <span class='ocrx_word' id='word_1_213' title='bbox 980 1909 1122 1981; x_wconf 78' lang='lat' dir='ltr'>cupiaris,</span> <span class='ocrx_word' id='word_1_214' title='bbox 1132 1908 1171 1967; x_wconf 93' lang='lat' dir='ltr'>ob</span> <span class='ocrx_word' id='word_1_215' title='bbox 1182 1909 1405 1967; x_wconf 88' lang='lat' dir='ltr'>auctoramenta</span> <span class='ocrx_word' id='word_1_216' title='bbox 1415 1899 1672 1983; x_wconf 86' lang='lat' dir='ltr'>tordiusaeeepta,</span> <span class='ocrx_word' id='word_1_217' title='bbox 1681 1918 1782 1959; x_wconf 82' lang='lat' dir='ltr'>morae</span> 
     </span>
     <span class='ocr_line' id='line_1_20' title="bbox 121 1992 1780 2075; baseline -0.004 -18"><span class='ocrx_word' id='word_1_218' title='bbox 121 2015 275 2057; x_wconf 76' lang='lat' dir='ltr'>numerus:</span> <span class='ocrx_word' id='word_1_219' title='bbox 299 1994 442 2057; x_wconf 85' lang='lat' dir='ltr'>Nisorios</span> <span class='ocrx_word' id='word_1_220' title='bbox 467 1994 621 2057; x_wconf 82' lang='lat' dir='ltr'>oollurieur</span> <span class='ocrx_word' id='word_1_221' title='bbox 648 2017 686 2057; x_wconf 86' lang='lat' dir='ltr'>ex</span> <span class='ocrx_word' id='word_1_222' title='bbox 713 2000 802 2060; x_wconf 72' lang='lat' dir='ltr'>uariis</span> <span class='ocrx_word' id='word_1_223' title='bbox 828 2003 919 2061; x_wconf 86' lang='lat' dir='ltr'>natio·</span> <span class='ocrx_word' id='word_1_224' title='bbox 979 2001 1111 2063; x_wconf 88' lang='lat' dir='ltr'>nonnilril</span> <span class='ocrx_word' id='word_1_225' title='bbox 1136 2000 1268 2061; x_wconf 81' lang='lat' dir='ltr'>annilitc</span> <span class='ocrx_word' id='word_1_226' title='bbox 1287 1998 1538 2075; x_wconf 80' lang='lat' dir='ltr'>interponeretur,</span> <span class='ocrx_word' id='word_1_227' title='bbox 1565 2002 1708 2072; x_wconf 73' lang='lat' dir='ltr'>utquam</span> <span class='ocrx_word' id='word_1_228' title='bbox 1727 1992 1780 2071; x_wconf 89' lang='lat' dir='ltr'>pri-</span> 
     </span>
     <span class='ocr_line' id='line_1_21' title="bbox 120 2085 1781 2169; baseline -0.002 -19"><span class='ocrx_word' id='word_1_229' title='bbox 120 2091 207 2150; x_wconf 91' lang='lat' dir='ltr'>nibns</span> <span class='ocrx_word' id='word_1_230' title='bbox 229 2087 395 2159; x_wconf 87' lang='lat' dir='ltr'>collectam,</span> <span class='ocrx_word' id='word_1_231' title='bbox 421 2107 477 2148; x_wconf 89' lang='lat' dir='ltr'>nec</span> <span class='ocrx_word' id='word_1_232' title='bbox 496 2089 525 2148; x_wconf 92' lang='lat' dir='ltr'>in</span> <span class='ocrx_word' id='word_1_233' title='bbox 546 2093 693 2166; x_wconf 86' lang='lat' dir='ltr'>potestate</span> <span class='ocrx_word' id='word_1_234' title='bbox 712 2089 808 2169; x_wconf 80' lang='lat' dir='ltr'>Regis</span> <span class='ocrx_word' id='word_1_235' title='bbox 828 2114 918 2154; x_wconf 88' lang='lat' dir='ltr'>esso:</span> <span class='ocrx_word' id='word_1_236' title='bbox 977 2114 1055 2156; x_wconf 77' lang='lat' dir='ltr'>muni</span> <span class='ocrx_word' id='word_1_237' title='bbox 1082 2093 1120 2155; x_wconf 89' lang='lat' dir='ltr'>ad</span> <span class='ocrx_word' id='word_1_238' title='bbox 1146 2092 1272 2155; x_wconf 79' lang='lat' dir='ltr'>edictum</span> <span class='ocrx_word' id='word_1_239' title='bbox 1299 2089 1489 2156; x_wconf 84' lang='lat' dir='ltr'>corrreniret,</span> <span class='ocrx_word' id='word_1_240' title='bbox 1516 2085 1624 2147; x_wconf 87' lang='lat' dir='ltr'>acriter</span> <span class='ocrx_word' id='word_1_241' title='bbox 1648 2085 1781 2165; x_wconf 78' lang='lat' dir='ltr'>urgebat.</span> 
     </span>
     <span class='ocr_line' id='line_1_22' title="bbox 118 2180 917 2265; baseline 0.005 -21"><span class='ocrx_word' id='word_1_242' title='bbox 118 2188 208 2265; x_wconf 78' lang='lat' dir='ltr'>atquo</span> <span class='ocrx_word' id='word_1_243' title='bbox 237 2202 276 2241; x_wconf 88' lang='lat' dir='ltr'>ex</span> <span class='ocrx_word' id='word_1_244' title='bbox 305 2182 380 2260; x_wconf 89' lang='lat' dir='ltr'>ipsis</span> <span class='ocrx_word' id='word_1_245' title='bbox 409 2180 542 2243; x_wconf 71' lang='lat' dir='ltr'>Tartesia</span> <span class='ocrx_word' id='word_1_246' title='bbox 567 2187 597 2240; x_wconf 81' lang='lat' dir='ltr'>et</span> <span class='ocrx_word' id='word_1_247' title='bbox 617 2181 725 2243; x_wconf 82' lang='lat' dir='ltr'>Tuccis</span> <span class='ocrx_word' id='word_1_248' title='bbox 754 2205 811 2246; x_wconf 91' lang='lat' dir='ltr'>non</span> <span class='ocrx_word' id='word_1_249' title='bbox 834 2206 917 2248; x_wconf 87' lang='lat' dir='ltr'>raros</span> 
     </span>
    </p>
   </div>
   <div class='ocr_carea' id='block_1_3' title="bbox 659 2864 1234 2943">
    <p class='ocr_par' dir='ltr' id='par_1_3' title="bbox 659 2864 1234 2943">
     <span class='ocr_line' id='line_1_23' title="bbox 659 2864 1234 2943; baseline 0.005 -4"><span class='ocrx_word' id='word_1_250' title='bbox 659 2864 863 2941; x_wconf 72' lang='lat' dir='ltr'>albert</span> <span class='ocrx_word' id='word_1_251' title='bbox 895 2864 1234 2943; x_wconf 77' lang='lat' dir='ltr'><strong><em>SECUNDUS.</em></strong></span> 
     </span>
    </p>
   </div>
   <div class='ocr_carea' id='block_1_4' title="bbox 842 3037 1045 3065">
    <p class='ocr_par' dir='ltr' id='par_1_4' title="bbox 842 3037 1045 3065">
     <span class='ocr_line' id='line_1_24' title="bbox 842 3037 1045 3065; baseline 0 0"><span class='ocrx_word' id='word_1_252' title='bbox 842 3037 1045 3065; x_wconf 48' lang='lat'>*⁸*-</span> 
     </span>
    </p>
   </div>
   <div class='ocr_carea' id='block_1_5' title="bbox 96 3276 1777 5221">
    <p class='ocr_par' dir='ltr' id='par_1_5' title="bbox 96 3276 1777 5221">
     <span class='ocr_line' id='line_1_25' title="bbox 189 3276 1777 3364; baseline -0.002 -25"><span class='ocrx_word' id='word_1_253' title='bbox 189 3282 278 3343; x_wconf 82' lang='lat' dir='ltr'>Vilna</span> <span class='ocrx_word' id='word_1_254' title='bbox 297 3281 392 3364; x_wconf 81' lang='lat' dir='ltr'>pridie</span> <span class='ocrx_word' id='word_1_255' title='bbox 412 3282 563 3344; x_wconf 74' lang='lat' dir='ltr'>Ostendes</span> <span class='ocrx_word' id='word_1_256' title='bbox 579 3282 653 3343; x_wconf 79' lang='lat' dir='ltr'>tutti</span> <span class='ocrx_word' id='word_1_257' title='bbox 669 3282 736 3344; x_wconf 87' lang='lat' dir='ltr'>Rex</span> <span class='ocrx_word' id='word_1_258' title='bbox 755 3283 915 3364; x_wconf 80' lang='lat' dir='ltr'>proiectus,</span> <span class='ocrx_word' id='word_1_259' title='bbox 971 3284 1084 3346; x_wconf 80' lang='lat' dir='ltr'>crebris</span> <span class='ocrx_word' id='word_1_260' title='bbox 1103 3284 1227 3347; x_wconf 80' lang='lat' dir='ltr'>urbibus</span> <span class='ocrx_word' id='word_1_261' title='bbox 1253 3290 1283 3345; x_wconf 89' lang='lat' dir='ltr'>et</span> <span class='ocrx_word' id='word_1_262' title='bbox 1307 3284 1440 3347; x_wconf 77' lang='lat' dir='ltr'>castellis</span> <span class='ocrx_word' id='word_1_263' title='bbox 1464 3284 1583 3357; x_wconf 75' lang='lat' dir='ltr'>munile,</span> <span class='ocrx_word' id='word_1_264' title='bbox 1605 3276 1777 3358; x_wconf 70' lang='lat' dir='ltr'>cademque</span> 
     </span>
     <span class='ocr_line' id='line_1_26' title="bbox 112 3373 1776 3459; baseline -0.002 -25"><span class='ocrx_word' id='word_1_265' title='bbox 112 3376 229 3435; x_wconf 81' lang='lat' dir='ltr'>Svirunr</span> <span class='ocrx_word' id='word_1_266' title='bbox 249 3374 318 3435; x_wconf 86' lang='lat' dir='ltr'>inde</span> <span class='ocrx_word' id='word_1_267' title='bbox 337 3376 427 3435; x_wconf 76' lang='lat' dir='ltr'>venit</span> <span class='ocrx_word' id='word_1_268' title='bbox 449 3374 491 3433; x_wconf 94' lang='lat' dir='ltr'>lbi</span> <span class='ocrx_word' id='word_1_269' title='bbox 501 3374 673 3436; x_wconf 80' lang='lat' dir='ltr'>Litbuanici</span> <span class='ocrx_word' id='word_1_270' title='bbox 692 3378 841 3456; x_wconf 80' lang='lat' dir='ltr'>equitatus</span> <span class='ocrx_word' id='word_1_271' title='bbox 851 3398 915 3459; x_wconf 85' lang='lat' dir='ltr'>par·</span> <span class='ocrx_word' id='word_1_272' title='bbox 970 3381 1014 3437; x_wconf 92' lang='lat' dir='ltr'>tot</span> <span class='ocrx_word' id='word_1_273' title='bbox 1033 3398 1130 3440; x_wconf 88' lang='lat' dir='ltr'>annos</span> <span class='ocrx_word' id='word_1_274' title='bbox 1155 3386 1273 3440; x_wconf 76' lang='lat' dir='ltr'>vastata</span> <span class='ocrx_word' id='word_1_275' title='bbox 1298 3385 1414 3459; x_wconf 90' lang='lat' dir='ltr'>propter</span> <span class='ocrx_word' id='word_1_276' title='bbox 1438 3378 1620 3437; x_wconf 78' lang='lat' dir='ltr'>commeatus</span> <span class='ocrx_word' id='word_1_277' title='bbox 1644 3373 1776 3453; x_wconf 70' lang='lat' dir='ltr'>inopiam</span> 
     </span>
     <span class='ocr_line' id='line_1_27' title="bbox 112 3463 1775 3550; baseline -0.001 -24"><span class='ocrx_word' id='word_1_278' title='bbox 112 3472 172 3526; x_wconf 84' lang='lat' dir='ltr'>tem</span> <span class='ocrx_word' id='word_1_279' title='bbox 191 3466 278 3526; x_wconf 82' lang='lat' dir='ltr'>vidit:</span> <span class='ocrx_word' id='word_1_280' title='bbox 304 3468 354 3546; x_wconf 87' lang='lat' dir='ltr'>qui</span> <span class='ocrx_word' id='word_1_281' title='bbox 380 3486 470 3547; x_wconf 85' lang='lat' dir='ltr'>quarn</span> <span class='ocrx_word' id='word_1_282' title='bbox 489 3469 646 3528; x_wconf 85' lang='lat' dir='ltr'>universus</span> <span class='ocrx_word' id='word_1_283' title='bbox 666 3471 803 3530; x_wconf 87' lang='lat' dir='ltr'>oxrnihus</span> <span class='ocrx_word' id='word_1_284' title='bbox 822 3471 913 3531; x_wconf 86' lang='lat' dir='ltr'>rebus</span> <span class='ocrx_word' id='word_1_285' title='bbox 969 3487 1006 3528; x_wconf 85' lang='lat' dir='ltr'>aa</span> <span class='ocrx_word' id='word_1_286' title='bbox 1028 3468 1199 3550; x_wconf 79' lang='lat' dir='ltr'>trequentes</span> <span class='ocrx_word' id='word_1_287' title='bbox 1219 3470 1405 3545; x_wconf 81' lang='lat' dir='ltr'>obsidiones,</span> <span class='ocrx_word' id='word_1_288' title='bbox 1424 3469 1607 3531; x_wconf 83' lang='lat' dir='ltr'>dillicilioros</span> <span class='ocrx_word' id='word_1_289' title='bbox 1617 3463 1775 3527; x_wconf 75' lang='lat' dir='ltr'>tardiores</span> 
     </span>
     <span class='ocr_line' id='line_1_28' title="bbox 110 3554 1774 3643; baseline -0.001 -24"><span class='ocrx_word' id='word_1_290' title='bbox 110 3564 196 3619; x_wconf 84' lang='lat' dir='ltr'>esset</span> <span class='ocrx_word' id='word_1_291' title='bbox 214 3561 439 3630; x_wconf 87' lang='lat' dir='ltr'>ornatissimus,</span> <span class='ocrx_word' id='word_1_292' title='bbox 463 3565 522 3619; x_wconf 87' lang='lat' dir='ltr'>tum</span> <span class='ocrx_word' id='word_1_293' title='bbox 543 3561 685 3632; x_wconf 82' lang='lat' dir='ltr'>maxime,</span> <span class='ocrx_word' id='word_1_294' title='bbox 710 3565 760 3643; x_wconf 89' lang='lat' dir='ltr'>qui</span> <span class='ocrx_word' id='word_1_295' title='bbox 785 3569 913 3641; x_wconf 80' lang='lat' dir='ltr'>agente</span> <span class='ocrx_word' id='word_1_296' title='bbox 970 3580 1028 3640; x_wconf 88' lang='lat' dir='ltr'>que</span> <span class='ocrx_word' id='word_1_297' title='bbox 1054 3583 1232 3643; x_wconf 76' lang='lat' dir='ltr'>progressus</span> <span class='ocrx_word' id='word_1_298' title='bbox 1253 3563 1323 3624; x_wconf 87' lang='lat' dir='ltr'>belii</span> <span class='ocrx_word' id='word_1_299' title='bbox 1342 3563 1430 3624; x_wconf 88' lang='lat' dir='ltr'>saturi</span> <span class='ocrx_word' id='word_1_300' title='bbox 1451 3568 1575 3635; x_wconf 84' lang='lat' dir='ltr'>essent,</span> <span class='ocrx_word' id='word_1_301' title='bbox 1600 3578 1664 3619; x_wconf 90' lang='lat' dir='ltr'>uon</span> <span class='ocrx_word' id='word_1_302' title='bbox 1688 3554 1774 3619; x_wconf 76' lang='lat' dir='ltr'>not·</span> 
     </span>
     <span class='ocr_line' id='line_1_29' title="bbox 109 3649 1772 3738; baseline -0.001 -27"><span class='ocrx_word' id='word_1_303' title='bbox 109 3649 265 3721; x_wconf 80' lang='lat' dir='ltr'>deirila,</span> <span class='ocrx_word' id='word_1_304' title='bbox 286 3651 433 3712; x_wconf 84' lang='lat' dir='ltr'>etJoannc</span> <span class='ocrx_word' id='word_1_305' title='bbox 451 3651 546 3713; x_wconf 86' lang='lat' dir='ltr'>Kisca</span> <span class='ocrx_word' id='word_1_306' title='bbox 570 3653 727 3714; x_wconf 85' lang='lat' dir='ltr'>Structore</span> <span class='ocrx_word' id='word_1_307' title='bbox 744 3655 843 3735; x_wconf 79' lang='lat' dir='ltr'>Regio</span> <span class='ocrx_word' id='word_1_308' title='bbox 863 3654 913 3716; x_wconf 85' lang='lat' dir='ltr'>ad·</span> <span class='ocrx_word' id='word_1_309' title='bbox 970 3655 1157 3733; x_wconf 74' lang='lat' dir='ltr'>provincian,</span> <span class='ocrx_word' id='word_1_310' title='bbox 1167 3659 1255 3738; x_wconf 90' lang='lat' dir='ltr'>eujus</span> <span class='ocrx_word' id='word_1_311' title='bbox 1264 3655 1436 3717; x_wconf 83' lang='lat' dir='ltr'>liberandae</span> <span class='ocrx_word' id='word_1_312' title='bbox 1446 3674 1539 3715; x_wconf 84' lang='lat' dir='ltr'>causa</span> <span class='ocrx_word' id='word_1_313' title='bbox 1548 3650 1664 3713; x_wconf 86' lang='lat' dir='ltr'>bellurn</span> <span class='ocrx_word' id='word_1_314' title='bbox 1675 3667 1772 3712; x_wconf 75' lang='lat' dir='ltr'>amec·</span> 
     </span>
     <span class='ocr_line' id='line_1_30' title="bbox 107 3742 1772 3827; baseline 0 -24"><span class='ocrx_word' id='word_1_315' title='bbox 107 3742 282 3805; x_wconf 75' lang='lat' dir='ltr'>ducebatur.</span> <span class='ocrx_word' id='word_1_316' title='bbox 323 3744 434 3805; x_wconf 86' lang='lat' dir='ltr'>lbidenr</span> <span class='ocrx_word' id='word_1_317' title='bbox 453 3745 492 3806; x_wconf 85' lang='lat' dir='ltr'>ds</span> <span class='ocrx_word' id='word_1_318' title='bbox 511 3764 627 3806; x_wconf 80' lang='lat' dir='ltr'>sunna</span> <span class='ocrx_word' id='word_1_319' title='bbox 646 3746 715 3808; x_wconf 88' lang='lat' dir='ltr'>belli</span> <span class='ocrx_word' id='word_1_320' title='bbox 735 3749 913 3809; x_wconf 86' lang='lat' dir='ltr'>constituen-</span> <span class='ocrx_word' id='word_1_321' title='bbox 968 3746 1075 3827; x_wconf 88' lang='lat' dir='ltr'>pisset,</span> <span class='ocrx_word' id='word_1_322' title='bbox 1095 3746 1174 3810; x_wconf 87' lang='lat' dir='ltr'>hosti</span> <span class='ocrx_word' id='word_1_323' title='bbox 1193 3770 1230 3811; x_wconf 87' lang='lat' dir='ltr'>ac</span> <span class='ocrx_word' id='word_1_324' title='bbox 1249 3752 1316 3811; x_wconf 90' lang='lat' dir='ltr'>suis</span> <span class='ocrx_word' id='word_1_325' title='bbox 1336 3749 1434 3810; x_wconf 91' lang='lat' dir='ltr'>denuo</span> <span class='ocrx_word' id='word_1_326' title='bbox 1461 3746 1641 3809; x_wconf 74' lang='lat' dir='ltr'>vastandam</span> <span class='ocrx_word' id='word_1_327' title='bbox 1665 3764 1705 3805; x_wconf 83' lang='lat' dir='ltr'>se</span> <span class='ocrx_word' id='word_1_328' title='bbox 1728 3742 1772 3803; x_wconf 81' lang='lat' dir='ltr'>ob</span> 
     </span>
     <span class='ocr_line' id='line_1_31' title="bbox 108 3832 1771 3919; baseline 0.001 -23"><span class='ocrx_word' id='word_1_329' title='bbox 108 3836 176 3897; x_wconf 80' lang='lat' dir='ltr'>duan</span> <span class='ocrx_word' id='word_1_330' title='bbox 196 3843 288 3911; x_wconf 89' lang='lat' dir='ltr'>ratus,</span> <span class='ocrx_word' id='word_1_331' title='bbox 307 3857 384 3916; x_wconf 75' lang='lat' dir='ltr'>quas</span> <span class='ocrx_word' id='word_1_332' title='bbox 403 3839 588 3918; x_wconf 82' lang='lat' dir='ltr'>potissixruux</span> <span class='ocrx_word' id='word_1_333' title='bbox 612 3846 713 3918; x_wconf 83' lang='lat' dir='ltr'>partes</span> <span class='ocrx_word' id='word_1_334' title='bbox 737 3861 802 3901; x_wconf 85' lang='lat' dir='ltr'>cunr</span> <span class='ocrx_word' id='word_1_335' title='bbox 827 3861 911 3902; x_wconf 84' lang='lat' dir='ltr'>exer·</span> <span class='ocrx_word' id='word_1_336' title='bbox 964 3840 1128 3919; x_wconf 86' lang='lat' dir='ltr'>jectururn:</span> <span class='ocrx_word' id='word_1_337' title='bbox 1161 3863 1262 3903; x_wconf 86' lang='lat' dir='ltr'>rarum</span> <span class='ocrx_word' id='word_1_338' title='bbox 1283 3842 1472 3904; x_wconf 80' lang='lat' dir='ltr'>Litbuanienx</span> <span class='ocrx_word' id='word_1_339' title='bbox 1492 3840 1593 3911; x_wconf 87' lang='lat' dir='ltr'>etiarn,</span> <span class='ocrx_word' id='word_1_340' title='bbox 1627 3856 1709 3919; x_wconf 79' lang='lat' dir='ltr'>quae</span> <span class='ocrx_word' id='word_1_341' title='bbox 1738 3832 1771 3897; x_wconf 82' lang='lat' dir='ltr'>sd</span> 
     </span>
     <span class='ocr_line' id='line_1_32' title="bbox 106 3926 1771 4014; baseline 0.002 -26"><span class='ocrx_word' id='word_1_342' title='bbox 106 3930 168 3988; x_wconf 85' lang='lat' dir='ltr'>citu</span> <span class='ocrx_word' id='word_1_343' title='bbox 180 3933 305 4009; x_wconf 84' lang='lat' dir='ltr'>peteret,</span> <span class='ocrx_word' id='word_1_344' title='bbox 324 3929 524 3992; x_wconf 84' lang='lat' dir='ltr'>adconsilinxr</span> <span class='ocrx_word' id='word_1_345' title='bbox 537 3931 644 3992; x_wconf 82' lang='lat' dir='ltr'>retulit.</span> <span class='ocrx_word' id='word_1_346' title='bbox 654 3931 911 3995; x_wconf 83' lang='lat' dir='ltr'>Litbuaniomnes</span> <span class='ocrx_word' id='word_1_347' title='bbox 968 3930 1186 4013; x_wconf 78' lang='lat' dir='ltr'>Borysthenen</span> <span class='ocrx_word' id='word_1_348' title='bbox 1206 3939 1341 4014; x_wconf 89' lang='lat' dir='ltr'>pertinet,</span> <span class='ocrx_word' id='word_1_349' title='bbox 1360 3936 1390 3995; x_wconf 92' lang='lat' dir='ltr'>in</span> <span class='ocrx_word' id='word_1_350' title='bbox 1410 3954 1448 3994; x_wconf 80' lang='lat' dir='ltr'>ea</span> <span class='ocrx_word' id='word_1_351' title='bbox 1466 3932 1533 3992; x_wconf 84' lang='lat' dir='ltr'>loca</span> <span class='ocrx_word' id='word_1_352' title='bbox 1553 3932 1637 3991; x_wconf 81' lang='lat' dir='ltr'>omui</span> <span class='ocrx_word' id='word_1_353' title='bbox 1658 3930 1690 3991; x_wconf 82' lang='lat' dir='ltr'>ri</span> <span class='ocrx_word' id='word_1_354' title='bbox 1710 3926 1771 3991; x_wconf 69' lang='lat' dir='ltr'>bc!</span> 
     </span>
     <span class='ocr_line' id='line_1_33' title="bbox 105 4020 1771 4105; baseline 0.002 -24"><span class='ocrx_word' id='word_1_355' title='bbox 105 4020 169 4081; x_wconf 84' lang='lat' dir='ltr'>fere</span> <span class='ocrx_word' id='word_1_356' title='bbox 189 4020 378 4082; x_wconf 81' lang='lat' dir='ltr'>Pleseoriam</span> <span class='ocrx_word' id='word_1_357' title='bbox 397 4043 450 4104; x_wconf 91' lang='lat' dir='ltr'>per</span> <span class='ocrx_word' id='word_1_358' title='bbox 469 4023 624 4084; x_wconf 81' lang='lat' dir='ltr'>Livouiaur</span> <span class='ocrx_word' id='word_1_359' title='bbox 642 4026 769 4086; x_wconf 86' lang='lat' dir='ltr'>eundern</span> <span class='ocrx_word' id='word_1_360' title='bbox 790 4026 910 4089; x_wconf 83' lang='lat' dir='ltr'>arbitra·</span> <span class='ocrx_word' id='word_1_361' title='bbox 967 4046 1128 4099; x_wconf 82' lang='lat' dir='ltr'>conversa,</span> <span class='ocrx_word' id='word_1_362' title='bbox 1154 4030 1302 4105; x_wconf 81' lang='lat' dir='ltr'>praesidio</span> <span class='ocrx_word' id='word_1_363' title='bbox 1328 4028 1465 4089; x_wconf 66' lang='lat' dir='ltr'>nudabor</span> <span class='ocrx_word' id='word_1_364' title='bbox 1491 4022 1659 4085; x_wconf 84' lang='lat' dir='ltr'>hostilibus</span> <span class='ocrx_word' id='word_1_365' title='bbox 1684 4024 1771 4085; x_wconf 70' lang='lat' dir='ltr'>tues·</span> 
     </span>
     <span class='ocr_line' id='line_1_34' title="bbox 107 4113 1770 4202; baseline 0.004 -31"><span class='ocrx_word' id='word_1_366' title='bbox 107 4113 227 4173; x_wconf 83' lang='lat' dir='ltr'>bantur:</span> <span class='ocrx_word' id='word_1_367' title='bbox 248 4114 326 4193; x_wconf 86' lang='lat' dir='ltr'>quod</span> <span class='ocrx_word' id='word_1_368' title='bbox 347 4122 377 4175; x_wconf 89' lang='lat' dir='ltr'>ct</span> <span class='ocrx_word' id='word_1_369' title='bbox 395 4123 512 4196; x_wconf 89' lang='lat' dir='ltr'>propter</span> <span class='ocrx_word' id='word_1_370' title='bbox 531 4117 614 4177; x_wconf 89' lang='lat' dir='ltr'>urbis</span> <span class='ocrx_word' id='word_1_371' title='bbox 632 4117 855 4199; x_wconf 86' lang='lat' dir='ltr'>amplitudinem</span> <span class='ocrx_word' id='word_1_372' title='bbox 865 4126 905 4181; x_wconf 85' lang='lat' dir='ltr'>at·</span> <span class='ocrx_word' id='word_1_373' title='bbox 963 4119 1101 4180; x_wconf 87' lang='lat' dir='ltr'>sionibus</span> <span class='ocrx_word' id='word_1_374' title='bbox 1126 4121 1241 4182; x_wconf 82' lang='lat' dir='ltr'>interim</span> <span class='ocrx_word' id='word_1_375' title='bbox 1268 4143 1303 4182; x_wconf 92' lang='lat' dir='ltr'>se</span> <span class='ocrx_word' id='word_1_376' title='bbox 1329 4122 1540 4202; x_wconf 73' lang='lat' dir='ltr'>expositurum.</span> <span class='ocrx_word' id='word_1_377' title='bbox 1586 4116 1665 4179; x_wconf 82' lang='lat' dir='ltr'>Alta</span> <span class='ocrx_word' id='word_1_378' title='bbox 1690 4116 1770 4177; x_wconf 73' lang='lat' dir='ltr'>ee·</span> 
     </span>
     <span class='ocr_line' id='line_1_35' title="bbox 106 4206 1767 4290; baseline 0.002 -27"><span class='ocrx_word' id='word_1_379' title='bbox 106 4224 165 4283; x_wconf 82' lang='lat' dir='ltr'>que</span> <span class='ocrx_word' id='word_1_380' title='bbox 184 4226 290 4266; x_wconf 78' lang='lat' dir='ltr'>nonen</span> <span class='ocrx_word' id='word_1_381' title='bbox 310 4206 429 4284; x_wconf 81' lang='lat' dir='ltr'>dignam</span> <span class='ocrx_word' id='word_1_382' title='bbox 446 4208 627 4290; x_wconf 86' lang='lat' dir='ltr'>judicarent,</span> <span class='ocrx_word' id='word_1_383' title='bbox 647 4231 724 4290; x_wconf 85' lang='lat' dir='ltr'>quac</span> <span class='ocrx_word' id='word_1_384' title='bbox 738 4214 825 4271; x_wconf 79' lang='lat' dir='ltr'>etism</span> <span class='ocrx_word' id='word_1_385' title='bbox 847 4232 904 4273; x_wconf 78' lang='lat' dir='ltr'>ma·</span> <span class='ocrx_word' id='word_1_386' title='bbox 963 4216 1011 4271; x_wconf 83' lang='lat' dir='ltr'>vta</span> <span class='ocrx_word' id='word_1_387' title='bbox 1032 4232 1084 4290; x_wconf 90' lang='lat' dir='ltr'>per</span> <span class='ocrx_word' id='word_1_388' title='bbox 1102 4212 1249 4275; x_wconf 77' lang='lat' dir='ltr'>hosticum</span> <span class='ocrx_word' id='word_1_389' title='bbox 1269 4215 1454 4275; x_wconf 85' lang='lat' dir='ltr'>Plescoviaru</span> <span class='ocrx_word' id='word_1_390' title='bbox 1474 4214 1500 4273; x_wconf 92' lang='lat' dir='ltr'>si</span> <span class='ocrx_word' id='word_1_391' title='bbox 1520 4212 1587 4285; x_wconf 87' lang='lat' dir='ltr'>iret,</span> <span class='ocrx_word' id='word_1_392' title='bbox 1610 4216 1721 4271; x_wconf 67' lang='lat' dir='ltr'>conten</span> <span class='ocrx_word' id='word_1_393' title='bbox 1734 4226 1767 4267; x_wconf 72' lang='lat' dir='ltr'>n</span> 
     </span>
     <span class='ocr_line' id='line_1_36' title="bbox 103 4297 1768 4388; baseline 0.004 -32"><span class='ocrx_word' id='word_1_394' title='bbox 103 4297 184 4357; x_wconf 85' lang='lat' dir='ltr'>ximo</span> <span class='ocrx_word' id='word_1_395' title='bbox 218 4318 285 4358; x_wconf 90' lang='lat' dir='ltr'>curn</span> <span class='ocrx_word' id='word_1_396' title='bbox 312 4299 426 4374; x_wconf 91' lang='lat' dir='ltr'>labore,</span> <span class='ocrx_word' id='word_1_397' title='bbox 455 4321 492 4360; x_wconf 90' lang='lat' dir='ltr'>ac</span> <span class='ocrx_word' id='word_1_398' title='bbox 523 4303 653 4382; x_wconf 89' lang='lat' dir='ltr'>periculo</span> <span class='ocrx_word' id='word_1_399' title='bbox 680 4311 843 4381; x_wconf 84' lang='lat' dir='ltr'>peteretur:</span> <span class='ocrx_word' id='word_1_400' title='bbox 875 4310 905 4364; x_wconf 90' lang='lat' dir='ltr'>ct</span> <span class='ocrx_word' id='word_1_401' title='bbox 962 4306 1073 4365; x_wconf 87' lang='lat' dir='ltr'>tionem</span> <span class='ocrx_word' id='word_1_402' title='bbox 1103 4309 1146 4366; x_wconf 89' lang='lat' dir='ltr'>rei</span> <span class='ocrx_word' id='word_1_403' title='bbox 1176 4307 1311 4368; x_wconf 87' lang='lat' dir='ltr'>militaris</span> <span class='ocrx_word' id='word_1_404' title='bbox 1334 4306 1502 4388; x_wconf 84' lang='lat' dir='ltr'>judicabat,</span> <span class='ocrx_word' id='word_1_405' title='bbox 1532 4308 1577 4362; x_wconf 89' lang='lat' dir='ltr'>tot</span> <span class='ocrx_word' id='word_1_406' title='bbox 1610 4302 1768 4363; x_wconf 72' lang='lat' dir='ltr'>esseben</span> 
     </span>
     <span class='ocr_line' id='line_1_37' title="bbox 100 4388 1766 4479; baseline 0.004 -30"><span class='ocrx_word' id='word_1_407' title='bbox 100 4388 179 4469; x_wconf 78' lang='lat' dir='ltr'>thod</span> <span class='ocrx_word' id='word_1_408' title='bbox 201 4391 297 4452; x_wconf 79' lang='lat' dir='ltr'>uicus</span> <span class='ocrx_word' id='word_1_409' title='bbox 317 4399 418 4454; x_wconf 88' lang='lat' dir='ltr'>contra</span> <span class='ocrx_word' id='word_1_410' title='bbox 440 4395 496 4453; x_wconf 75' lang='lat' dir='ltr'>vin</span> <span class='ocrx_word' id='word_1_411' title='bbox 508 4397 620 4455; x_wconf 86' lang='lat' dir='ltr'>ruurrita</span> <span class='ocrx_word' id='word_1_412' title='bbox 640 4402 808 4475; x_wconf 84' lang='lat' dir='ltr'>putaretur:</span> <span class='ocrx_word' id='word_1_413' title='bbox 828 4398 902 4457; x_wconf 86' lang='lat' dir='ltr'>muri</span> <span class='ocrx_word' id='word_1_414' title='bbox 960 4396 1120 4475; x_wconf 79' lang='lat' dir='ltr'>praesidiis</span> <span class='ocrx_word' id='word_1_415' title='bbox 1138 4420 1158 4460; x_wconf 90' lang='lat' dir='ltr'>a</span> <span class='ocrx_word' id='word_1_416' title='bbox 1176 4405 1257 4478; x_wconf 81' lang='lat' dir='ltr'>tergo</span> <span class='ocrx_word' id='word_1_417' title='bbox 1276 4400 1389 4460; x_wconf 86' lang='lat' dir='ltr'>relictis</span> <span class='ocrx_word' id='word_1_418' title='bbox 1408 4418 1462 4479; x_wconf 89' lang='lat' dir='ltr'>per</span> <span class='ocrx_word' id='word_1_419' title='bbox 1480 4395 1592 4456; x_wconf 78' lang='lat' dir='ltr'>intesta</span> <span class='ocrx_word' id='word_1_420' title='bbox 1611 4397 1721 4457; x_wconf 79' lang='lat' dir='ltr'>omnia</span> <span class='ocrx_word' id='word_1_421' title='bbox 1735 4398 1766 4455; x_wconf 79' lang='lat' dir='ltr'>xl</span> 
     </span>
     <span class='ocr_line' id='line_1_38' title="bbox 96 4485 1765 4572; baseline 0.005 -31"><span class='ocrx_word' id='word_1_422' title='bbox 96 4488 245 4544; x_wconf 75' lang='lat' dir='ltr'>uetustate</span> <span class='ocrx_word' id='word_1_423' title='bbox 264 4486 406 4563; x_wconf 80' lang='lat' dir='ltr'>neglecti:</span> <span class='ocrx_word' id='word_1_424' title='bbox 428 4486 500 4546; x_wconf 87' lang='lat' dir='ltr'>nibil</span> <span class='ocrx_word' id='word_1_425' title='bbox 521 4494 553 4547; x_wconf 88' lang='lat' dir='ltr'>ut</span> <span class='ocrx_word' id='word_1_426' title='bbox 572 4488 640 4547; x_wconf 93' lang='lat' dir='ltr'>loco</span> <span class='ocrx_word' id='word_1_427' title='bbox 660 4489 810 4549; x_wconf 85' lang='lat' dir='ltr'>tutissimo</span> <span class='ocrx_word' id='word_1_428' title='bbox 829 4509 866 4549; x_wconf 87' lang='lat' dir='ltr'>ac</span> <span class='ocrx_word' id='word_1_429' title='bbox 885 4511 904 4551; x_wconf 85' lang='lat' dir='ltr'>a</span> <span class='ocrx_word' id='word_1_430' title='bbox 962 4508 1019 4566; x_wconf 87' lang='lat' dir='ltr'>que</span> <span class='ocrx_word' id='word_1_431' title='bbox 1040 4490 1118 4551; x_wconf 84' lang='lat' dir='ltr'>invia</span> <span class='ocrx_word' id='word_1_432' title='bbox 1137 4497 1196 4553; x_wconf 86' lang='lat' dir='ltr'>tarn</span> <span class='ocrx_word' id='word_1_433' title='bbox 1217 4494 1305 4572; x_wconf 84' lang='lat' dir='ltr'>longo</span> <span class='ocrx_word' id='word_1_434' title='bbox 1324 4495 1354 4554; x_wconf 88' lang='lat' dir='ltr'>in</span> <span class='ocrx_word' id='word_1_435' title='bbox 1374 4491 1520 4551; x_wconf 85' lang='lat' dir='ltr'>hosticum</span> <span class='ocrx_word' id='word_1_436' title='bbox 1542 4488 1708 4568; x_wconf 78' lang='lat' dir='ltr'>progredit</span> <span class='ocrx_word' id='word_1_437' title='bbox 1727 4485 1765 4549; x_wconf 83' lang='lat' dir='ltr'>ull</span> 
     </span>
     <span class='ocr_line' id='line_1_39' title="bbox 97 4575 1764 4663; baseline 0.008 -29"><span class='ocrx_word' id='word_1_438' title='bbox 97 4581 176 4635; x_wconf 84' lang='lat' dir='ltr'>metu</span> <span class='ocrx_word' id='word_1_439' title='bbox 198 4575 268 4636; x_wconf 84' lang='lat' dir='ltr'>belli</span> <span class='ocrx_word' id='word_1_440' title='bbox 287 4586 399 4659; x_wconf 67' lang='lat' dir='ltr'>reapoto</span> <span class='ocrx_word' id='word_1_441' title='bbox 421 4580 450 4638; x_wconf 90' lang='lat' dir='ltr'>iu</span> <span class='ocrx_word' id='word_1_442' title='bbox 471 4600 508 4640; x_wconf 87' lang='lat' dir='ltr'>ea</span> <span class='ocrx_word' id='word_1_443' title='bbox 527 4581 693 4660; x_wconf 79' lang='lat' dir='ltr'>provisum,</span> <span class='ocrx_word' id='word_1_444' title='bbox 714 4601 771 4640; x_wconf 91' lang='lat' dir='ltr'>nun</span> <span class='ocrx_word' id='word_1_445' title='bbox 795 4602 902 4660; x_wconf 77' lang='lat' dir='ltr'>magno</span> <span class='ocrx_word' id='word_1_446' title='bbox 962 4600 1027 4655; x_wconf 88' lang='lat' dir='ltr'>uec,</span> <span class='ocrx_word' id='word_1_447' title='bbox 1047 4583 1075 4641; x_wconf 91' lang='lat' dir='ltr'>si</span> <span class='ocrx_word' id='word_1_448' title='bbox 1095 4584 1165 4663; x_wconf 84' lang='lat' dir='ltr'>quid</span> <span class='ocrx_word' id='word_1_449' title='bbox 1187 4585 1335 4646; x_wconf 80' lang='lat' dir='ltr'>offensum</span> <span class='ocrx_word' id='word_1_450' title='bbox 1357 4594 1452 4657; x_wconf 87' lang='lat' dir='ltr'>esset,</span> <span class='ocrx_word' id='word_1_451' title='bbox 1471 4581 1588 4643; x_wconf 85' lang='lat' dir='ltr'>facilem</span> <span class='ocrx_word' id='word_1_452' title='bbox 1608 4588 1764 4663; x_wconf 64' lang='lat' dir='ltr'>receptu</span> 
     </span>
     <span class='ocr_line' id='line_1_40' title="bbox 99 4666 1764 4758; baseline 0.006 -31"><span class='ocrx_word' id='word_1_453' title='bbox 99 4666 200 4729; x_wconf 80' lang='lat' dir='ltr'>labore</span> <span class='ocrx_word' id='word_1_454' title='bbox 218 4690 256 4729; x_wconf 89' lang='lat' dir='ltr'>ac</span> <span class='ocrx_word' id='word_1_455' title='bbox 277 4671 408 4751; x_wconf 88' lang='lat' dir='ltr'>periculo</span> <span class='ocrx_word' id='word_1_456' title='bbox 431 4674 588 4752; x_wconf 85' lang='lat' dir='ltr'>potiturum</span> <span class='ocrx_word' id='word_1_457' title='bbox 609 4692 646 4732; x_wconf 88' lang='lat' dir='ltr'>ee</span> <span class='ocrx_word' id='word_1_458' title='bbox 664 4670 781 4751; x_wconf 79' lang='lat' dir='ltr'>Regem</span> <span class='ocrx_word' id='word_1_459' title='bbox 801 4695 901 4755; x_wconf 87' lang='lat' dir='ltr'>spera·</span> <span class='ocrx_word' id='word_1_460' title='bbox 961 4693 1017 4733; x_wconf 90' lang='lat' dir='ltr'>nec</span> <span class='ocrx_word' id='word_1_461' title='bbox 1045 4695 1063 4734; x_wconf 89' lang='lat' dir='ltr'>e</span> <span class='ocrx_word' id='word_1_462' title='bbox 1096 4678 1257 4758; x_wconf 85' lang='lat' dir='ltr'>propinquo</span> <span class='ocrx_word' id='word_1_463' title='bbox 1288 4677 1456 4739; x_wconf 86' lang='lat' dir='ltr'>subsidium</span> <span class='ocrx_word' id='word_1_464' title='bbox 1485 4672 1649 4735; x_wconf 83' lang='lat' dir='ltr'>habiturus</span> <span class='ocrx_word' id='word_1_465' title='bbox 1683 4674 1764 4737; x_wconf 64' lang='lat' dir='ltr'>md</span> 
     </span>
     <span class='ocr_line' id='line_1_41' title="bbox 98 4759 1764 4851; baseline 0.007 -33"><span class='ocrx_word' id='word_1_466' title='bbox 98 4765 172 4819; x_wconf 82' lang='lat' dir='ltr'>rent.</span> <span class='ocrx_word' id='word_1_467' title='bbox 193 4759 262 4822; x_wconf 86' lang='lat' dir='ltr'>Rex</span> <span class='ocrx_word' id='word_1_468' title='bbox 283 4770 385 4824; x_wconf 91' lang='lat' dir='ltr'>contra</span> <span class='ocrx_word' id='word_1_469' title='bbox 404 4764 603 4824; x_wconf 74' lang='lat' dir='ltr'>existimabat.</span> <span class='ocrx_word' id='word_1_470' title='bbox 627 4761 703 4826; x_wconf 84' lang='lat' dir='ltr'>Nam</span> <span class='ocrx_word' id='word_1_471' title='bbox 724 4786 791 4827; x_wconf 88' lang='lat' dir='ltr'>cum</span> <span class='ocrx_word' id='word_1_472' title='bbox 811 4788 901 4829; x_wconf 90' lang='lat' dir='ltr'>unum</span> <span class='ocrx_word' id='word_1_473' title='bbox 960 4765 1081 4830; x_wconf 88' lang='lat' dir='ltr'>Polotia</span> <span class='ocrx_word' id='word_1_474' title='bbox 1118 4771 1317 4851; x_wconf 84' lang='lat' dir='ltr'>oppugnanda</span> <span class='ocrx_word' id='word_1_475' title='bbox 1349 4777 1503 4848; x_wconf 82' lang='lat' dir='ltr'>utrumque</span> <span class='ocrx_word' id='word_1_476' title='bbox 1534 4776 1764 4831; x_wconf 74' lang='lat' dir='ltr'>consecutum</span> 
     </span>
     <span class='ocr_line' id='line_1_42' title="bbox 97 4847 1766 4940; baseline 0.01 -33"><span class='ocrx_word' id='word_1_477' title='bbox 97 4847 129 4908; x_wconf 89' lang='lat' dir='ltr'>id</span> <span class='ocrx_word' id='word_1_478' title='bbox 147 4852 333 4929; x_wconf 74' lang='lat' dir='ltr'>potissimum</span> <span class='ocrx_word' id='word_1_479' title='bbox 358 4857 436 4917; x_wconf 91' lang='lat' dir='ltr'>bello</span> <span class='ocrx_word' id='word_1_480' title='bbox 460 4856 519 4918; x_wconf 89' lang='lat' dir='ltr'>boe</span> <span class='ocrx_word' id='word_1_481' title='bbox 544 4856 689 4933; x_wconf 76' lang='lat' dir='ltr'>agendum</span> <span class='ocrx_word' id='word_1_482' title='bbox 715 4860 772 4919; x_wconf 87' lang='lat' dir='ltr'>sibi</span> <span class='ocrx_word' id='word_1_483' title='bbox 798 4879 900 4940; x_wconf 84' lang='lat' dir='ltr'>propo·</span> <span class='ocrx_word' id='word_1_484' title='bbox 958 4881 995 4920; x_wconf 87' lang='lat' dir='ltr'>se</span> <span class='ocrx_word' id='word_1_485' title='bbox 1013 4861 1218 4939; x_wconf 77' lang='lat' dir='ltr'>praevidebat,</span> <span class='ocrx_word' id='word_1_486' title='bbox 1239 4871 1284 4936; x_wconf 88' lang='lat' dir='ltr'>ut,</span> <span class='ocrx_word' id='word_1_487' title='bbox 1309 4884 1376 4924; x_wconf 84' lang='lat' dir='ltr'>cunr</span> <span class='ocrx_word' id='word_1_488' title='bbox 1401 4883 1438 4923; x_wconf 90' lang='lat' dir='ltr'>ea</span> <span class='ocrx_word' id='word_1_489' title='bbox 1457 4861 1497 4920; x_wconf 89' lang='lat' dir='ltr'>ad</span> <span class='ocrx_word' id='word_1_490' title='bbox 1516 4857 1642 4920; x_wconf 80' lang='lat' dir='ltr'>Dunam</span> <span class='ocrx_word' id='word_1_491' title='bbox 1665 4862 1766 4923; x_wconf 69' lang='lat' dir='ltr'>aun</span> 
     </span>
     <span class='ocr_line' id='line_1_43' title="bbox 96 4940 1765 5037; baseline 0.009 -36"><span class='ocrx_word' id='word_1_492' title='bbox 96 4940 221 5011; x_wconf 66' lang='lat' dir='ltr'>misul,</span> <span class='ocrx_word' id='word_1_493' title='bbox 238 4949 272 5002; x_wconf 86' lang='lat' dir='ltr'>nt</span> <span class='ocrx_word' id='word_1_494' title='bbox 289 4944 443 5009; x_wconf 60' lang='lat' dir='ltr'>latroniane</span> <span class='ocrx_word' id='word_1_495' title='bbox 463 4951 501 5009; x_wconf 90' lang='lat' dir='ltr'>ab</span> <span class='ocrx_word' id='word_1_496' title='bbox 521 4949 608 5010; x_wconf 88' lang='lat' dir='ltr'>bostc</span> <span class='ocrx_word' id='word_1_497' title='bbox 619 4952 647 5009; x_wconf 93' lang='lat' dir='ltr'>in</span> <span class='ocrx_word' id='word_1_498' title='bbox 666 4950 828 5013; x_wconf 83' lang='lat' dir='ltr'>libertatem</span> <span class='ocrx_word' id='word_1_499' title='bbox 839 4954 899 5013; x_wconf 84' lang='lat' dir='ltr'>vin·</span> <span class='ocrx_word' id='word_1_500' title='bbox 957 4955 1054 5030; x_wconf 90' lang='lat' dir='ltr'>posita</span> <span class='ocrx_word' id='word_1_501' title='bbox 1074 4961 1167 5025; x_wconf 87' lang='lat' dir='ltr'>essct,</span> <span class='ocrx_word' id='word_1_502' title='bbox 1186 4958 1397 5037; x_wconf 83' lang='lat' dir='ltr'>proximosque</span> <span class='ocrx_word' id='word_1_503' title='bbox 1424 4954 1463 5015; x_wconf 89' lang='lat' dir='ltr'>nd</span> <span class='ocrx_word' id='word_1_504' title='bbox 1482 4954 1646 5015; x_wconf 77' lang='lat' dir='ltr'>Livoniaxn</span> <span class='ocrx_word' id='word_1_505' title='bbox 1674 4960 1708 5016; x_wconf 90' lang='lat' dir='ltr'>et</span> <span class='ocrx_word' id='word_1_506' title='bbox 1724 4953 1765 5015; x_wconf 74' lang='lat' dir='ltr'>bi</span> 
     </span>
     <span class='ocr_line' id='line_1_44' title="bbox 98 5030 1766 5129; baseline 0.01 -34"><span class='ocrx_word' id='word_1_507' title='bbox 98 5030 223 5095; x_wconf 65' lang='lat' dir='ltr'>urna:</span> <span class='ocrx_word' id='word_1_508' title='bbox 242 5034 436 5115; x_wconf 81' lang='lat' dir='ltr'>intelligebat,</span> <span class='ocrx_word' id='word_1_509' title='bbox 456 5043 483 5101; x_wconf 90' lang='lat' dir='ltr'>si</span> <span class='ocrx_word' id='word_1_510' title='bbox 505 5044 534 5101; x_wconf 92' lang='lat' dir='ltr'>in</span> <span class='ocrx_word' id='word_1_511' title='bbox 554 5050 659 5105; x_wconf 85' lang='lat' dir='ltr'>terrem</span> <span class='ocrx_word' id='word_1_512' title='bbox 670 5042 823 5107; x_wconf 85' lang='lat' dir='ltr'>Lironiam</span> <span class='ocrx_word' id='word_1_513' title='bbox 838 5046 897 5106; x_wconf 89' lang='lat' dir='ltr'>bel·</span> <span class='ocrx_word' id='word_1_514' title='bbox 957 5042 1107 5108; x_wconf 86' lang='lat' dir='ltr'>tbuaniam</span> <span class='ocrx_word' id='word_1_515' title='bbox 1126 5047 1226 5109; x_wconf 90' lang='lat' dir='ltr'>aditus</span> <span class='ocrx_word' id='word_1_516' title='bbox 1244 5047 1382 5123; x_wconf 85' lang='lat' dir='ltr'>heberet,</span> <span class='ocrx_word' id='word_1_517' title='bbox 1402 5056 1432 5109; x_wconf 89' lang='lat' dir='ltr'>et</span> <span class='ocrx_word' id='word_1_518' title='bbox 1452 5046 1586 5107; x_wconf 88' lang='lat' dir='ltr'>ordinem</span> <span class='ocrx_word' id='word_1_519' title='bbox 1595 5049 1766 5129; x_wconf 68' lang='lat' dir='ltr'>serie-qu</span> 
     </span>
     <span class='ocr_line' id='line_1_45' title="bbox 164 5127 1766 5221; baseline 0.012 -33.255"><span class='ocrx_word' id='word_1_520' title='bbox 164 5127 383 5201; x_wconf 61' lang='lat' dir='ltr'>&amp;snuulisset</span> <span class='ocrx_word' id='word_1_521' title='bbox 403 5140 608 5214; x_wconf 77' lang='lat' dir='ltr'>praeterquam</span> <span class='ocrx_word' id='word_1_522' title='bbox 628 5138 708 5217; x_wconf 84' lang='lat' dir='ltr'>qnod</span> <span class='ocrx_word' id='word_1_523' title='bbox 728 5139 756 5196; x_wconf 91' lang='lat' dir='ltr'>in</span> <span class='ocrx_word' id='word_1_524' title='bbox 778 5139 897 5213; x_wconf 80' lang='lat' dir='ltr'>regione</span> <span class='ocrx_word' id='word_1_525' title='bbox 955 5157 1051 5198; x_wconf 84' lang='lat' dir='ltr'>rerum</span> <span class='ocrx_word' id='word_1_526' title='bbox 1075 5140 1266 5216; x_wconf 83' lang='lat' dir='ltr'>gerendarum</span> <span class='ocrx_word' id='word_1_527' title='bbox 1295 5150 1433 5213; x_wconf 85' lang='lat' dir='ltr'>secutus,</span> <span class='ocrx_word' id='word_1_528' title='bbox 1461 5141 1586 5202; x_wconf 86' lang='lat' dir='ltr'>ulterius</span> <span class='ocrx_word' id='word_1_529' title='bbox 1624 5142 1766 5221; x_wconf 70' lang='lat' dir='ltr'>deincep</span> 
     </span>
    </p>
   </div>
   <div class='ocr_carea' id='block_1_6' title="bbox 0 0 1876 5626">
    <p class='ocr_par' dir='ltr' id='par_1_6' title="bbox 0 0 1876 5626">
     <span class='ocr_line' id='line_1_46' title="bbox 0 0 1876 5626; baseline 0 8"><span class='ocrx_word' id='word_1_530' title='bbox 0 0 1876 5626; x_wconf 95' lang='lat' dir='ltr'> </span> 
     </span>
    </p>
   </div>
  </div>
 </body>
</html>
