3742 5626
154 194 189 249 ᾗ
872 189 1101 245 leSCDVle.

156 353 186 411 in
206 368 264 430 qua
283 358 372 409 nocte
392 345 563 409 tradebatur
582 349 700 427 accepit
719 365 839 427 panem,
866 345 954 406 bene·
1014 343 1112 407 nendo
1133 365 1186 426 per
1208 343 1335 406 medium
1357 340 1536 416 discindunt,
1556 343 1671 423 bocqua
1699 349 1826 411 iuterse

155 443 239 516 dixit,
264 448 323 503 etc.
345 436 383 500 de
411 460 489 520 panc
513 437 702 511 iernrentato,
724 447 754 499 et
774 457 833 499 non
852 454 955 516 azymo
1015 434 1111 499 diviso
1122 439 1336 499 matrimonium
1353 441 1442 499 etiam
1460 440 1537 498 inter
1552 457 1587 498 se
1603 434 1734 501 divisum
1752 463 1822 505 ease

155 535 269 599 dixisse
286 533 468 611 intelligunt3
493 553 528 594 co
555 536 633 592 enim
657 541 789 613 tempore
811 551 865 591 nec
883 549 955 608 azy·
1015 539 1129 613 putant,
1158 539 1187 592 et
1216 533 1297 592 uxori
1325 527 1498 613 repudiatae
1526 534 1569 591 vir
1598 528 1701 593 dicere
1729 533 1815 606 solet,

155 649 203 692 ma
224 648 281 691 uec
302 625 420 688 Pascha
441 646 519 697 esse,
542 646 608 686 cum
632 624 778 685 Dominus
807 631 956 693 coenaret,
1015 622 1091 686 vade
1116 631 1148 684 tu
1174 622 1240 695 bac,
1260 644 1316 701 ego
1341 624 1409 686 illac
1438 644 1568 705 pergam.
1600 622 1665 687 Sed
1688 624 1736 688 hic
1755 648 1817 709 per·

156 720 268 785 dicunt.
301 718 393 800 ldque
417 718 475 778 lroc
502 726 673 797 argumento
702 720 825 779 maxime
851 736 955 799 appro·
1015 736 1121 778 uersus
1145 714 1269 777 Divortii
1296 713 1402 777 modus
1429 736 1507 778 nuuc
1537 737 1663 801 prorsus
1689 717 1820 783 abolitus

156 814 236 886 bant,
249 816 317 896 quia
336 810 516 873 ludaeorum
540 810 657 873 Pascha
674 808 782 872 stando
802 809 844 882 fit,
867 819 957 871 etco·
1016 819 1072 872 est.
1487 813 1489 817 ’

156 906 282 971 meditur
301 905 465 968 secundnm
491 905 566 984 legis
589 908 814 987 praescriptum,
833 903 890 964 boc
907 921 956 964 au·
1094 902 1160 964 Hoc
1179 911 1278 965 autem
1301 906 1359 964 ritu
1386 900 1607 966 Matrimonium
1634 909 1712 970 iuter
1732 928 1823 990 spon·

154 1012 215 1063 tem
244 1001 347 1062 Coena
371 997 482 1060 Christi
510 1017 571 1058 nou
602 1005 666 1059 erat
690 999 737 1073 (nt
763 996 957 1075 Evangelista
1015 1015 1080 1059 sam
1104 1005 1135 1057 et
1155 1015 1300 1077 sponsum
1329 995 1520 1058 contrahitur.
1552 998 1690 1081 inprimis
1716 1019 1824 1063 mensa

155 1092 239 1170 dicit)
259 1091 500 1155 recumbentibus
522 1094 568 1152 eis
591 1088 757 1161 duodecim,
781 1099 838 1151 etc.
1017 1093 1046 1150 ia
1075 1088 1172 1151 medio
1198 1089 1299 1171 templi
1326 1086 1495 1162 adornatur,
1526 1089 1824 1174 ingredientibusque

232 1190 305 1248 ltem
331 1192 362 1246 et
387 1180 553 1264 discipulus
579 1183 714 1244 recubuit
739 1204 830 1264 super
851 1193 956 1264 pectus

155 1285 250 1366 ipsius
272 1282 302 1341 in
324 1297 428 1350 coena,
449 1284 507 1337 etc
538 1273 628 1346 Quod
649 1286 698 1338 est
719 1276 856 1337 Christum
884 1272 957 1335 dicit

155 1371 280 1437 ibidem:
301 1367 452 1432 desiderio
473 1367 641 1431 desiderari
663 1369 720 1431 boc
741 1367 859 1431 Pascha
876 1389 955 1428 man·

155 1464 265 1528 ducere
284 1462 447 1534 nobiscum,
476 1482 534 1523 non
561 1460 599 1523 de
624 1461 805 1524 Judaeornm
827 1461 956 1531 Pascha,

155 1579 221 1623 eum
244 1555 358 1619 dixisse
382 1560 523 1629 sentiunt,
546 1554 625 1636 quod
654 1564 741 1617 antea
768 1576 887 1637 semper
909 1575 956 1616 co-

156 1651 296 1716 medebat
320 1669 386 1713 cum
415 1648 584 1730 Apostolia.
597 1648 716 1732 ,Neque
742 1669 846 1730 azyma
875 1647 956 1709 Chri·

152 1754 233 1811 atum
253 1741 409 1824 Apostolis
428 1738 567 1814 dedisse,
588 1738 644 1803 sed
669 1762 776 1823 panem
802 1740 956 1803 fermenta·

152 1849 214 1903 tum
236 1836 368 1907 creduru,
389 1856 456 1896 cum
477 1832 557 1907 dicit,
578 1834 660 1896 Ecce
680 1838 767 1916 panis
787 1855 874 1916 quem
900 1855 957 1915 ego

154 1928 194 1995 do
217 1930 313 1993 vobis.
342 1928 486 1991 Similiter
511 1927 550 1991 ad
576 1925 701 2001 ludam,
722 1931 769 1990 cui
796 1948 852 2008 ego
878 1925 957 1990 dabo

153 2044 260 2109 panem
279 2026 434 2087 intinctum
453 2024 519 2102 ipse
538 2018 700 2083 traditurus
720 2031 768 2083 est
788 2043 845 2084 mo.

228 2116 385 2181 Romanos
419 2123 517 2176 autem
543 2115 574 2174 in
599 2116 712 2191 azymis
743 2117 956 2177 communican-

152 2220 201 2275 tas
220 2207 413 2281 contundunt,
433 2204 568 2267 dicentes
587 2226 641 2266 eos
662 2206 807 2269 ,luduicus
820 2209 895 2269 ritus
906 2206 956 2268 ob·

153 2322 283 2374 mare,
304 2305 334 2363 in
356 2300 531 2380 haeresique
552 2299 662 2360 tuliani
685 2301 856 2380 Apolinaris
879 2299 956 2360 Lao·

155 2393 296 2467 dicermis,
317 2402 350 2455 et
372 2392 457 2453 Pauli
479 2394 558 2470 Syrii
580 2392 813 2464 samosatensis,
834 2391 956 2456 Macho-

154 2490 233 2559 meti,
263 2484 444 2558 Aeutbiclrii‚
476 2493 508 2546 et
538 2483 681 2547 Diasterii
717 2485 881 2560 ambulare,
908 2489 957 2568 qui

154 2587 240 2643 arant
269 2582 300 2643 in
326 2587 411 2642 sexta
439 2574 564 2656 Synodo
592 2574 829 2659 depravatissimi
856 2578 957 2641 haere·

153 2676 214 2747 uei,
235 2681 268 2736 et
284 2674 392 2754 spiritu
413 2670 571 2732 Diabolico
591 2669 706 2750 repleti.

228 2765 372 2829 Mulieres
394 2774 492 2826 summ
513 2761 593 2845 apud
608 2761 767 2828 Ruthenos
788 2786 894 2848 panem
917 2765 957 2829 ad

152 2857 378 2921 sacrificandum
391 2855 539 2919 l'roslrura
558 2854 668 2918 dictum
686 2857 833 2921 conficere
847 2859 955 2922 solent

154 2952 326 3030 Seliguntur
348 2958 446 3013 autom
467 2948 506 3009 ad
527 2947 558 3010 id
581 2949 720 3011 mulieres
738 2962 898 3032 provectae
908 2974 955 3015 ae

153 3046 234 3115 tatis,
254 3063 330 3125 quae
344 3040 496 3103 mensibus
510 3040 658 3122 patiendis
675 3043 802 3124 amplius
818 3055 958 3106 nonsmrt

154 3134 309 3206 obnoxiae,
324 3138 483 3218 praecipue
505 3153 574 3194 vero
596 3133 956 3198 viduaesacerdotumre-

154 3229 251 3300 betae,
275 3226 306 3289 id
330 3230 459 3289 munieris
483 3225 565 3288 obire
588 3227 696 3290 solent.

356 3483 414 3579 llll
452 3464 755 3583 tttrtlutttttss

1015 1182 1156 1264 templum
1165 1180 1309 1245 sacerdos
1323 1181 1507 1264 praecedens
1522 1194 1619 1247 certas
1632 1188 1740 1248 recitat
1755 1206 1821 1248 ora·

1015 1278 1129 1349 tiones,
1151 1272 1259 1336 deinde
1286 1296 1340 1357 pro
1370 1275 1553 1351 Patriarcba,
1574 1276 1820 1359 metropolitano,

1016 1368 1186 1451 Episcopis,
1211 1377 1242 1430 et
1257 1378 1321 1430 toto
1342 1369 1432 1441 clero,
1448 1390 1502 1451 pro
1522 1369 1737 1453 monarchaque
1750 1391 1819 1442 suo,

1016 1463 1136 1524 etomni
1170 1459 1274 1522 ordine
1297 1465 1437 1542 equestri,
1461 1471 1492 1524 et
1511 1463 1649 1544 plebejo,
1669 1467 1718 1544 qui
1741 1468 1820 1527 ritus

1015 1575 1090 1619 suae
1119 1554 1188 1618 fidoi
1214 1564 1386 1636 sequuntur,
1406 1555 1557 1635 sigillatim
1577 1556 1723 1619 sacerdos
1753 1577 1822 1618 cum

1016 1649 1154 1711 Diacono
1169 1649 1249 1710 clara
1270 1668 1346 1709 voce
1366 1658 1460 1710 orant
1494 1648 1551 1711 His
1573 1654 1706 1731 peractis
1731 1671 1820 1733 spou-

1016 1763 1070 1806 sus
1092 1750 1123 1803 et
1149 1761 1261 1824 sponsa
1285 1761 1418 1804 mensam
1438 1752 1645 1824 praeparatam
1663 1742 1821 1814 accedunt,

1017 1840 1046 1898 in
1061 1837 1211 1917 linteoque
1226 1834 1390 1896 secuudum
1401 1854 1512 1897 morem
1524 1833 1654 1918 pedibus
1666 1837 1820 1900 substrato

1015 1940 1140 2012 uterque
1161 1939 1232 1992 stat
1256 1928 1369 1992 Postea
1395 1926 1539 1992 sacerdos
1561 1950 1598 1993 ex
1619 1937 1817 2014 praescripto,

1016 2046 1054 2087 an
1082 2025 1171 2085 alicui
1199 2023 1268 2084 olim
1296 2042 1356 2084 non
1384 2021 1614 2104 spoponderant,
1647 2029 1820 2105 interrogat,

1015 2119 1153 2198 stolaque
1177 2137 1282 2178 manus
1306 2120 1460 2198 utriusque
1482 2115 1606 2179 mauu·
1631 2128 1820 2181 commutans

1017 2211 1147 2291 colligat
1172 2208 1291 2272 Deinde
1317 2229 1446 2271 coronas
1468 2208 1581 2289 ligneae
1602 2208 1649 2270 vel
1672 2230 1709 2271 ex
1734 2211 1819 2271 tiliae

1015 2305 1090 2367 libro
1115 2308 1213 2386 pictas
1240 2302 1280 2367 ad
1304 2301 1335 2364 id
1357 2304 1487 2365 muueris
1503 2305 1533 2364 in
1556 2301 1694 2364 Ecclesia
1718 2322 1816 2362 reser-

1015 2407 1101 2461 vatas
1125 2402 1214 2479 capiti
1239 2399 1393 2476 utriusque
1420 2399 1553 2477 imponit,
1578 2393 1696 2457 diceuar
1722 2397 1813 2455 Poan-

1017 2496 1066 2554 isti
1088 2492 1217 2553 Domine
1240 2510 1379 2552 coronam
1398 2509 1491 2572 super
1513 2496 1605 2570 caput
1628 2491 1695 2569 ejus
1717 2485 1756 2547 de
1774 2487 1816 2547 la·

1016 2584 1085 2667 pide
1109 2588 1256 2669 pretioso,
1283 2592 1342 2645 etc.
1367 2582 1622 2662 Evangeliumque
1648 2578 1686 2641 de
1708 2583 1819 2661 nuptiis

1016 2681 1046 2739 in
1076 2678 1179 2739 Charra
1201 2675 1336 2738 Galileae
1358 2673 1519 2739 celebratis
1554 2678 1671 2736 recitat
1701 2671 1819 2736 Deinde

1016 2791 1122 2854 panem
1149 2779 1180 2831 et
1210 2772 1367 2831 cervisiam
1392 2777 1598 2830 consecratam
1625 2765 1818 2848 desponsatis

1015 2862 1054 2928 ad
1076 2861 1328 2946 praegustandum
1350 2864 1482 2943 porrigit,
1505 2870 1614 2942 postea
1624 2860 1734 2922 stolam
1745 2862 1820 2939 (qua

1014 2955 1190 3021 sacerdotes
1207 2956 1285 3017 collo
1306 2974 1439 3037 appensa
1458 2958 1500 3015 uti
1520 2952 1670 3027 ridemus)
1689 2971 1822 3033 sponsus

1016 3061 1047 3114 et
1070 3070 1183 3132 sponsa
1201 3048 1239 3110 ab
1257 3069 1316 3110 una
1342 3056 1436 3129 parte,
1460 3056 1492 3108 et
1506 3044 1652 3107 sacerdos
1669 3044 1708 3106 ab
1726 3045 1820 3106 altere

1016 3153 1100 3227 parte
1133 3151 1249 3214 tenent,
1278 3139 1524 3222 sacerdotemque
1555 3149 1749 3221 praeemrtcm
1774 3160 1820 3201 se·

1017 3247 1153 3319 quuntur,
1169 3236 1244 3297 haec
1268 3234 1359 3296 verba
1386 3231 1543 3296 dicentem.
1566 3233 1697 3294 Circuito
1719 3231 1821 3313 populi

1018 3332 1092 3392 Sion
1112 3340 1143 3391 et
1162 3328 1231 3390 dato
1251 3329 1374 3408 gloriam
1398 3330 1507 3387 nomini
1530 3325 1588 3387 Dei
1602 3325 1751 3397 altissimi,
1765 3333 1821 3385 ter·

1017 3447 1073 3507 que
1099 3443 1230 3485 monsam
1255 3424 1472 3482 circumeuntes
1497 3418 1562 3481 loca
1585 3438 1640 3480 sua
1663 3427 1821 3499 occupant,

1017 3529 1047 3581 et
1069 3515 1221 3579 Sacerdos
1247 3513 1396 3576 Psalmum
1418 3512 1563 3573 llliserere
1585 3514 1678 3572 nostri
1693 3509 1823 3572 Domine

1016 3609 1179 3673 secundum
1206 3628 1341 3687 magnam
1376 3602 1609 3669 misericordiam
1639 3612 1736 3675 tuam,
1765 3613 1822 3665 etc

232 3697 277 3759 lta
300 3695 431 3759 Rutheui
459 3697 681 3760 Matrimonium
707 3698 899 3772 contrahunt,
925 3708 957 3760 ut
985 3726 988 3775 ι
1016 3707 1136 3777 recitat,
1159 3702 1372 3783 Suffragiisquc
1396 3719 1449 3782 pro
1477 3699 1627 3769 omnibus,
1649 3707 1710 3758 tam
1736 3700 1821 3779 spiri·

154 3799 288 3871 quartum
309 3794 575 3871 correangnaitatis
586 3789 709 3871 gradum
720 3811 780 3853 non
799 3795 952 3870 attingant.
984 3782 988 3876 l
1016 3797 1146 3859 tualibus
1172 3815 1258 3876 quam
1281 3792 1486 3856 saecularibus
1510 3792 1576 3853 Deo
1597 3789 1761 3871 persolutis
1784 3786 1821 3849 de

154 3883 285 3946 Tertiam
306 3881 416 3945 ducere
438 3904 558 3946 uxorem
580 3888 643 3946 viro
663 3888 712 3947 vix
736 3882 957 3955 corrceduatet
983 3896 987 3973 ἦ

154 3995 213 4037 uon
236 3971 395 4038 admodum
411 3977 571 4056 legitimum
591 3979 806 4039 matrimonium
821 3997 891 4038 esse
904 3996 955 4058 pu·
983 3982 987 4065 t

153 4077 227 4129 tant.
247 4065 389 4137 Quartam
410 4090 480 4132 vero
493 4091 548 4131 nec
559 4068 741 4141 concedunt,
759 4090 854 4150 neque
867 4073 955 4131 etiam
983 4074 986 4135 i

1015 3890 1126 3973 templo
1148 3886 1362 3968 regrediuntur.

155 4158 354 4220 annm
469 4160 615 4241 nmn.
643 4164 699 4224 vro
728 4160 873 4224 aaa
897 4150 987 4263 non,
1100 4146 1160 4241 nn
1203 4141 1516 4241 nxrnnmonn
1552 4138 1746 4236 nurum

155 4258 340 4329 computant,
360 4256 388 4312 si
418 4257 463 4315 vir
486 4254 600 4316 habens
622 4276 741 4316 uxorem
768 4275 833 4316 cunr
857 4255 956 4318 soluta

154 4342 356 4415 concubuerit,
379 4354 504 4425 excepta
524 4367 615 4408 uxore
635 4347 768 4410 alterius.

231 4433 365 4496 Divertia
387 4439 464 4498 inter
473 4458 508 4500 se
528 4439 696 4520 frequenter
708 4441 861 4502 celebrant
870 4441 956 4522 Epis·

153 4531 239 4610 copis
252 4528 498 4609 permittentibus,
511 4531 669 4614 literaeque
679 4533 794 4614 repudii
806 4533 956 4595 dantibus.

234 4619 363 4692 Quidam
378 4625 467 4685 etiam
488 4631 657 4703 agrestium,
680 4626 787 4706 quibus
806 4624 845 4688 ad
870 4626 958 4707 Epis·

152 4735 248 4797 eopos
270 4723 392 4795 propter
414 4715 530 4794 longam
553 4721 669 4780 itineris
695 4717 867 4780 distantem
897 4716 956 4779 adi·

153 4818 201 4868 tus
223 4805 354 4868 difficilis
382 4818 439 4879 est,
467 4808 633 4872 Divortium
661 4812 714 4873 tali
742 4811 830 4872 modo
860 4811 958 4886 (more

153 4899 255 4977 gentili
275 4902 438 4980 antiquitus
450 4901 625 4978 obaem'ato)
637 4912 790 4985 peragunt,
812 4924 878 4964 cnm
897 4903 957 4965 sibi

152 4991 199 5048 vir
218 4998 251 5050 et
270 5010 344 5053 uxor
362 4997 498 5076 utrinque
519 4994 688 5078 displicent,
707 5005 779 5058 tunc
803 5006 886 5060 extra
908 5017 957 5080 pa·

153 5098 221 5158 gum
244 5084 275 5142 ia
305 5086 421 5146 trivium
452 5086 540 5151 ambo
563 5087 682 5171 prodire
706 5089 816 5165 solent,
847 5089 959 5154 mantili

152 5181 277 5252 eccepto
308 5173 387 5254 qued
426 5182 503 5242 inter
518 5199 554 5242 ee
580 5181 718 5246 matta·
750 5187 887 5264 utrinque
915 5192 958 5245 te·

1320 4368 1438 4434 CAPUT
1465 4368 1513 4431 lll.

1094 4529 1223 4607 Magnus
1245 4526 1419 4588 Moscorum
1448 4522 1518 4584 Dux
1545 4526 1695 4601 ingentem
1714 4523 1822 4585 exere'e

1017 4632 1078 4683 tum
1103 4622 1192 4698 longo
1221 4629 1354 4698 tempore
1384 4624 1555 4679 sustentare
1581 4623 1700 4697 potest,
1725 4634 1824 4696 neque

1018 4717 1095 4777 enim
1105 4713 1247 4773 militibus
1266 4715 1331 4772 suis
1345 4707 1496 4791 stipendia
1511 4709 1642 4787 largitur,
1663 4704 1823 4786 sedagros

1016 4807 1075 4870 illis
1097 4809 1202 4884 exiguo
1223 4807 1318 4886 pretio
1349 4802 1461 4875 elocat,
1491 4821 1549 4881 quo
1578 4798 1727 4862 beneflcio
1755 4816 1824 4881 epe

1016 4921 1079 4963 ram
1098 4900 1221 4961 militum
1241 4896 1417 4958 demeretur.
1439 4894 1609 4975 Conscripti
1632 4900 1733 4955 autem
1752 4890 1826 4957 ulb-

1017 5003 1065 5057 tes
1085 5012 1185 5055 coram
1207 5010 1313 5070 magno
1337 4989 1429 5051 Duce
1454 4987 1562 5066 singuli
1586 4991 1773 5067 compareat,
1796 4990 1828 5046 et

1017 5105 1165 5149 nummum
1177 5105 1266 5148 unum
1283 5102 1370 5164 quem
1392 5083 1489 5162 patrio
1501 5082 1618 5142 nomine
1647 5076 1762 5159 Denga
1778 5093 1827 5138 re

1020 5188 1099 5251 eant
1127 5179 1334 5241 confirmatione
1357 5175 1444 5234 unius
1472 5175 1553 5250 groai
1577 5169 1715 5232 l'oloaici
1742 5167 1826 5231 Prie·
