3742 5626
742 120 1009 180 commentante.
1663 116 1694 168 u

48 312 127 361 roro,
146 293 173 351 si
195 288 264 370 quid
275 287 404 347 vicissim
415 285 609 367 promiserint,
630 282 749 341 minime
761 298 844 360 prae·

48 392 139 447 stant.
178 387 260 447 ltem,
280 378 486 459 quamprimum
504 378 605 457 jurare
624 375 774 453 incipiunt,
795 375 846 430 aut

49 478 206 545 obtestari,
239 475 320 534 scias
344 473 420 532 illico
446 470 544 529 dolum
564 469 710 538 subesse;
749 465 845 525 animo

50 574 127 631 enim
149 566 268 630 fallendi
289 586 324 626 ac
344 562 510 645 decipiendi
526 565 638 644 jurant.
659 559 845 638 liegareram

51 664 198 743 qrrendam
219 658 412 720 consiliarium
431 656 589 735 Principis,
610 655 736 713 utmein
751 668 846 711 emen·

50 759 99 817 ‹lis
125 758 213 816 certis
238 752 380 834 pellibus,
408 771 446 810 no
465 748 625 828 deciperet,
640 748 772 827 juraret:
798 740 845 821 qui

51 856 85 909 ut
106 849 192 908 lacile
211 864 329 928 operam
348 844 418 904 milri
440 860 524 901 suam
546 846 608 900 erat
626 838 784 919 pollicitus,
805 836 847 893 ita

52 960 166 1002 rursum
191 939 300 998 diutius
324 956 373 997 mo
398 954 577 1016 suspensum
604 932 705 992 tenuit.
746 926 848 986 Voluit

53 1035 185 1116 proprias
203 1032 271 1091 mibi
292 1029 449 1088 obtrudere
471 1027 582 1109 pelles3
604 1025 643 1087 ad
661 1021 796 1084 baccalii
810 1019 848 1080 ad

52 1130 131 1188 illum
157 1125 371 1185 concurrebant
394 1126 588 1190 mercatores,
613 1117 744 1201 praemia
766 1112 849 1194 polli-

53 1226 173 1289 ccntes‚
196 1219 223 1279 si
249 1208 351 1276 eorum
375 1234 492 1273 merces
517 1214 594 1271 botro
620 1210 689 1269 mibi
710 1206 851 1266 venderet

54 1314 160 1392 precio.
201 1310 248 1370 Ea
266 1316 315 1367 est
339 1309 416 1366 enim
440 1311 634 1364 mercatorum
657 1297 850 1366 consuetudo,

57 1409 126 1466 utin
148 1405 296 1482 emptione
316 1420 352 1458 ac
373 1397 539 1457 verrditiono
560 1396 675 1457 medios
689 1414 724 1454 se
745 1391 851 1452 consti·

56 1504 148 1565 tuant,
167 1502 257 1572 atque
275 1495 390 1569 utrique
411 1493 533 1570 pontium
545 1490 675 1568 acceptis
694 1485 851 1567 separatim

57 1590 244 1657 maneribus,
266 1606 383 1662 operam
405 1602 491 1642 suam
512 1583 628 1642 tidelem
650 1581 850 1658 polliceantur.

133 1680 189 1741 Est
208 1678 305 1758 ampla
326 1684 355 1735 et
374 1680 487 1736 murata
504 1675 609 1735 domus
628 1694 685 1734 non
707 1672 794 1749 longo
813 1669 851 1729 ab

56 1794 140 1843 arce,
166 1773 257 1831 Curia
280 1769 461 1828 dominorum
486 1774 678 1827 mercatorum
704 1764 796 1834 dicta,
822 1764 852 1822 iu

56 1890 115 1947 qua
135 1867 266 1926 habitant
284 1869 480 1930 mercatores,
506 1879 682 1938 mercesque
706 1878 779 1919 suas
809 1876 853 1915 re·

57 1966 186 2042 ponunt:
212 1958 262 2019 ubi
283 1974 357 2014 sane
376 1955 476 2034 piper,
497 1972 617 2023 crocus,
637 1952 734 2013 sericii
754 1950 854 2031 panni,

58 2060 88 2113 ct
108 2052 137 2112 id
157 2070 251 2129 genus
271 2049 348 2109 aliae
368 2068 498 2116 merces,
519 2046 606 2124 longo
624 2047 745 2105 minoris
767 2062 854 2124 quam

59 2151 87 2207 in
109 2144 276 2212 Gennania,
296 2140 469 2200 rerrduntor.
496 2139 570 2199 Nam
592 2139 660 2198 darm
679 2138 776 2199 blosci
797 2136 856 2213 pel·

59 2242 105 2300 les
125 2238 232 2315 alioqui
251 2235 301 2293 vili
322 2235 419 2311 precio
431 2238 623 2310 comparatas,
641 2231 757 2312 plurimi
769 2229 855 2290 aesti-

60 2338 156 2394 mant:
182 2329 293 2389 externi
314 2328 459 2395 vicissim,
487 2326 560 2385 lorte
580 2326 692 2383 illorum
712 2323 856 2402 exemplo,

61 2444 175 2484 merces
200 2441 274 2481 suas
299 2440 390 2500 parm
411 2440 529 2497 quoqne
555 2424 670 2499 emptas
696 2419 856 2497 opponunt,

63 2519 220 2595 cariusque
239 2513 383 2584 indicant;
407 2532 465 2590 quo
485 2513 531 2581 tit,
551 2518 583 2570 ut
608 2512 722 2589 utrique
741 2507 857 2587 aequali

62 2608 273 2692 permutatione
298 2627 393 2666 rerunt
415 2605 506 2675 lacta,
533 2626 583 2664 res
609 2604 779 2682 praesertim
804 2620 858 2681 pro

61 2703 190 2785 pellibus
209 2706 359 2781 acceptas,
378 2698 517 2757 mediocri
538 2700 653 2778 precio,
684 2703 713 2756 et
732 2697 797 2756 siue
818 2695 859 2754 lu·

62 2818 113 2856 cro
132 2793 261 2853 vendere
281 2791 405 2869 possint.

141 2886 268 2946 Pellium
293 2902 397 2959 magna
421 2889 468 2942 est
492 2882 658 2944 diversitas.
697 2878 860 2940 Zebellino-

64 3000 129 3041 rum
149 2980 228 3039 onim
249 2976 377 3055 nigredo,
402 2975 552 3053 longitudo
579 2981 608 3034 et
636 2974 769 3034 densitas
788 2974 861 3053 pilo·

63 3095 141 3143 rum,
168 3071 359 3132 maturitatem
391 3075 524 3145 arguunt.
573 3071 644 3128 ltem
674 3069 700 3127 si
733 3084 860 3143 congruo

65 3175 213 3248 ternpore,
238 3162 317 3243 quod
344 3164 372 3222 in
399 3162 525 3239 pellibus
549 3161 616 3221 aliis
636 3162 742 3239 pariter
761 3160 860 3219 obser-

67 3267 158 3330 vatur,
179 3259 344 3339 cupiantur,
364 3257 492 3336 precium
513 3261 631 3332 augent.
654 3254 734 3313 tlitra
752 3250 863 3329 Usting

67 3361 97 3413 ct
118 3353 239 3413 Dvinam
261 3352 438 3431 provinciam
464 3350 628 3418 rarissime,
654 3349 732 3407 circa
750 3344 861 3405 Poean-

68 3468 126 3507 ram
147 3466 215 3505 vero
235 3445 358 3524 saepius
378 3449 408 3502 et
426 3444 656 3523 praestantiores
669 3440 860 3520 reperiuntur.

143 3537 331 3598 bladauricao
350 3537 446 3616 pelles
466 3556 502 3594 ex
521 3535 647 3595 dirersis
662 3533 804 3614 partibus,
825 3552 862 3590 ex

68 3631 181 3691 Serere
204 3632 313 3697 bonae,
335 3649 371 3689 ex
392 3627 537 3688 Helvetiis
553 3628 704 3696 meliores,
732 3648 768 3685 ex
788 3626 862 3685 Sue·

68 3727 109 3785 tia
129 3744 198 3782 xero
219 3725 345 3799 optimae
364 3720 531 3783 atleruutar.
572 3720 636 3780 lllic
655 3725 749 3780 tanuen
770 3720 864 3800 rnajor

69 3826 117 3877 est
137 3818 233 3897 copia.
273 3813 389 3882 Audiri,
408 3813 748 3892 aliquarulobloscoriae
767 3830 864 3891 reper-

68 3918 118 3970 tas
142 3908 357 3969 Zebelliuorum
384 3907 477 3986 pelles
503 3905 612 3974 laissa,
643 3924 762 3983 quanam
788 3905 864 3965 aliae

69 4006 126 4069 30,
152 4003 226 4061 aliae
251 4019 322 4059 roro
347 4000 385 4057 ⁸20
409 4000 508 4059 aureis
539 3997 675 4057 venditae
698 4003 777 4058 surrt.
823 4000 865 4058 At

71 4094 218 4177 ejusmodi
238 4112 294 4171 ego
314 4092 409 4152 nullas
429 4092 509 4172 potui
531 4091 639 4151 ridere.

149 4185 378 4245 Hennelinorum
397 4183 552 4267 pelliculae
577 4206 613 4243 ex
639 4185 771 4262 pluribus
793 4184 865 4263 pari·

71 4288 117 4340 ter
136 4280 210 4339 locis
231 4280 364 4338 inversae
383 4279 554 4349 alterantur3
571 4278 787 4356 quibustanren
807 4277 866 4357 plc-

71 4377 172 4452 risquo
203 4372 383 4453 emptoribus
415 4372 580 4451 imponitur.
633 4370 751 4430 liabent
781 4372 867 4449 signa

71 4466 214 4545 quaedam
244 4467 321 4525 circa
348 4470 436 4544 caput
467 4469 497 4521 et
528 4463 665 4534 caudam,
695 4486 729 4523 ex
759 4464 867 4542 quibus

71 4570 286 4635 agrioscontur,
313 4578 350 4617 an
373 4576 502 4633 congruo
521 4561 652 4633 tompore
673 4559 733 4617 sint
752 4562 867 4638 captae.

73 4653 148 4713 llam
169 4652 255 4711 simul
282 4652 332 4709 ιιΙιί
358 4650 415 4710 boc
435 4649 542 4707 arrimal
562 4656 679 4729 captum
700 4651 795 4719 tirerit,
820 4670 869 4709 ex·

73 4749 207 4809 coriatur.
226 4744 373 4826 pellisque
392 4742 550 4809 invertitur,
572 4762 608 4800 nc
628 4745 733 4803 attritis
744 4742 870 4821 piliade-

73 4840 161 4898 terior
181 4840 241 4898 liat.
279 4838 313 4897 si
334 4836 416 4915 quod
436 4854 493 4895 non
519 4854 574 4893 suo
601 4840 730 4911 tempore
753 4841 870 4915 captum

75 4932 172 5003 luserit,
190 4931 338 5013 pellisque
358 4928 424 4989 ideo
445 4929 523 4988 bono
543 4946 579 4986 ac
599 4928 697 4987 nativo
721 4927 870 4989 coloreca

73 5030 154 5093 reat,
179 5032 240 5084 tum
266 5045 305 5084 ex
325 5024 424 5103 capite
443 5024 492 5097 (ut
510 5021 618 5082 dictum
639 5022 698 5093 est)
719 5024 749 5080 ot
767 5018 872 5092 uude,

71 5126 175 5179 oertos
192 5119 271 5197 pilos
290 5124 428 5194 tanquam
449 5118 544 5191 signa,
564 5136 602 5175 ne
622 5117 782 5192 lnenrrgruo
802 5119 873 5174 tenr-

903 311 974 371 pore
986 296 1099 370 captum
1111 293 1297 367 agnoscatur,
1316 284 1454 355 eredunt,
1474 283 1697 366 extrahuntque,

903 390 992 462 atque
1020 384 1060 443 ita
1079 386 1225 463 emptores
1252 378 1414 460 decipiunt;
1442 378 1575 456 singulae
1601 386 1696 440 autem

903 478 997 536 tribus
1018 476 1090 545 lore,
1110 480 1268 554 quatuorve
1288 471 1393 551 (leugis
1412 470 1592 555 renduntur:
1610 473 1698 554 paulo

903 568 1060 649 ampliores
1081 571 1182 627 carent
1201 588 1238 626 ea
1257 565 1403 637 albedine,
1423 585 1498 644 quae
1508 565 1617 647 alioqui
1626 587 1700 648 pura

903 662 933 720 in
952 660 1115 720 minoribus
1135 663 1265 739 apparet.

980 751 1137 830 vulpinae,
1159 756 1188 810 et
1207 752 1379 832 praesertim
1400 751 1515 829 nigrae,
1536 751 1700 831 exquibus

905 847 1073 925 plerunque
1092 845 1222 923 tegmina
1247 844 1352 924 capitis
1377 842 1476 905 lacero
1499 840 1612 915 solent,
1637 846 1700 927 plu-

905 941 967 1000 rimi
990 940 1076 1010 tiunt,
1097 936 1199 997 decem
1220 938 1298 996 enim
1319 955 1524 1015 nonnunquam
1545 936 1583 997 15
1601 938 1701 997 aureis

906 1031 1078 1093 vendantur.
1111 1022 1323 1111 Aspreolorum
1344 1026 1500 1109 pelliculae
1522 1048 1559 1089 ex
1575 1028 1701 1090 dirersis

907 1145 1022 1205 quoquc
1040 1124 1174 1207 partibus
1193 1122 1359 1192 afferuntur,
1381 1120 1537 1199 ampliores
1557 1130 1655 1183 tamen
1667 1142 1703 1184 ex

909 1216 988 1275 Sibir
1009 1217 1176 1295 provincia:
1208 1215 1365 1275 nobiliores
1391 1233 1461 1274 vero
1493 1213 1561 1274 aliis
1585 1216 1703 1295 quibus·

908 1309 988 1377 libet,
1009 1328 1045 1367 ex
1065 1308 1218 1389 Sebvuaij.
1243 1328 1301 1368 non
1327 1307 1414 1386 longe
1438 1327 1457 1367 a
1481 1306 1591 1367 Casan.
1611 1306 1706 1367 Porro

909 1423 945 1460 ex
965 1400 1091 1471 Permia,
1109 1398 1228 1470 Viatlra,
1247 1398 1357 1479 Ustjng
1387 1405 1418 1459 et
1444 1398 1593 1476 Vologda‚
1618 1398 1705 1461 lasci·

909 1494 1150 1574 cutissemperlt)
1162 1512 1281 1552 numero
1291 1492 1442 1569 colligatae
1452 1492 1624 1555 alierunbrrz
1636 1514 1705 1573 qua·

909 1608 970 1648 rum
1001 1588 1029 1646 in
1060 1584 1186 1663 siugulis
1207 1584 1360 1646 fasciculis
1380 1583 1457 1647 duae
1480 1590 1549 1646 sunt
1568 1585 1706 1666 optimae,

917 1700 992 1760 quas
1005 1677 1413 1761 Liczscbnaappellantttras
1424 1676 1573 1757 aliquanto
1584 1676 1706 1737 deterio-

911 1794 972 1843 res,
995 1792 1073 1852 quas
1094 1770 1211 1833 Crasna
1231 1774 1351 1830 vocante
1378 1775 1516 1850 quatuor,
1542 1789 1618 1851 quas
1636 1770 1706 1831 Pro·

912 1885 1031 1926 crasna:
1043 1884 1113 1937 una,
1126 1869 1156 1924 et
1167 1884 1204 1924 ea
1217 1861 1333 1943 quidem
1343 1861 1454 1933 ultima,
1463 1861 1654 1925 Moloisclrna
1666 1864 1707 1924 di-

912 1966 969 2028 eta,
988 1959 1116 2018 omnium
1129 1963 1176 2017 est
1187 1956 1340 2016 vilissima.
1367 1954 1478 2016 Harum
1491 1956 1627 2035 singulae
1639 1978 1708 2028 una,

913 2057 963 2112 aut
987 2050 1103 2111 duabus
1120 2048 1225 2129 dengis
1245 2052 1390 2109 emuntur.
1431 2048 1477 2109 Ex
1502 2047 1550 2109 bis
1572 2051 1708 2111 meliores

913 2151 944 2205 et
962 2142 1102 2213 selectas,
1129 2143 1158 2202 in
1178 2142 1363 2203 Germaniam
1385 2146 1416 2201 et
1434 2141 1509 2203 alias
1534 2144 1708 2222 provincias,

914 2240 1091 2298 mercatores
1108 2254 1215 2313 magno
1237 2254 1292 2296 suo
1314 2234 1467 2295 commodo
1487 2239 1614 2317 portant.

989 2329 1136 2409 Lyncium
1149 2328 1252 2408 pelles,
1267 2331 1365 2408 parri:
1380 2327 1511 2405 luporum
1525 2348 1604 2401 rere,
1623 2330 1661 2390 ab
1671 2350 1707 2390 eo

914 2430 1046 2505 tempore
1059 2442 1117 2501 quo
1127 2421 1155 2480 in
1169 2420 1373 2481 Germanicae
1384 2420 1538 2482 llloscovia
1561 2422 1590 2481 in
1609 2424 1709 2503 precio

916 2536 986 2577 esse
998 2522 1166 2596 coepenrnt,
1176 2514 1291 2595 plurimi
1303 2514 1383 2574 tiunt
1396 2513 1545 2593 Luporum
1555 2520 1710 2594 praeterea

915 2608 1125 2687 tergalongein
1140 2608 1260 2677 minore,
1267 2624 1353 2687 quarn
1361 2605 1440 2686 apud
1448 2626 1512 2676 nos,
1519 2612 1589 2666 sunt
1598 2609 1708 2687 precio.

975 2702 1129 2763 Castomm
1136 2699 1230 2780 pelles
1242 2698 1321 2780 apud
1334 2698 1401 2758 illns
1412 2698 1594 2759 babentnrin
1603 2720 1710 2779 magno

917 2797 1034 2878 precio:
1056 2788 1428 2874 omnesquejuxtaexhis,
1456 2790 1534 2870 quod
1547 2793 1639 2872 aigro,
1662 2814 1710 2854 eo·

918 2910 976 2969 quc
992 2889 1090 2948 nativo
1111 2887 1170 2946 sint
1183 2884 1288 2955 colore,
1308 2884 1437 2945 lambrias
1449 2887 1574 2946 restium
1592 2884 1711 2948 babent.

992 2979 1126 3040 Pellibus
1152 2977 1376 3038 domesticorum
1401 2983 1544 3051 catorum,
1573 2979 1712 3041 mulieres

917 3080 1045 3135 utuntur.
1091 3072 1149 3133 Est
1175 3070 1318 3153 quoddam
1348 3072 1471 3143 arrimal,
1503 3071 1582 3153 quod
1611 3074 1712 3151 gentili

917 3168 1015 3243 lingua
1036 3166 1162 3226 Pessetz
1181 3170 1302 3224 vocant:
1330 3163 1418 3247 bajus
1443 3165 1532 3246 pelle,
1552 3165 1629 3245 quod
1650 3168 1711 3248 plu·

919 3261 1018 3319 dmum
1041 3259 1147 3321 caloris
1168 3256 1282 3318 adlerrc
1303 3260 1414 3338 corpori
1435 3258 1522 3329 solet,
1548 3259 1578 3319 in
1599 3259 1712 3329 itincre,

919 3373 974 3412 seu
995 3350 1222 3429 protectionibus
1244 3354 1369 3410 utuntur.

994 3442 1140 3523 Vectigal,
1164 3464 1220 3503 seu
1244 3445 1401 3523 portorium
1420 3444 1544 3502 omnium
1565 3444 1714 3512 mercium,

921 3556 997 3616 quae
1015 3538 1062 3596 rel
1077 3538 1276 3615 importantur,
1297 3536 1342 3596 vel
1354 3540 1549 3617 exportantur,
1570 3538 1598 3595 in
1610 3538 1715 3596 tiscom

922 3630 1052 3690 retertur.
1098 3628 1147 3688 lle
1172 3628 1301 3708 qualibet
1326 3650 1372 3699 re,
1397 3629 1601 3688 aestimatione
1626 3630 1716 3689 troius

920 3723 1005 3793 rubli,
1030 3722 1196 3803 penduntur
1220 3729 1332 3801 septem
1353 3718 1483 3799 dangeo:
1510 3726 1591 3780 extra
1610 3739 1716 3789 ceram,

922 3817 960 3877 dc
986 3836 1044 3894 qua
1070 3835 1127 3875 nnn
1153 3815 1249 3875 solum
1269 3817 1357 3896 juxta
1381 3813 1630 3883 aestimationem,
1661 3812 1717 3874 sed

922 3908 1039 3991 pondus
1059 3927 1184 3987 quoque,
1204 3904 1327 3983 vectigal
1348 3906 1479 3983 exigitur.
1520 3904 1568 3964 Da
1588 3905 1719 3984 quolibet

922 4006 1020 4063 autem
1039 3998 1180 4081 pandere,
1205 3996 1282 4075 quod
1306 3996 1452 4075 gentiliter
1472 3997 1536 4058 Pud
1561 4000 1719 4080 appellant,

924 4099 1046 4173 quatuor
1066 4091 1180 4168 dengae
1200 4089 1372 4168 penduntur.

998 4184 1046 4244 llo
1072 4189 1264 4244 mercatorum
1290 4184 1455 4255 itineribus,
1481 4186 1590 4264 quibus
1614 4187 1643 4246 in
1670 4188 1719 4246 im·

923 4278 1076 4359 portandis
1094 4296 1131 4338 ae
1150 4275 1337 4359 exportandis
1357 4278 1513 4349 mercibus,
1539 4299 1575 4340 ac
1600 4300 1653 4361 per
1678 4278 1721 4337 di·

924 4391 1030 4432 rersas
1056 4368 1228 4432 Moscoriae
1259 4372 1397 4451 regiones
1421 4378 1554 4441 utuntur,
1586 4372 1661 4431 intra
1690 4370 1721 4429 in

927 4462 1148 4546 Cborograpbia
1166 4463 1348 4536 Moscoviac,
1368 4464 1489 4545 copioso
1508 4464 1673 4545 explicabo.

1003 4556 1102 4620 Usura
1123 4560 1287 4619 eommunis
1306 4563 1370 4619 est:
1391 4578 1476 4637 quam
1498 4556 1568 4615 licet
1583 4570 1723 4631 magnum

926 4658 1077 4734 peceatum
1098 4672 1169 4711 esse
1187 4650 1295 4723 dicant,
1316 4652 1354 4712 ab
1374 4670 1411 4709 ea
1431 4655 1528 4708 maren
1555 4665 1640 4707 nemo
1660 4644 1723 4706 sere

927 4747 1066 4807 abstinet.
1092 4742 1150 4806 Est
1168 4750 1266 4805 autern
1288 4738 1500 4823 quodammodo
1520 4737 1723 4811 intolerabilis,

928 4840 1059 4898 nimirum
1078 4836 1116 4897 de
1137 4839 1265 4917 quinquo
1279 4850 1510 4915 sumperunum:
1532 4830 1589 4891 boc
1609 4836 1665 4903 est,
1685 4831 1724 4895 de

929 4934 1047 4989 cantum
1072 4930 1183 5007 viginti.
1228 4926 1386 4989 Ecclesiae
1411 4923 1525 4997 mitius,
1557 4932 1590 4987 ut
1615 4924 1725 4987 dictum

931 5028 987 5092 est,
1007 5021 1141 5083 ridcnbrr
1160 5038 1257 5097 agere,
1276 5036 1353 5097 quae
1372 5016 1475 5079 decem
1492 5026 1662 5103 precantum
1681 5024 1727 5095 (ut

932 5114 1050 5187 vomat)
1074 5112 1227 5190 acciplunt.
1430 5203 1464 5259 ν
