3742 5626
777 122 1045 182 counanraan.
1707 122 1743 181 Ἀ

82 290 144 352 sta,
175 281 269 342 instar
295 278 455 360 pyramidis
479 278 508 339 in
536 280 705 340 summitate
728 283 881 350 exornata,
941 278 1079 340 debeant.
1119 278 1153 339 ld
1174 276 1252 358 quod
1274 297 1338 336 cum
1365 276 1440 339 alias
1461 297 1568 357 saepe,
1595 283 1654 339 tum
1684 299 1743 343 ma·

82 380 210 435 utuntur.
941 372 1021 433 xime
1041 390 1078 430 eo
1097 375 1229 452 ternpore
1250 368 1367 441 accidit,
1388 392 1476 450 quum
1496 369 1612 432 Tartari
1623 371 1740 434 ntoseo-

159 468 238 527 Sunt
263 467 312 545 qui
337 465 447 526 babent
475 472 589 525 restem
624 464 779 544 bombycis
813 464 881 524 lans
939 465 1016 525 viam
1031 465 1153 547 jamjam
1173 463 1366 545 oppugnaturi
1387 462 1568 541 terebantur3
1588 470 1648 525 tum
1663 466 1741 527 culm

81 560 249 628 subortam,
281 557 318 617 ad
349 557 543 618 sustinendos
575 577 768 639 quoscunque
794 558 880 617 ictus.
939 556 1161 616 Locnnrtenens
1180 562 1316 636 tanquam
1338 556 1366 614 in
1388 577 1420 615 re
1440 557 1547 626 subita,
1568 560 1663 638 majus
1683 563 1741 619 tor·

40 662 43 669 '
81 652 212 712 Lanceis
233 671 348 732 quoque
367 656 498 712 utuntur.
939 654 1069 708 mentum
1090 651 1147 709 sub
1169 657 1279 730 portam
1300 651 1408 720 castri,
1435 650 1548 709 ridente
1569 651 1741 715 bombarda-

161 742 296 803 Pcditatu
328 764 401 804 vero
435 752 465 805 et
496 744 649 804 tormentis
681 744 710 802 iu
743 742 879 802 contlictu
939 743 980 802 rio
1003 741 1195 811 Germanico,
1221 741 1421 802 collocandum
1441 745 1592 825 jusserat:
1618 764 1684 804 cum
1711 745 1741 805 ld

83 857 226 918 nunqnam
252 837 298 896 usi
329 843 408 897 sunt.
457 835 576 896 Etenim
608 835 748 917 quicquid
780 841 879 915 agunt,
938 842 1036 896 tamen
1066 837 1116 897 vix
1144 834 1232 894 tridui
1256 836 1359 914 spacio
1384 856 1420 896 eo
1448 835 1555 896 deduci
1582 840 1741 919 potuisset,

82 933 146 991 sire
165 930 347 1002 adoriuntur,
368 931 432 991 sive
453 931 660 1012 insequuntur,
681 930 746 989 sire
767 929 881 1008 lugiunt
939 929 977 991 ad
996 928 1072 991 baec
1091 929 1185 988 semel
1205 927 1349 989 duntaxat
1360 934 1550 989 exonerata
1560 930 1739 993 testudinem

82 1025 209 1094 hostem,
229 1022 259 1083 id
281 1030 402 1102 repente
424 1033 456 1083 et
475 1025 610 1086 celeriter
634 1024 762 1084 t'aciuut:
792 1028 881 1101 atquo
940 1027 970 1082 et
989 1026 1100 1100 portam
1121 1021 1313 1098 dissipasset.

80 1120 120 1178 ita
139 1117 206 1176 illos
227 1137 282 1177 nec
302 1116 469 1198 peditat-s,
497 1136 551 1177 nec
571 1121 718 1177 tomenta
737 1116 881 1196 subsequi
1016 1114 1126 1193 lllagna
1146 1120 1193 1174 est
1213 1113 1376 1184 bominum,
1402 1119 1434 1173 ut
1460 1115 1490 1173 iu
1517 1113 1583 1174 aliis
1604 1114 1740 1192 negotiis,

82 1220 218 1292 possunt.
940 1207 982 1265 ita
1007 1208 1035 1265 in
1061 1206 1138 1265 bello
1164 1207 1308 1285 gerendo,
1340 1206 1499 1267 diversitas
1529 1227 1566 1266 ac
1598 1208 1738 1268 varietas.

160 1302 325 1364 blodcrnus
349 1307 446 1360 tamen
473 1303 612 1382 princeps
636 1299 785 1370 Basilius,
816 1318 883 1358 eum
941 1299 1065 1358 bloscus
1087 1300 1163 1358 enim
1184 1300 1392 1380 quamprimum
1414 1299 1511 1378 sugant
1540 1300 1653 1383 arripit,
1680 1299 1741 1360 nul·

81 1419 135 1457 rex
147 1396 387 1472 Praecopiensis,
409 1398 544 1475 nepotem
564 1413 648 1452 suum
666 1394 695 1453 in
707 1392 883 1452 Casanensc
940 1393 997 1452 lam
1024 1390 1150 1451 salutern
1177 1394 1301 1470 cogitat,
1325 1398 1442 1473 praeter
1467 1413 1533 1452 eam
1559 1413 1644 1473 quam
1672 1393 1741 1473 luga

83 1508 205 1567 regnum
231 1487 414 1555 induxisset,
441 1491 471 1545 et
499 1489 527 1547 io
549 1485 643 1545 reditu
658 1487 746 1567 juxta
765 1485 882 1544 lllosco·
941 1484 1051 1544 babere
1072 1490 1185 1565 potest:
1212 1491 1380 1555 assecutus,
1401 1507 1457 1545 seu
1476 1483 1682 1566 apprehensus
1700 1486 1739 1547 ab

84 1584 161 1642 viam
179 1580 319 1641 tredecim
338 1579 468 1638 millibus
488 1597 628 1656 passuum
655 1582 882 1637 castrametatus
940 1577 1039 1646 hoste,
1061 1598 1116 1636 nec
1136 1599 1171 1637 se
1192 1576 1334 1645 defendit,
1356 1598 1410 1636 nec
1430 1579 1543 1638 reniam
1563 1585 1708 1657 precatur.

83 1680 183 1745 esset,
210 1692 289 1734 anno
317 1671 485 1749 insequenti
510 1671 589 1729 cirea
615 1668 728 1729 Occam
761 1669 881 1731 linaium
1020 1669 1162 1730 Tartarus
1182 1690 1252 1730 vern
1272 1669 1408 1750 dejectus
1428 1693 1466 1730 ex
1487 1691 1574 1750 equo,
1596 1673 1741 1750 spoliatus

81 1772 180 1826 castra
196 1770 349 1846 posucrat;
369 1770 457 1844 atque
476 1762 607 1841 peditatu
625 1770 688 1823 tum
708 1760 829 1842 primum
851 1768 882 1825 et
940 1763 1076 1822 omnibus
1095 1763 1184 1822 aruris
1196 1763 1368 1840 gratissime
1381 1763 1467 1822 etiam
1481 1761 1661 1834 vulneratus,
1680 1785 1740 1825 ma·

80 1860 233 1919 tormentis
252 1878 327 1917 usus
347 1861 402 1926 cst,
424 1854 554 1915 fumasse
573 1864 606 1914 ut
624 1857 786 1937 potentiam
796 1875 880 1915 suam
941 1858 1038 1927 nibus,
1060 1856 1199 1935 pedibus,
1222 1855 1375 1926 dentibus,
1396 1854 1494 1934 quoad
1514 1863 1543 1915 et
1565 1876 1741 1937 quacunque

80 1960 260 2012 ostentaret:
282 1954 333 2010 aut
354 1949 496 2009 maculam
516 1955 686 2030 susceptam
697 1950 782 2027 priori
794 1969 881 2020 anuo,
940 1954 1041 2030 potest
1063 1951 1183 2019 ratione,
1203 1948 1241 2008 ad
1262 1956 1424 2009 extremum
1446 1969 1540 2029 usque
1560 1951 1692 2031 spiritum
1704 1972 1740 2015 sa

81 2068 119 2107 ex
144 2045 314 2125 turpissima
342 2043 425 2121 tuga,
453 2043 482 2100 in
507 2062 566 2120 qua
592 2041 745 2102 dicebatur
771 2042 882 2121 aliquot
941 2042 1102 2103 defendere
1122 2041 1209 2104 solet.
1618 2104 1628 2117 ‚

81 2139 186 2199 diebus
206 2137 262 2196 sub
283 2154 388 2194 acerra
402 2135 481 2194 teoni
493 2133 658 2205 delituisse,
680 2134 809 2195 deleret:
831 2144 882 2194 aut
1017 2136 1148 2205 Turcus,
1169 2135 1236 2195 dum
1262 2133 1341 2194 videt
1360 2154 1396 2194 se
1416 2135 1493 2193 omni
1511 2136 1622 2197 auxilio
1638 2158 1674 2197 ac
1685 2157 1740 2217 spo

81 2233 209 2311 deniquo
235 2249 352 2305 regem,
381 2247 469 2307 quem
497 2227 639 2288 ditionem
665 2248 749 2288 suam
778 2219 904 2287 rursus*
941 2228 1076 2290 elabendi
1096 2227 1276 2298 destitutum,
1297 2227 1422 2305 supplex
1443 2229 1557 2287 veniam
1579 2233 1669 2308 petit,
1697 2252 1742 2293 ar·

81 2329 248 2386 invasurum
269 2321 401 2402 putabat,
423 2321 560 2381 atinibus
571 2320 637 2382 suis
647 2327 769 2380 arceret.
792 2320 881 2380 Certe
941 2323 996 2381 mis
1021 2321 1163 2401 abjectis,
1194 2342 1229 2380 ae
1251 2323 1372 2402 junctas
1399 2319 1437 2380 ad
1463 2319 1609 2399 ligandum
1636 2344 1741 2386 manus

83 2419 169 2477 uobis
189 2415 398 2497 praesentibus
419 2412 521 2473 babuit
540 2435 578 2473 ex
599 2412 767 2483 Litbnanis‚
788 2413 880 2473 varia·
939 2415 1042 2474 victori
1063 2415 1194 2492 porrigit,
1219 2419 1379 2494 speratque
1399 2414 1569 2491 captivitate
1595 2416 1684 2477 sitaru
1704 2439 1741 2479 so

82 2530 139 2591 que
159 2508 308 2568 bominum
329 2507 464 2577 colluvie,
482 2506 560 2566 mille
581 2515 610 2565 et
631 2508 808 2586 quingentos
818 2506 880 2568 sera
938 2508 1164 2586 impetraturum.

82 2603 205 2681 pedites.
1016 2600 1131 2659 Castris
1152 2598 1330 2659 collocandis
1351 2601 1559 2677 amplissimum
1576 2601 1671 2661 locum
1690 2602 1740 2663 cli-

157 2694 282 2755 llostem
307 2695 399 2773 primo
425 2694 534 2772 impetn
561 2692 759 2752 audacissime
779 2712 879 2770 aggre-
938 2702 1018 2771 gunt,
1038 2693 1086 2752 nbi
1106 2694 1341 2774 praestantiores
1366 2693 1493 2750 tentoria
1518 2693 1648 2771 erigunt:
1689 2681 1750 2757 altt'

80 2791 208 2858 «liuntur,
226 2805 283 2845 nec
303 2786 352 2845 diu
374 2794 561 2863 perseverat:
582 2805 616 2843 ac
637 2786 663 2843 si
684 2787 805 2845 inuuere
821 2782 879 2844 vel·
939 2807 1007 2845 vero
1029 2808 1066 2845 ex
1087 2786 1218 2846 arbustis
1238 2784 1328 2844 relnti
1349 2804 1447 2844 arcum
1468 2787 1498 2844 in
1518 2788 1738 2867 terramtigunt,

81 2888 151 2949 lent,
170 2880 286 2957 Fugite,
306 2887 356 2937 ant
378 2898 432 2937 nos
453 2877 609 2954 fugiemus.
938 2879 1115 2961 penulisque
1135 2887 1247 2957 tegant,
1267 2899 1325 2959 quo
1346 2877 1500 2959 ephippia,
1527 2900 1629 2951 arcus,
1656 2892 1686 2940 et
1706 2880 1736 2943 id

159 2973 305 3033 Civitates
326 2991 389 3031 raro
410 2972 454 3042 vi,
481 2974 531 3029 aut
550 2970 746 3051 impressione
768 2971 879 3030 acriore
938 2990 1032 3051 genus
1050 2971 1289 3041 aliarecondant,
1309 2991 1403 3051 seque
1417 2974 1455 3031 ab
1466 2972 1557 3033 imbre
1568 2972 1738 3036 defendant.

81 3086 261 3149 expugnare,
282 3063 337 3123 sed
358 3062 724 3143 longemagisobsidlonc,
744 3062 879 3124 homines
936 3064 1041 3146 Equos
1071 3064 1109 3124 arl
1141 3085 1251 3145 pascua
1276 3064 1395 3144 pellunt,
1425 3086 1545 3145 quorum
1567 3088 1658 3128 causa
1678 3074 1736 3129 tam

81 3162 159 3221 lame
180 3164 230 3218 aut
249 3156 411 3236 proditione
432 3154 469 3216 ad
489 3155 668 3216 deditionem
694 3155 813 3233 adigere
831 3178 867 3215 sn
936 3159 995 3219 late
1016 3158 1164 3239 disjuncta
1183 3160 1310 3219 tentoria
1331 3157 1456 3218 babent:
1476 3179 1552 3238 quae
1573 3181 1627 3219 nec
1640 3180 1735 3237 curru,

81 3257 151 3313 lent.
201 3249 379 3329 eranquarn
406 3246 538 3308 Basilius
567 3249 745 3309 Smnlcnslro
778 3251 878 3310 cirita·
939 3272 992 3311 nec
1018 3252 1117 3319 tussa,
1144 3271 1199 3310 nec
1225 3250 1281 3311 alio
1308 3252 1416 3329 quovis
1441 3250 1649 3331 impedimento
1678 3277 1736 3316 mu·

81 3353 137 3406 tem
159 3345 285 3405 admotis
304 3344 468 3405 tormentis.
488 3363 564 3421 qnae
585 3345 691 3423 partim
713 3342 877 3404 exltlosco-
938 3345 1034 3404 niunt:
1069 3345 1125 3403 nisi
1152 3344 1227 3404 torte
1254 3343 1337 3403 locus
1364 3352 1468 3404 natura
1488 3346 1541 3415 sit,
1571 3358 1621 3407 aut
1641 3347 1735 3420 silvis,

83 3441 129 3498 ria
148 3459 248 3497 secum
271 3436 449 3504 adduxerat,
475 3437 578 3515 partim
606 3438 645 3494 ibi
673 3437 702 3494 in
723 3436 878 3496 obsidione
936 3449 988 3498 aut
1009 3437 1186 3507 fluminibus,
1206 3436 1360 3517 paludisvc
1381 3439 1521 3498 munitum

83 3531 204 3590 suderat.
224 3530 421 3608 oppugnabat,
440 3531 677 3608 quassabatquo:
700 3529 877 3588 nibiltamcn
1012 3530 1123 3589 Posset
1146 3529 1221 3589 torte
1239 3532 1364 3611 cuipiam
1391 3532 1494 3591 mirum
1520 3531 1627 3601 rideri,
1657 3532 1735 3613 quod

81 3625 225 3684 effecerat.
267 3623 438 3681 Obsederat
460 3632 489 3680 et
511 3622 611 3680 (lasau
631 3642 737 3699 nrsgna
757 3623 877 3681 militum
936 3646 971 3683 so
992 3631 1021 3683 et
1041 3644 1114 3682 srros
1135 3631 1194 3682 tarn
1215 3624 1323 3701 exiguo
1344 3622 1508 3704 stipendio,
1535 3635 1565 3682 et
1592 3634 1650 3684 tam
1676 3625 1734 3696 diu,

81 3721 118 3788 ri,
139 3717 265 3776 admotis
286 3716 393 3794 pariter
411 3716 573 3787 tormentis,
593 3734 669 3795 qnae
682 3714 814 3774 secundo
828 3715 877 3773 tlu·
937 3727 967 3776 ut
994 3738 1086 3798 snpra
1115 3715 1183 3786 dixi,
1204 3717 1384 3776 sustineant:
1410 3716 1477 3775 ideo
1504 3716 1619 3776 illorum
1645 3719 1736 3797 parsi·

80 3813 127 3871 rio
148 3832 184 3867 eo
204 3814 382 3889 portaverat:
404 3805 538 3866 sedtum
560 3829 676 3887 qnoque
696 3808 877 3886 usqueadeo
937 3813 1062 3871 moniam
1086 3819 1116 3868 et
1143 3808 1338 3887 frugalitatem
1363 3809 1467 3888 paucis
1492 3811 1631 3887 aperiam.
1673 3809 1735 3882 Qui

81 3904 153 3962 nibil
179 3902 332 3962 etlecnrat.
362 3906 395 3958 ut
421 3900 489 3959 dum
517 3922 569 3960 arx
597 3901 719 3960 incensa
745 3902 876 3962 funditus
935 3903 1025 3963 babet
1045 3924 1111 3972 sex,
1131 3911 1181 3961 ant
1201 3900 1356 3981 aliquando
1376 3900 1477 3980 plures
1502 3920 1612 3979 equos,
1638 3924 1674 3965 ex
1695 3905 1733 3966 iis

81 3996 268 4071 conllagaret
291 4000 377 4071 atque
397 4013 435 4052 cx
455 3994 567 4072 integro
588 4015 689 4053 rursus
710 3995 876 4054 aediticarc·
935 4018 993 4055 uno
1012 4006 1149 4074 tanquam
1167 3994 1277 4074 bajulo,
1299 3993 1362 4052 sire
1383 3992 1549 4066 olitellario‚
1576 3998 1625 4076 qui
1654 3999 1735 4060 vitae

82 4096 143 4148 tur:
177 4108 212 4144 nn
239 4087 346 4145 nudum
372 4086 489 4165 qnidem
517 4086 621 4145 collem
648 4089 761 4146 interim
791 4089 876 4147 miles
935 4091 1105 4148 necessaria
1127 4091 1229 4164 portet,
1249 4072 1347 4145 utitur.
1388 4089 1540 4167 inprimis
1568 4088 1657 4151 babet
1682 4093 1734 4152 mi·

79 4179 246 4241 ascendere
264 4200 444 4259 occupareve
465 4200 558 4239 ansus
579 4179 675 4240 tuerit.
934 4182 1004 4241 lium
1024 4181 1180 4239 contritum
1200 4180 1228 4236 in
1251 4179 1382 4249 sacculo,
1403 4181 1583 4259 longitndine
1608 4184 1731 4247 duorum
1812 4218 1823 4243 r

156 4272 256 4333 llabet
275 4271 416 4351 Princeps
436 4293 514 4332 nurrc
535 4272 652 4332 t'usores
673 4274 877 4333 tormentarins
934 4280 984 4335 aaut
1005 4275 1090 4333 trium
1111 4273 1274 4352 palmitum:
1295 4272 1403 4333 deinde
1424 4273 1529 4336 suillae
1552 4280 1651 4337 caruis
1671 4279 1729 4337 sal·

79 4367 240 4427 Alcmenes
266 4366 422 4433 stitutus,
451 4370 498 4445 qui
521 4371 638 4446 praeter
663 4365 792 4445 pixides,
820 4375 876 4425 tor·
935 4389 988 4428 sac
1008 4366 1102 4427 libras
1122 4376 1200 4437 ncto,
1218 4372 1268 4426 aut
1289 4366 1400 4438 decen,
1419 4365 1509 4429 babet
1522 4374 1553 4429 ct
1564 4370 1609 4430 sal
1626 4373 1655 4431 in
1666 4388 1732 4430 sac·

78 4468 178 4519 menta
198 4460 314 4527 bellica,
335 4460 403 4517 item
422 4458 689 4536 terreosgtobnlns,
713 4459 876 4542 cujusmodi
935 4462 1016 4521 culo:
1040 4461 1116 4520 etsi
1137 4459 1221 4519 dives
1234 4470 1291 4530 cst,
1313 4462 1429 4520 mixtum
1442 4464 1550 4542 pipere.
1574 4462 1732 4522 Praeterea

78 4560 109 4611 et
135 4554 226 4611 nostri
254 4551 412 4632 Principes
439 4555 570 4619 utuntur,
602 4551 740 4613 tundunt:
769 4555 878 4633 quibus
935 4555 1139 4634 unusquisque
1159 4552 1476 4624 secumtcrtsecurim,
1496 4553 1634 4624 tomitem,
1653 4553 1732 4613 tete

77 4654 176 4706 tamen
203 4647 231 4705 in
261 4644 414 4712 contlietn,
441 4642 518 4721 quod
547 4646 644 4703 omnia
671 4645 699 4703 in
726 4645 877 4706 celeritate
935 4655 991 4717 tes,
1012 4654 1062 4707 aut
1081 4647 1166 4706 ollam
1187 4666 1334 4727 cupream,
1354 4651 1386 4706 ut
1405 4647 1431 4704 si
1451 4644 1732 4724 aliquotnrtederr·

78 4740 177 4820 posita
196 4737 316 4809 babent,
338 4756 434 4817 nequo
453 4736 551 4794 sciunt
573 4756 668 4814 nequo
688 4745 812 4817 possunt
825 4740 875 4801 uti.
935 4743 1005 4811 aiat,
1027 4742 1077 4801 ubi
1098 4738 1169 4800 nibil
1189 4740 1345 4809 fructuum,
1364 4738 1433 4806 allii,
1454 4757 1574 4815 caepae,
1600 4747 1650 4797 aut
1670 4758 1732 4803 ear·

156 4830 269 4891 Omitto
281 4832 379 4898 etiam,
398 4828 476 4909 quod
492 4834 699 4888 tormentorum
712 4829 879 4903 discrimen,
936 4836 982 4894 nis
1002 4834 1113 4895 ferinae
1125 4835 1261 4912 reperiat,
1282 4841 1344 4889 tum
1356 4830 1452 4907 iguem
1466 4828 1612 4901 accendit,
1632 4832 1731 4895 ollam·

79 4944 145 4993 seu,
169 4931 201 4985 nt
220 4925 320 4984 verius
339 4922 444 4993 dicam,
464 4942 560 4991 usum,
580 4922 713 4999 ignorare
733 4923 877 4988 videntur.
936 4947 992 5007 quc
1012 4946 1089 5008 aqua
1109 4927 1209 5007 replet,
1229 4927 1258 4982 iu
1278 4938 1365 5000 quam
1385 4919 1500 4982 coclear
1520 4922 1636 5001 plenum
1655 4922 1736 5001 milit,¹

78 5015 227 5076 Nesciunt
246 5019 381 5096 inquam,
407 5015 526 5096 quando
545 5014 592 5075 rel
612 5015 788 5096 majoribus,
816 5020 877 5097 qui·
936 5017 1001 5079 sale
1019 5016 1128 5087 addito,
1149 5016 1253 5097 injicit,
1272 5012 1443 5095 coqaltquet
1463 5017 1577 5077 eocibo
1595 5018 1732 5082 domiuus

80 5114 139 5169 trus
161 5110 245 5167 acies
265 5111 452 5189 impetusque
472 5108 598 5170 bostiam
618 5106 818 5188 disrumpitur,
836 5110 879 5171 att
937 5117 967 5172 ct
986 5110 1064 5171 sarri
1084 5107 1213 5169 contenti
1233 5107 1353 5177 alvu*
1379 5106 1516 5172 Parrasi
1537 5111 1673 5173 domiuus
1692 5113 1736 5174 nl·
