3742 5626
101 250 160 311 tor

108 416 206 469 tectus
226 427 334 485 aggero
355 408 458 473 cinail,
478 426 515 463 ac
540 407 734 484 propirupunnt
758 412 906 464 naouaste·

108 506 182 565 rinrn
202 504 274 561 intra
298 520 400 557 noran
422 498 611 557 rnunilionern
630 496 765 567 ioetosin
784 498 851 556 suis
869 496 907 555 lo·

109 600 156 657 cis
175 617 212 655 cx
232 592 337 653 cedern
358 610 466 667 aggero
491 590 718 669 propugnaculis
744 590 909 658 collocatis,

109 710 187 769 qnae
212 684 352 747 hostibus
377 684 416 743 ab
443 684 559 741 assolta
585 682 740 751 arcendis,
764 688 909 743 terrulenta

108 784 218 861 ruajora
236 778 416 837 sustineant.
436 774 486 835 Ad
507 774 691 835 l'loscoriana
717 796 785 834 roro
814 780 907 855 ipsam

108 876 198 955 priano
218 872 333 931 moenia
352 890 391 929 ex
412 868 519 947 lapide,
538 888 624 948 puero
652 866 782 928 haurinis
806 869 910 927 alveos

683 237 900 303 antennis
919 236 1186 301 eossnvn'ns

963 408 1074 480 quanto
1094 404 1193 463 ruinas
1207 405 1291 485 justo
1310 402 1341 461 in
1352 400 1484 481 praelio,
1507 396 1691 477 eanporcl’

965 495 1125 565 «obsistunt,
1144 502 1228 555 tanto
1254 495 1351 573 arogis
1367 512 1482 563 arces,
1512 492 1735 573 civitatesqul

966 586 1105 647 tendunt:
1145 598 1176 649 ct
1199 590 1327 649 terrioao
1347 588 1436 667 ipsoo
1465 586 1579 645 munia
1606 583 1710 645 nint-

967 701 1060 760 saepe
1081 680 1214 749 iuduunt,
1233 688 1265 741 nt
1284 681 1332 741 rel
1352 698 1453 759 aquae
1476 678 1689 739 aduersusi'

965 775 1063 850 igneio
1084 773 1268 850 atterendae,
1294 774 1343 837 rol
1368 774 1542 853 nongentis
1568 792 1590 833 e
1617 790 1692 831 nm
1721 839 1725 847 Ι

966 863 1033 925 duaa
1054 868 1183 927 utilibus
1202 864 1422 948 prorolrendis,
1441 872 1504 927 aut
1526 862 1670 935 sudibus.
1684 866 1728 943 qd

108 963 286 1043 suppeditat,
307 972 464 1041 torresque
484 982 550 1021 noa
575 960 650 1021 aller
673 980 776 1021 morus
801 960 910 1021 ductus
938 928 943 1065 Ι
967 959 1103 1019 nautibus
1122 960 1162 1021 ad
1182 980 1248 1021 ean
1272 980 1333 1021 ren
1359 958 1566 1037 dependent,
1594 958 1634 1017 in

107 1080 161 1141 per
185 1056 310 1119 nerliarn
336 1057 500 1126 civitatem,
525 1074 603 1135 qnae
634 1052 754 1113 lornant
789 1054 909 1131 oblongi
938 1070 1073 1129 traraguo
1093 1056 1159 1114 sais
1178 1055 1246 1113 usui
1265 1054 1336 1123 sint,
1355 1052 1510 1113 hostibus
1532 1052 1686 1133 perniciei.

107 1149 242 1229 trianguli
261 1170 337 1227 pene
357 1147 462 1215 babct3
479 1148 595 1226 triaquo
614 1146 693 1227 apud
713 1167 779 1207 eun
797 1166 908 1207 ιιιιιιιιιιι
965 1144 992 1203 si
1012 1146 1081 1222 qais
1101 1166 1119 1205 e
1138 1146 1340 1225 praesidiariis
1358 1144 1467 1205 hostili
1479 1146 1673 1223 impetant
1721 1148 1725 1163 '

107 1244 301 1305 succedentia
320 1240 463 1309 (bustello,
487 1239 746 1301 extraordinariam
780 1240 910 1299 utraritio-
965 1238 1051 1299 siooe
1071 1241 1100 1299 in
1121 1260 1220 1299 uerern
1242 1238 1420 1299 frustillatim
1441 1238 1571 1311 evolat,
1597 1238 1671 1299 aller

108 1342 156 1399 nis
177 1338 317 1397 talionem
338 1333 509 1393 nsterrdnnl.
538 1331 577 1391 Et
597 1352 633 1391 ea
653 1354 703 1393 res
713 1334 853 1393 obsessis
865 1333 908 1391 lir-
936 1332 941 1417 l
965 1329 1046 1397 dere.
1066 1334 1113 1393 cni
1133 1332 1211 1393 alius
1223 1330 1395 1401 identidem,
1415 1350 1455 1391 nc
1466 1332 1616 1413 deniqne
1633 1352 1702 1393 oens

108 1433 235 1491 railateor
256 1428 331 1506 (quo
351 1433 484 1506 tenuiore
514 1426 543 1484 in
570 1424 677 1503 Regiis
701 1428 809 1485 castris
834 1426 908 1485 haec
935 1452 940 1509 ι
965 1442 1034 1481 cere
1054 1446 1172 1505 operae,
1193 1427 1340 1504 silan-qne.
1363 1422 1414 1483 Ad
1435 1424 1547 1501 frigus
1567 1426 1672 1491 donli.

107 1518 355 1593 observabantus)
374 1518 582 1579 obsidentibus
601 1526 840 1581 aulenacruasel
861 1539 906 1575 so·
936 1518 940 1549 ¹
964 1517 1110 1577 arlrersus
1130 1516 1211 1583 illud.
1233 1520 1404 1597 imbresque
1431 1537 1474 1577 oo
1499 1518 1605 1591 nives,
1630 1526 1661 1579 et

106 1614 275 1677 licitndines
300 1611 451 1671 allerehat.
491 1610 567 1672 Nam
594 1620 625 1671 nt
650 1613 758 1693 pinnas
788 1612 906 1690 niridano
963 1608 1023 1669 alio
1043 1612 1171 1687 sullirgio
1192 1632 1250 1671 nou
1263 1618 1395 1675 utuntur.
1415 1630 1520 1689 gnaro
1534 1611 1642 1693 aliquo

104 1716 216 1771 tarrlnor
237 1706 443 1773 decusseranl,
463 1723 559 1782 ireque
579 1723 617 1762 ex
638 1703 836 1765 liuularnentis
857 1726 905 1763 ex·
964 1722 1052 1767 nean.
1071 1704 1117 1761 ιϊΙ
1138 1704 1246 1783 pernrln
1266 1704 1473 1783 delirrispalin
1490 1707 1650 1785 inposita.
1710 1706 1716 1719 '

105 1808 216 1861 tantem
236 1801 266 1859 in
286 1798 352 1857 solo
372 1818 481 1857 maruan
495 1794 618 1863 malleis,
637 1806 687 1857 aul
702 1796 851 1873 ligonibus
861 1818 906 1857 sa-
964 1814 1081 1875 qnoque
1094 1798 1313 1876 patientissimi,
1331 1817 1423 1877 aqua,
1446 1796 1579 1861 latinae
1591 1818 1729 1861 aream

105 1896 146 1955 tis
165 1900 348 1960 exemerunt,
367 1900 398 1949 nt
419 1888 576 1947 concidere
587 1898 708 1968 posset:
728 1892 768 1951 ito
779 1892 826 1959 iis,
839 1912 906 1949 eoru
963 1888 1064 1959 urixta,
1082 1900 1201 1949 aeeturu
1220 1910 1297 1969 pene
1316 1890 1482 1971 sapiente,
1517 1912 1579 1973 pro
1604 1900 1684 1973 pots,
1698 1912 1731 1973 μ

104 1990 165 2049 alta
190 1986 310 2045 moerria
337 1988 460 2043 strenue
486 1981 750 2053 conscendissent,
776 1984 905 2043 restabat
963 2000 1016 2060 pro
1036 1983 1103 2041 cibo
1124 1986 1255 2043 contenti
1269 1990 1349 2043 sunt.
1371 1982 1416 2043 Et
1425 1984 1543 2047 retulit
1562 1984 1732 2049 attint-'r

104 2080 284 2147 descensus,
303 2098 342 2137 ex
361 2096 420 2157 qao
440 2076 548 2135 ictibus
567 2074 791 2156 depellehaolur
810 2098 829 2137 a
846 2075 907 2135 blo·
965 2074 1041 2143 llos,
1061 2076 1090 2135 iu
1109 2076 1230 2137 arcilurs
1249 2075 1407 2137 latroniciis
1429 2075 1543 2141 inisse
1563 2086 1733 2159 reperim

105 2174 185 2245 scis3
205 2192 242 2233 ac
261 2172 289 2231 si
309 2169 431 2229 desilire
450 2174 629 2240 tentassent,
647 2170 806 2229 nationibus
830 2170 905 2227 ttri—
964 2168 1005 2228 ila
1023 2188 1059 2227 se
1078 2166 1257 2246 aliquandiu
1277 2168 1442 2239 aluissent,
1471 2178 1513 2233 ul
1541 2192 1612 2235 αιι
1626 2176 1682 2257 jan
1699 2190 1734 2253 μ

104 2264 357 2325 tatisahoxercitu
370 2262 482 2341 reliquo
493 2262 734 2333 secerrrehanlor,
747 2270 778 2322 nt
788 2264 906 2321 «turrino
934 2282 939 2339 p
962 2280 1068 2321 ornnes
1077 2262 1296 2330 occumberent,
1316 2261 1428 2343 reliqui
1439 2270 1648 2345 mperstilss,
1661 2270 1736 2329 ω’·

105 2358 297 2417 interiissent.
319 2354 383 2415 Sed
404 2360 433 2413 et
454 2355 574 2435 irruptio
600 2356 790 2433 ‹puarrtnnuis
815 2358 907 2433 priano
934 2344 938 2409 l
963 2353 1031 2413 licet
1049 2360 1184 2431 agentes.
1204 2354 1360 2415 haererent
1379 2354 1496 2417 adhuc
1519 2362 1607 2423 anxii
1630 2380 1690 2423 nun
1703 2378 1737 2421 η

103 2451 318 2516 successisset,
333 2448 397 2529 jaro
418 2446 823 2525 inlradoraosillnsligneas.
836 2468 905 2525 qua
961 2445 1169 2507 obsidentibus
1189 2446 1348 2507 dederent:
1369 2468 1413 2507 no
1435 2450 1597 2517 videlieet
1620 2452 1695 2515 idn
1711 2472 1740 2513 ι

106 2562 169 2604 roro
189 2542 297 2601 civitas
316 2540 424 2599 relerla
442 2544 500 2609 est,
519 2542 560 2600 lla
581 2538 846 2610 concludebantur,
874 2550 905 2601 ut
934 2540 938 2559 '
962 2538 1091 2619 Principi
1122 2560 1242 2619 operatu
1269 2560 1367 2618 usque
1394 2540 1441 2601 od
1478 2552 1612 2609 mortu
1635 2558 1743 2625 regnu

104 2638 173 2715 igne
192 2634 350 2715 supposito
367 2632 548 2693 conbureodi
569 2632 710 2701 luissent,
735 2634 762 2691 si
781 2632 904 2693 rlesecu-
962 2630 1045 2692 llaec
1065 2632 1115 2693 illa
1135 2652 1186 2693 res
1205 2638 1263 2701 cst,
1281 2654 1340 2709 qua
1352 2642 1561 2699 irrratuntn·
1571 2646 1744 2719 paseat?

104 2730 237 2799 dissent3
257 2726 354 2787 hlosoi
381 2748 451 2787 roro
477 2726 506 2783 in
530 2736 645 2785 murata
672 2726 806 2785 tlaslella
833 2746 905 2787 sese
961 2726 1037 2783 uiam
1056 2724 1144 2783 simod
1164 2726 1194 2783 in
1214 2724 1292 2785 idern
1313 2725 1520 2799 incantabant,
1537 2730 1702 2793 ortanum
1714 2732 1747 2789 io

103 2830 168 2883 tato
187 2820 381 2897 recepissent.
424 2819 569 2879 Accessit
594 2818 740 2879 Praefecti
767 2820 905 2879 Cir-itatis
959 2818 1042 2877 terior
1056 2818 1190 2895 pluribus
1208 2817 1344 2887 eradant,
1365 2830 1424 2881 aut
1445 2830 1543 2885 certo
1556 2820 1746 2905 Mb

104 2936 184 2985 cura,
204 2914 254 2993 qui
274 2914 351 2972 intra
371 2917 503 2971 muratas
523 2918 630 2983 turres,
648 2910 726 2973 alias
744 2911 903 2990 quoquoli·
960 2916 1026 2969 stes
1047 2912 1197 2987 patientia,
1216 2910 1434 2990 diligentiaque
1457 2914 1603 2997 Eligant.
1623 2914 1744 2981 Sedlnn

102 3030 197 3086 gucas
218 3007 325 3065 circum
346 3026 463 3084 piraque
482 3006 637 3075 excitarat,
663 3004 794 3065 serendis
814 3006 902 3086 rnajo-
959 3002 1028 3062 alibi
1048 3003 1108 3063 alii.

103 3102 185 3161 ribus
198 3099 355 3157 torrneutis
374 3098 508 3167 idoneas,
528 3118 566 3157 cx
586 3099 696 3177 quibos
715 3096 837 3157 assidua
856 3098 903 3155 he·

103 3196 153 3253 bat
173 3190 317 3269 euplosio.
341 3190 411 3261 Quo
430 3193 496 3269 ipso
507 3190 595 3249 modo
614 3188 754 3249 l'olociac
768 3209 902 3265 uragrraur

931 3126 935 3263 l
1047 3191 1235 3269 l'HlES
1257 3193 1465 3272 anton
1493 3201 1690 3281 Monet.

102 3287 200 3347 latrina
221 3306 261 3345 ex
284 3283 361 3363 ipsis
386 3282 521 3341 trallibus
546 3282 643 3343 lllosci
670 3290 903 3353 corastruxcraut,
931 3292 935 3355 i

103 3398 139 3435 ex
165 3396 224 3453 qna
249 3376 477 3451 circonuprarprc
502 3374 540 3433 ad
566 3382 675 3441 castra,
702 3372 799 3433 alioue
824 3374 902 3433 eolli-
931 3392 935 3405 ·

104 3474 227 3533 marites.
248 3466 297 3525 riu
317 3466 439 3523 liheraru
459 3466 547 3525 alieni
568 3464 901 3545 hacultalernappropio·
930 3488 934 3521 ε
958 3476 1105 3543 perornat,
1125 3470 1272 3537 ciuitates,
1290 3470 1412 3551 oprpida,
1442 3480 1545 3553 pagi,
1575 3476 1736 3553 dmstpo'

1037 3378 1112 3435 Curn
1133 3376 1162 3433 in
1182 3395 1270 3436 ιιιιιιιιι
1290 3378 1386 3454 ipsrun
1401 3376 1602 3464 Principem
1620 3386 1741 3447 auriane

102 3558 210 3639 giraudi
229 3558 421 3639 praelrehaut.
446 3559 559 3618 interea
569 3571 668 3618 tamen
680 3558 779 3635 globis
794 3558 902 3635 llegio·
960 3560 1088 3637 praedia,
1108 3562 1213 3627 siluae.
1234 3564 1333 3631 lacos,
1359 3564 1502 3639 burnina,
1519 3570 1627 3635 honor
1642 3592 1673 3635 se
1685 3570 1740 3647 tl?¹

103 3674 166 3713 rorn
185 3671 278 3729 saepe
305 3651 372 3727 plus
399 3648 543 3727 perforata
569 3658 633 3721 est,
658 3672 745 3729 «paraui
766 3662 799 3711 ut.
824 3654 901 3730 quic·
930 3661 933 3701 ἲ
958 3660 1016 3713 las.
1038 3654 1108 3715 nibil
1129 3656 1158 3713 in
1179 3662 1238 3714 tarn
1258 3662 1342 3715 vasto
1362 3662 1522 3725 terrarum
1545 3674 1646 3729 tracta
1658 3680 1739 3727 ιοΙΙ

100 3764 187 3825 «puaru
208 3743 407 3803 inclinationis
426 3741 605 3803 ostenderit:
625 3744 694 3803 licet
713 3744 902 3823 deniqnearn
960 3748 1066 3807 ιιὶιιιιιιιι
1088 3748 1177 3807 rideri
1198 3754 1296 3827 potest
1308 3768 1409 3809 earum
1422 3754 1557 3831 virium,
1571 3772 1605 3821 er
1617 3774 1739 3843 „pp-‚p

101 3836 247 3915 Stephani
271 3834 364 3915 Regis
384 3836 498 3903 uirtute,
518 3837 721 3917 regiorumque
734 3845 851 3901 carrata.
871 3850 902 3897 et
930 3877 933 3891 ι
960 3840 1017 3899 hus
1038 3842 1162 3921 polleat:
1182 3862 1258 3919 quac
1272 3852 1304 3899 ct
1316 3843 1452 3921 majores
1467 3853 1637 3915 aestimari
1652 3860 1738 3933 pora

101 3930 271 3989 tortitudine
291 3934 457 4009 expugnata
477 3930 528 3989 sit.
548 3928 692 3991 l’orcoria
707 3952 775 3991 uero
787 3948 902 4009 praeter
930 3928 933 3935 '
959 3940 1031 4002 torn,
1052 3954 1118 3993 curn
1139 3938 1227 4012 quies
1247 3936 1286 3993 ab
1304 3935 1396 3995 arnis
1417 3950 1619 4007 comneni,
1642 3942 1737 4007 „ub

100 4024 200 4083 ltrtritn
222 4042 296 4091 canor,
315 4022 373 4081 suh
394 4041 452 4099 ipra
473 4022 612 4101 praestant
632 4025 717 4083 noiea
738 4038 823 4104 prona
844 4036 901 4095 est,
930 4030 933 4041 '
958 4026 1104 4087 liberiora.
1123 4026 1308 4105 lairouiaqne
1328 4027 1466 4100 herebat,
1497 4046 1535 4097 02
1563 4042 1634 4121 ip„
1654 4034 1738 4099 ΝΒ

101 4116 193 4177 scalis
214 4114 291 4173 ιιιιιΙι·
312 4134 428 4193 optoque
449 4116 609 4175 coraseendi
631 4128 742 4197 potest.
762 4118 842 4177 ιιιιΙΙυ
861 4120 900 4179 al·
930 4110 933 4118 ’
960 4122 1047 4177 uraris
1069 4121 1217 4194 nauigatio
1236 4126 1300 4179 erat
1319 4120 1520 4199 frequentior,
1552 4132 1600 4193 Λῑ
1621 4154 1684 4193 m.
1701 4128 1736 4188 '24-

99 4216 163 4267 lero
184 4207 404 4287 propugnaculo
431 4206 552 4277 hostes,
580 4211 606 4267 si
633 4211 681 4287 qni
707 4214 902 4275 accesserint.

100 4300 246 4361 laedente.
268 4302 296 4359 ui
317 4322 352 4357 ea
373 4301 527 4359 urowuilrus
548 4304 842 4382 eontouspogoetur.
857 4309 903 4365 ιϊΙ

101 4394 219 4453 caninus
232 4391 344 4475 jacula,
363 4392 480 4470 glolrire
503 4395 733 4473 intorqueantur.
755 4398 813 4457 Par
826 4420 902 4475 pene

99 4486 221 4547 aliarntn
240 4486 349 4545 arcinru
371 4490 417 4543 est
438 4487 520 4545 ratio.
540 4484 603 4545 Sed
616 4484 793 4549 Surolenseii
814 4514 901 4569 agge·
928 4488 933 4509 ¹

98 4602 156 4651 res,
182 4600 259 4657 tpnrrs
278 4580 316 4639 ab
338 4600 396 4639 nna
421 4584 503 4659 patle
523 4576 604 4637 alluit
627 4577 834 4657 llorysthcnes
853 4584 903 4645 tlu-

102 4676 178 4745 rins,
198 4671 302 4751 triplex
323 4670 458 4753 ejusdcrn
479 4672 601 4731 rationis
612 4672 746 4743 urnrritio,
767 4676 901 4737 editiore·

100 4788 158 4845 que
177 4768 207 4826 in
228 4766 294 4825 loeo
314 4788 403 4845 snpra
423 4773 550 4825 tirnotcrn
570 4786 637 4835 arr,
663 4786 721 4827 una
739 4788 805 4827 cunr
831 4777 901 4831 teor·

99 4860 165 4938 plo,
185 4860 370 4919 lacesserent
397 4862 550 4937 negocinru
574 4862 822 4939 oppugnantibus.
862 4864 902 4925 Et

102 4971 170 5009 vero
190 4972 280 5029 agger
300 4954 364 5031 ipse
390 4954 618 5033 circunquaque
642 4954 770 5016 urininris
789 4959 902 5036 spaciis

957 4212 1093 4281 sublatis,
1112 4212 1160 4272 rel
1179 4214 1349 4282 innrrinnlis,
1369 4214 1480 4277 eadent
1503 4242 1636 4303 qnoque
1654 4224 1734 4286 ἤι’*

959 4326 1086 4363 necesse
1108 4306 1170 4373 luit,
1200 4307 1335 4384 quatieris
1361 4326 1416 4365 nec
1443 4315 1583 4389 species
1608 4318 1735 4401 hlajntflt

957 4398 1108 4459 deminuta
1127 4400 1177 4463 sit.
1196 4406 1227 4457 et
1245 4398 1404 4459 thesnrros
1421 4400 1548 4467 haltere
1571 4408 1735 4491 Princeps

958 4500 1065 4566 gerulos
1085 4493 1285 4551 existimetur:
1303 4492 1342 4553 ad
1362 4514 1441 4571 quos
1460 4500 1618 4582 quiequid
1639 4504 1735 4565 lsai.»

959 4585 1067 4643 l'ectlrc
1085 4586 1148 4643 auri
1169 4586 1198 4643 in
1219 4584 1402 4645 hlnscosinm
1414 4588 1616 4669 importatur,
1638 4598 1736 4659 idm-

959 4684 1099 4755 qnantum
1112 4688 1221 4754 potest.
1232 4678 1351 4755 colligit,
1362 4700 1418 4739 neo
1427 4700 1512 4761 pene
1527 4708 1666 4769 tanquan
1678 4686 1735 4749 rh

959 4772 1109 4850 permittit.
1145 4773 1306 4847 Argentum
1332 4772 1420 4831 etiarn
1452 4776 1505 4837 rix
1538 4801 1674 4863 nuqua·
1697 4778 1737 4839 'sb

958 4876 1143 4944 exportatur.
1176 4866 1233 4925 nisi
1259 4884 1326 4925 curn
1351 4868 1460 4943 captivi
1486 4872 1694 4942 redimantur.
1713 4884 1741 4933 ί

957 4958 1045 5017 miles
1064 4966 1206 5018 externus
1224 4958 1380 5029 scribitor3
1401 4960 1482 5039 qaod
1503 4970 1617 5029 henco
1639 4968 1738 5031 ratolt

100 5042 294 5103 tirranrioilrns
313 5056 360 5105 est
381 5046 522 5127 repletos,
542 5054 574 5106 ut
593 5048 754 5108 niuoribus
773 5060 898 5111 toroten-
956 5050 1080 5111 Pelliurn
1101 5058 1209 5121 autern,
1229 5057 1258 5109 ct
1278 5052 1421 5111 coriorurn
1434 5062 1745 5132 permutatinuallose

97 5138 136 5197 lia
156 5136 249 5195 atteri
261 5140 385 5211 possint.
404 5142 431 5199 si
451 5142 499 5217 «pari
512 5142 689 5201 tonlau·erint
699 5143 897 5221 irruptionem.
956 5166 1007 5223 pro
1028 5145 1153 5221 precantia
1172 5164 1265 5223 saepe
1291 5152 1425 5205 utuntur:
1467 5148 1641 5237 cibusque
1666 5160 1740 5235 ipsun

98 5232 126 5291 si
145 5248 217 5307 orgo
236 5226 344 5289 arodus
365 5234 625 5295 estmonitionurn.
650 5236 895 5316 Aipora-satiant.
925 5242 930 5291 l
951 5240 977 5297 si
997 5258 1054 5315 quo
1067 5238 1409 5317 proticiscurrtur.secnn
1423 5238 1612 5325 plerumque
1625 5248 1742 5312 deferant
