3742 5626
139 160 197 225 tau
698 156 940 221 assultuum
960 156 1286 223 tmusnsuslnu

139 325 248 385 cuariit.
302 322 441 382 t'iritatis
471 321 696 382 Plesceviensis
727 322 757 380 in
787 321 945 383 annalibus
1003 326 1075 383 crat.
1114 320 1193 383 Eam
1212 342 1269 383 seu
1288 321 1327 383 sd
1346 319 1484 381 vitandas
1503 320 1652 383 factiones
1671 321 1813 385 clo-estl-

141 412 422 493 Plcscoriensibus‚
448 415 499 495 qui
520 414 549 473 in
570 411 737 475 Polotiensi
758 412 946 475 Bibliotbeca
1004 432 1073 486 cas,
1097 433 1155 477 scu
1178 413 1257 496 quod
1282 423 1407 475 externo
1432 412 1570 493 Regnum
1594 433 1748 498 occepere
1768 440 1814 479 ro

141 511 218 571 luter
234 509 312 571 alies
331 508 455 588 reperti,
485 508 639 567 fomanus
666 511 784 569 nostras
804 526 946 588 perrene-
1003 507 1094 583 tenti,
1115 506 1234 569 facilius
1254 508 1411 568 restiturus
1430 527 1466 567 se
1485 508 1706 580 existimarent,
1727 510 1815 571 meda

144 610 226 679 rant,
262 603 341 663 cirea
379 619 489 661 annum
515 599 555 659 ab
594 599 667 661 orbe
698 599 818 662 condito
856 598 945 670 uult,
1002 598 1189 673 allussiae,
1219 600 1307 661 nodo
1331 620 1351 661 a
1375 598 1554 662 Litbuauiae
1579 600 1707 681 Magais
1726 602 1817 665 Duci-

143 695 351 775 antiquissiara
378 693 487 753 mentio
513 697 576 763 est,
606 712 667 773 qao
691 691 833 754 'l‘beriun
857 692 947 755 uttan
1004 692 1063 753 bus
1082 694 1173 754 certis
1193 692 1421 769 conditionibus,
1440 714 1478 755 ac
1495 699 1530 755 ut
1547 694 1818 777 scmadarnlegea

143 786 248 850 Rurici
277 784 425 865 Principis
455 784 589 847 Russiao
618 784 727 865 Olgsm
759 806 798 848 ex
829 787 950 847 civitate
1004 804 1079 846 saras
1092 787 1147 867 jus
1167 786 1225 847 sibi
1244 786 1393 857 dicerent,
1411 788 1564 867 petebant.
1602 789 1635 850 A
1653 788 1816 853 Lirbuaus

144 900 183 942 ea
206 880 237 940 in
263 879 478 940 matrimonium
504 879 677 960 accepisse,
702 899 742 941 es
768 899 827 960 qua
853 878 948 940 Secu·
1005 876 1252 949 Dunrruntbaar‚
1278 878 1464 940 'l'iarotbeura
1484 882 1636 955 nimirum,
1655 890 1814 965 pestqaan

143 971 260 1033 toslaus
288 970 368 1032 tilius
398 977 489 1059 natus
517 972 547 1033 ei
576 973 632 1045 sit,
666 977 836 1034 memorant.
876 971 951 1033 lade
1007 968 1198 1034 Christianus
1221 973 1320 1033 factus
1340 977 1440 1044 esset,
1465 973 1645 1055 appellatum
1666 976 1753 1038 circa
1771 996 1814 1038 ae

144 1066 226 1126 varia
251 1083 318 1126 cum
342 1065 450 1125 vicinis
474 1066 617 1145 gentibus
645 1064 723 1127 bella
750 1066 778 1126 ei
808 1065 950 1125 interces·
1005 1082 1075 1125 num
1111 1064 1198 1136 unt,
1228 1084 1265 1126 ac
1294 1070 1402 1146 postca
1442 1065 1533 1127 filiun
1566 1069 1637 1150 ejus
1669 1068 1814 1132 Davide-

144 1158 228 1219 slsse
246 1163 416 1219 narranturt
435 1160 563 1220 maxime
580 1164 679 1220 taraeu
698 1158 797 1221 lcelos
814 1157 951 1240 populos,
1006 1158 1165 1237 accepisse
1208 1163 1422 1219 memoranturt
1466 1161 1685 1239 posterioribus
1733 1165 1816 1227 elia·

146 1272 267 1332 quorun
297 1252 336 1312 ab
368 1272 406 1313 eo
434 1256 566 1332 tenpore
595 1270 662 1312 cum
691 1252 813 1333 imperio
843 1269 952 1311 nornen
1006 1252 1189 1329 temporibus
1215 1251 1253 1311 ab
1274 1248 1407 1329 Olgerdo
1426 1251 1515 1311 bliusr
1536 1257 1620 1336 ejus,
1647 1256 1703 1334 qui
1724 1260 1816 1319 sacris

145 1364 268 1425 queque
293 1346 443 1406 interiisse
463 1344 593 1421 ridetur,
623 1344 744 1408 foedere
769 1365 836 1405 cum
855 1342 952 1404 Novo·
1009 1342 1239 1404 Christianorum
1264 1344 1371 1405 initiari
1390 1343 1528 1417 voluerit,
1552 1347 1763 1430 Andreasrpue
1779 1351 1816 1413 di

146 1436 358 1517 gardiensibus
377 1439 450 1499 inito
475 1436 662 1500 debellasse:
689 1458 756 1499 cum
776 1435 954 1508 Sudetibus,
1009 1440 1076 1498 etus
1097 1437 1151 1510 sit3
1177 1436 1321 1518 quosdam
1347 1441 1465 1519 praeter
1484 1437 1570 1518 leges
1588 1441 1650 1502 sibi
1671 1444 1814 1523 imperas

147 1530 199 1611 qui
228 1552 266 1592 ea
294 1530 442 1612 quondam
469 1530 538 1592 loca
573 1538 749 1602 tenuerunt,
785 1532 815 1592 in
846 1530 954 1609 quibus
1009 1534 1058 1590 tes
1080 1530 1139 1610 ipsi
1170 1530 1369 1593 removebant.
1420 1528 1555 1595 Tenue·
1585 1554 1655 1595 cun
1686 1535 1818 1601 Rosciae

146 1622 312 1706 llerpstum
338 1643 417 1686 nunc
440 1631 507 1700 cst,
536 1628 568 1684 ot
594 1644 661 1686 curn
687 1622 847 1685 Germanis
864 1622 955 1684 Liro·
1009 1621 1130 1701 blagnis
1153 1622 1292 1686 Ducibus
1316 1632 1534 1695 convenerunt,
1558 1630 1592 1686 ut
1617 1630 1715 1689 certis
1740 1630 1814 1693 dds

147 1717 304 1779 aiensibus
336 1716 540 1797 frequentibus
573 1719 693 1798 praeliis
723 1715 955 1777 contenderunt:
1011 1736 1086 1797 ceps
1104 1717 1219 1795 iegibus
1237 1736 1338 1777 eorum
1358 1715 1550 1796 Majcstatcn
1570 1718 1720 1793 colerent,
1739 1722 1818 1787 Prin·

148 1830 215 1870 cun
242 1810 289 1871 vol
314 1831 334 1872 a
360 1811 426 1871 suis
451 1810 560 1871 bnibus
588 1832 643 1871 cos
672 1809 876 1891 prohiberent,
908 1807 955 1869 vel
1011 1809 1157 1890 cipesqne
1183 1810 1302 1869 nonnisi
1328 1809 1367 1870 ab
1392 1808 1469 1885 illis,
1497 1812 1550 1891 qui
1578 1816 1683 1875 tanen
1716 1836 1819 1881 mean

149 1904 225 1965 iutra
254 1924 357 1965 eornm
377 1903 453 1965 lines
473 1902 581 1965 bellura
601 1909 748 1983 gererent.
786 1904 817 1965 A
837 1902 956 1964 Gerea-
1012 1900 1082 1962 duru
1107 1902 1218 1982 patrias
1242 1901 1328 1982 leges
1353 1902 1463 1963 civitati
1487 1904 1686 1984 imperarent,
1713 1912 1820 1991 quique

151 1996 200 2057 nis
218 2010 306 2081 capta
332 1996 420 2059 ctiam
445 1996 517 2058 urbs
535 1997 613 2058 cirea
640 2015 748 2057 annun
782 1997 869 2069 675⁰,
901 2002 957 2057 tra·
982 2064 985 2081 Ι
1013 1994 1182 2055 nominatior
1202 2016 1222 2057 a
1246 1996 1366 2056 civitate
1385 1997 1469 2077 petiti
1489 2007 1614 2071 meent,
1637 2004 1818 2085 acciperent.

150 2088 238 2151 ditur.
277 2090 328 2152 Ab
351 2089 524 2152 Alexandro
550 2097 649 2153 autem
678 2090 739 2151 tilio
761 2088 891 2151 Jaroslai
917 2108 955 2149 ex
982 2092 987 2159 l
1013 2088 1042 2148 A
1062 2085 1166 2148 basilii
1192 2089 1275 2149 caeci
1300 2087 1361 2150 blio
1379 2088 1513 2161 luanus,
1537 2093 1667 2173 primum
1689 2095 1820 2161 Basilius

152 2183 246 2265 stirpe
264 2182 454 2245 bloaomrcbi
480 2183 559 2246 baud
586 2182 676 2245 multo
703 2187 772 2263 post
791 2183 820 2242 in
840 2183 958 2243 liberta·
983 2172 986 2199 '
1014 2179 1172 2261 Ssujscius
1184 2178 1327 2261 Legatns,
1340 2181 1449 2243 deinde
1459 2180 1596 2247 Basilius
1608 2186 1691 2251 blius
1700 2188 1819 2253 Plesce

152 2280 211 2335 tear
242 2296 357 2337 rursnnr
387 2277 553 2350 vindicata3
583 2277 632 2357 qni
660 2276 814 2356 prefectus
838 2296 857 2336 a
877 2273 957 2335 llatti
984 2308 987 2355 !
1013 2273 1521 2355 vicusibusetNorogardiensibus
1538 2280 1723 2361 conjunctim
1743 2285 1820 2345 Prin·

152 2365 291 2448 Principe
312 2368 509 2442 Tartamrnm,
527 2370 706 2450 arrailiisque
727 2368 889 2431 Tartaricis
907 2366 959 2429 ad·
983 2362 988 2413 l
1014 2386 1088 2447 ccps
1114 2365 1205 2428 datus
1230 2367 1337 2429 fuerat.
1376 2367 1495 2431 Eteri·
1520 2370 1580 2431 sub
1604 2372 1684 2435 idem
1705 2382 1821 2461 ternpus

148 2461 237 2543 jutus
257 2480 321 2520 cun
347 2464 460 2542 praelio
479 2464 681 2525 britanienscs
706 2466 897 2544 superasset,
921 2482 959 2522 ex
1012 2457 1276 2537 Novugnrdieusca
1292 2461 1476 2544 subjugarat,
1494 2460 1754 2530 Plesuoriensian
1772 2492 1822 2532 au·

153 2558 244 2635 meto
264 2551 373 2615 duodo
392 2554 495 2616 urbem
514 2556 640 2637 recepit:
661 2556 842 2617 continentia
859 2560 959 2616 tamen
1015 2552 1094 2614 siliis
1114 2552 1251 2635 adjutust
1275 2573 1354 2633 quae
1377 2554 1419 2615 illi
1438 2546 1540 2637 parti·
1559 2576 1597 2619 ea
1614 2558 1758 2638 meum,
1783 2563 1823 2624 do

154 2643 301 2728 deinceps
320 2666 438 2730 quoque
457 2649 537 2710 bella
557 2668 623 2710 cura
642 2647 749 2709 iisdem
769 2649 880 2710 civitati
899 2646 961 2708 fue·
1016 2666 1075 2726 que
1099 2644 1291 2718 dictumest,
1321 2648 1426 2727 purtim
1450 2650 1644 2711 munere
1661 2650 1822 2733 Norogar·

155 2744 232 2801 rant
272 2738 347 2802 lllud
372 2742 449 2803 satis
473 2747 611 2825 apparet,
637 2762 702 2804 cara
722 2749 754 2803 et
772 2742 880 2822 opibus
897 2741 961 2824 plu·
985 2704 990 2825 i
1016 2738 1165 2801 diensium
1195 2739 1351 2813 miseraut3
1381 2758 1447 2803 cua
1466 2740 1554 2823 paule
1583 2746 1655 2805 ante
1680 2764 1702 2809 a
1725 2746 1822 2809 Livo-

155 2834 260 2895 simun
291 2836 362 2897 olim
392 2834 542 2913 valuisse,
573 2842 604 2897 et
633 2837 802 2918 priusque·
833 2856 852 2897 a
877 2840 962 2918 patro
987 2868 990 2917 l
1018 2832 1174 2894 aiensibus
1187 2832 1373 2914 bellopetiti,
1392 2830 1713 2915 allorsgardleualbus
1725 2842 1825 2920 spreti

156 2924 247 3010 liujus
278 2924 393 2988 fissilis
418 2928 448 2989 in
480 2930 652 2991 servitutem
677 2928 872 3008 redigeretur,
902 2948 961 2989 uon
1017 2931 1107 3006 atque
1141 2924 1293 2998 destituti,
1328 2926 1367 2987 ab
1400 2926 1517 2989 Joaune
1549 2926 1646 3012 adjuti
1679 2928 1823 2995 fuissent.

156 3019 245 3081 nodo
263 3023 390 3102 propriis
416 3021 535 3100 legibus
554 3021 840 3104 Magistratibusque
865 3041 962 3093 usam,
1017 3020 1120 3100 Atque
1145 3020 1175 3080 in
1200 3018 1377 3098 ecquidem
1408 3026 1492 3083 statu
1514 3020 1556 3083 ad
1596 3040 1708 3085 annun
1738 3025 1824 3097 utra,

157 3111 214 3173 aed
234 3112 316 3192 quod
335 3134 371 3172 eo
391 3113 421 3173 in
442 3114 508 3176 loco
527 3116 624 3194 magis
643 3115 782 3177 fortassis
801 3113 962 3175 mirandum
988 3102 992 3207 ξ
1018 3113 1124 3173 civitas
1144 3113 1323 3194 permansit3
1348 3132 1406 3194 quo
1431 3133 1451 3174 a
1470 3111 1588 3178 Basilio
1605 3113 1733 3179 seems
1752 3118 1823 3189 filie,

158 3203 264 3281 fucrit,¹
298 3206 417 3284 egregie
448 3206 537 3266 etiam
564 3209 603 3269 ils
634 3215 824 3288 temperaturi
852 3207 992 3307 fuisse33
1018 3206 1088 3289 ojus
1117 3206 1169 3286 qui
1197 3225 1275 3266 nunc
1299 3226 1395 3267 reru·
1420 3206 1545 3288 putltur‚
1574 3216 1661 3289 patre
1688 3210 1822 3271 libertate

159 3316 227 3359 cum
248 3298 352 3378 primis
370 3298 554 3373 Porndnikt,
579 3301 708 3381 quodsi
733 3302 852 3361 corbum
873 3301 963 3361 serbo
1017 3298 1146 3379 spoliata
1167 3296 1232 3358 fuit.
1278 3299 1463 3381 imposuerat
1481 3300 1530 3361 eis
1548 3298 1719 3381 Principem
1737 3300 1825 3365 liasi·

158 3392 377 3471 interpreteris,
402 3414 578 3454 assessores
605 3394 768 3473 significat:
794 3414 831 3455 ex
855 3394 964 3474 quibus
1019 3393 1079 3452 lius
1097 3390 1242 3453 lnarmem
1262 3391 1423 3455 blicbaclis
1447 3392 1536 3455 ubon
1555 3392 1712 3478 Rapum,
1739 3416 1825 3478 que·

159 3482 295 3544 Senatus
314 3486 494 3546 constitutus
513 3486 609 3557 fuerit,
629 3495 830 3548 numerantur:
850 3488 879 3547 in
900 3506 963 3565 gra·
1017 3482 1186 3565 Najdcnura
1204 3494 1310 3562 postea
1328 3485 1528 3568 appellaruutr
1545 3498 1585 3573 ut
1602 3488 1655 3571 qui
1675 3508 1737 3549 nou
1758 3490 1826 3569 peti·

158 3576 274 3637 riorum
303 3596 397 3638 resurr
433 3577 712 3652 deliberationibus,
747 3580 964 3658 {negationibus
1018 3583 1079 3651 tus,
1100 3577 1157 3640 scd
1177 3578 1252 3639 ultre
1271 3578 1644 3658 quodammodoobtrusus
1665 3582 1714 3643 eis
1733 3586 1825 3643 esset

159 3666 333 3741 audiendis,
354 3670 611 3753 dimittendisque:
638 3673 808 3735 foederibus
828 3675 964 3735 sancien·
1020 3672 1132 3734 Contra
1157 3670 1236 3732 bunc
1264 3692 1332 3733 eum
1356 3670 1563 3753 Noregsrdiae
1588 3674 1668 3735 forte
1693 3672 1828 3737 Basiliu

159 3760 223 3822 dis:
255 3761 401 3843 eligendis
433 3766 634 3847 Principibus:
666 3787 741 3848 pace
768 3767 897 3848 deniquo
927 3786 964 3828 ac
1020 3775 1120 3836 esset,
1146 3765 1227 3826 misit
1244 3764 1284 3826 ad
1304 3786 1370 3827 eum
1390 3767 1497 3828 civitas
1515 3766 1668 3846 Legatos,
1688 3768 1743 3849 qul
1762 3788 1828 3850 qae-

159 3855 237 3916 bello
274 3858 486 3941 suscipiendos
524 3860 643 3939 legibus
680 3860 826 3937 ferendis,
862 3850 991 3942 populi!
1020 3858 1101 3921 relus
1126 3857 1269 3939 quasdam
1295 3858 1334 3919 ad
1361 3879 1427 3921 eun
1454 3858 1615 3921 deferrent.
1657 3860 1739 3921 Cu·
1762 3881 1829 3923 rm

157 3968 275 4011 summa
295 3954 457 4014 auctoritas
477 3959 553 4027 crat;
574 3956 623 4034 qui
643 3955 673 4014 in
693 3955 837 4024 comitiis,
864 3954 965 4015 Piscis
988 3948 993 4047 j
1020 3963 1051 4013 et
1069 3952 1205 4013 loannes
1223 3950 1440 4031 Norogardiara
1461 3950 1661 4015 adBasilium
1681 3955 1829 4017 aceruis·

159 4042 197 4103 ab
218 4044 257 4104 iis
278 4044 381 4121 dictis,
406 4070 483 4128 quae
502 4048 541 4109 ad
561 4068 666 4109 omnes
685 4048 876 4128 pertinerent,
903 4048 965 4106 uni·
989 4096 993 4107 .
1020 4051 1078 4117 set,
1098 4046 1195 4125 ipsius
1214 4044 1331 4107 hortatu
1352 4048 1490 4128 majorc-
1503 4043 1686 4107 smatom·
1706 4054 1829 4129 partes

160 4160 268 4200 versus
283 4142 424 4222 jubebat:
452 4141 623 4202 Secundum
651 4140 835 4201 Posadnices
853 4137 964 4200 Nobili·
989 4122 993 4181 !
1020 4160 1078 4220 quo
1103 4140 1313 4218 praesentibus
1338 4140 1377 4200 iis
1401 4140 1625 4200 controversias
1656 4160 1766 4203 mrum
1783 4141 1830 4203 ni·

158 4235 208 4291 tas
235 4240 299 4293 erat
324 4234 437 4295 bonore
464 4236 502 4294 iis
528 4235 672 4313 proxima:
698 4240 760 4294 tum
782 4254 852 4294 vcro
872 4232 964 4292 discr·
990 4210 994 4329 ἱ
1021 4244 1140 4307 nueret,
1167 4238 1289 4292 evocat:
1315 4234 1344 4292 in
1365 4231 1483 4294 vincula
1502 4229 1613 4292 deiude
1634 4252 1748 4295 ornnes
1767 4252 1829 4293 cau

160 4342 258 4384 sarum
280 4330 458 4388 societatum
478 4333 684 4399 mercatorum,
712 4347 835 4406 qnorum
855 4336 886 4386 et
906 4347 965 4387 rna·
1014 4325 1100 4406 Jicit:
1127 4325 1388 4385 Plcscoviensibus
1410 4324 1582 4395 denunciat,
1610 4331 1646 4387 ut
1666 4324 1830 4389 &adun

158 4436 247 4497 marn
261 4418 475 4479 multitudinem
495 4441 532 4479 eo
552 4421 581 4477 in
602 4419 668 4479 loco
680 4419 785 4496 fnisse,
805 4439 965 4498 erinrmque
1020 4438 1107 4478 omne
1126 4419 1286 4497 abrogentt
1308 4417 1489 4497 Campanum
1503 4417 1635 4496 insignis
1655 4416 1831 4499 neg-mtt-

157 4515 343 4573 coararcrciis
356 4514 483 4575 maxime
501 4514 651 4572 civitatem
672 4514 806 4573 crevisse
826 4521 965 4594 apparet:
1021 4512 1084 4583 nis,
1108 4531 1168 4590 quo
1191 4508 1230 4570 ad
1256 4509 1383 4572 Comitia
1408 4510 1547 4571 obeunda
1567 4508 1713 4573 Ordines
1728 4530 1833 4573 coare

158 4604 324 4677 Praefecti,
344 4608 393 4687 qui
414 4606 611 4685 Magistratus
631 4605 718 4664 ctiam
735 4608 788 4687 jns
808 4626 844 4665 ac
866 4616 963 4666 aucte
1021 4604 1179 4677 saltantur,
1210 4600 1250 4661 ad
1281 4624 1316 4663 sc
1346 4605 1476 4663 mittautt
1508 4624 1608 4684 caque
1639 4612 1674 4667 ut
1699 4604 1833 4667 factum

157 4700 273 4761 ritate-
305 4698 479 4761 babuerunt.
520 4700 670 4761 ilitioncm
691 4698 887 4778 possederunt
906 4720 964 4760 ara·
1020 4698 1113 4772 sciat,
1139 4695 1215 4756 alios
1234 4694 1336 4776 plures
1356 4717 1395 4758 cx
1414 4697 1543 4757 omnium
1567 4695 1720 4759 Ordim
1739 4696 1833 4759 boni·

148 4792 340 4871 piissimam:
370 4794 408 4855 ad
435 4816 560 4875 eamque
587 4815 653 4854 cum
680 4792 781 4871 biagni
814 4792 905 4863 linei,
935 4800 965 4853 et
1022 4789 1110 4851 nibus
1131 4787 1256 4850 obsides
1274 4789 1333 4849 sibi
1353 4788 1435 4850 dent.
1469 4787 1714 4853 Plcscovieuses
1731 4792 1834 4875 partin

160 4880 347 4962 fumeus,
366 4897 429 4947 tum
448 4888 589 4968 quicquid
602 4890 676 4947 intra
697 4909 750 4948 cas
762 4891 818 4957 cst,
837 4888 964 4968 pcrtine-
1022 4904 1122 4946 amore
1141 4903 1261 4944 suorum
1287 4881 1417 4958 inducti,
1441 4883 1548 4964 partim
1573 4884 1615 4946 iis
1635 4886 1736 4948 rebus
1755 4906 1833 4967 pree

157 4972 218 5039 ht.
258 4978 434 5041 Provincias
460 4980 556 5042 luascu
582 5002 635 5060 per
659 4981 790 5059 Legatos
812 4978 964 5042 Palatinos
1022 4978 1100 5039 senti
1119 4975 1251 5056 periculo
1272 4973 1465 5037 defuncturos
1489 4996 1526 5037 se
1546 4978 1770 5042 existimantes
1786 4981 1833 5041 in·

154 5068 198 5131 ab
216 5070 296 5151 ipris
315 5071 414 5134 dictos
445 5076 595 5151 regebant.
637 5075 695 5135 llis
715 5076 852 5134 omnibns
873 5074 964 5155 lifagi·
1022 5076 1125 5153 pcrata
1156 5068 1283 5130 faciunt:
1314 5066 1451 5129 Obsides
1482 5070 1657 5152 conplures
1688 5072 1771 5136 alies
1799 5070 1831 5133 ad

154 5162 299 5229 mtto·
325 5166 405 5227 linita
438 5188 502 5226 cum
534 5174 684 5248 potestate
711 5166 856 5246 Princeps.
885 5190 964 5243 prae·
1023 5183 1089 5225 cunr
1126 5163 1250 5223 mittunt.
1310 5158 1432 5233 Quibus
1463 5165 1602 5245 acceptia
1639 5164 1830 5231 Plentouisoi
