3742 5626
147 178 202 237 tzttt
690 172 929 237 RFtNtttttrtn
962 170 1283 237 llEdllssli'S‘l'Elli'll

149 341 211 401 nis:
232 348 361 401 extrema
382 338 441 399 elno
462 360 498 399 ox
517 343 653 399 uraxirnis
676 338 954 419 robustissirnisqne
982 358 985 369 ·
1012 346 1225 399 tormentorum
1245 341 1290 413 vi,
1322 335 1402 419 qnod
1428 360 1464 400 ea
1491 336 1629 399 deorsum
1657 338 1735 399 mitti
1762 357 1820 397 uon

149 431 284 494 trabilms
306 435 493 510 contignata:
520 430 648 491 medinm
669 434 765 492 miuus
788 432 955 512 aliquanto:
1012 438 1153 512 possent,
1180 434 1257 493 satis
1275 431 1356 492 tibnn
1377 429 1564 503 detenderet,
1595 438 1699 493 eontra
1720 432 1821 511 selep-

150 526 290 585 lenestris
310 524 348 585 ad
368 532 579 586 tormentomtn
601 544 688 600 ustus,
708 522 955 605 quemadmodum
1012 531 1117 603 poetes,
1148 532 1307 605 postquam
1327 528 1356 585 in
1383 524 1538 585 adversam
1563 526 1658 606 ripam
1684 526 1822 586 transiis-

150 627 182 677 et
212 616 410 697 relinquorum
443 619 565 679 latemrn
603 618 824 699 propugnacula
857 620 955 678 οιιιιιίιι
1010 624 1076 691 set,
1110 637 1222 679 suecos
1246 637 1300 679 eos
1325 638 1416 700 snpra
1442 637 1548 679 corvos
1574 618 1731 696 injiceret:
1767 618 1823 677 sub

151 718 231 793 apta.
272 709 356 772 llaec
376 706 455 789 quod
475 729 535 769 non
556 714 671 791 cespite
691 714 811 789 vestita,
832 708 887 771 sed
908 730 955 771 ve·
1011 712 1109 789 iisque
1130 707 1323 785 delitescens,
1345 711 1444 771 iussas
1464 730 1530 771 mox
1550 710 1588 771 ab
1609 732 1645 771 ea
1667 711 1823 792 partmb

150 806 205 863 teri
226 822 307 864 ruore
327 802 430 881 argilla
450 805 614 864 incrustata
635 813 735 879 eraut,
764 824 900 885 magnino
926 806 955 864 in
1012 822 1082 863 aree
1102 811 1215 881 ageret,
1235 823 1271 864 ex
1291 803 1399 883 quibus
1420 800 1529 863 deiude
1551 812 1581 864 et
1601 803 1724 866 bostem
1743 814 1821 865 extra

151 916 235 977 spem
255 895 444 958 Zamoscinm
465 894 673 974 adducebant,
698 898 777 973 iore,
797 907 831 959 ut
851 896 956 957 decus·
1013 898 1194 957 triunitiones
1214 916 1289 957 suas
1309 916 1498 977 progressum
1518 898 1667 971 reficeret,
1679 906 1714 957 et
1727 898 1819 976 ignea

151 1008 188 1049 sa
199 988 304 1068 argilla
325 997 356 1050 et
375 988 525 1067 facillime,
545 998 578 1051 nt
596 995 721 1055 materia
739 994 832 1055 ueteri
851 998 882 1053 et
902 992 957 1051 ari·
1013 988 1042 1048 in
1062 990 1286 1069 propugnacula
1313 989 1444 1050 interret.
1484 988 1541 1051 llis
1566 990 1659 1050 rebus
1684 992 1732 1051 ita
1759 1010 1819 1051 con·

152 1080 201 1155 da,
221 1082 360 1163 rrtrlloque
379 1082 502 1144 birtuorc
522 1086 630 1147 rrttnita
658 1084 901 1147 incenderentur:
927 1091 958 1144 et
1013 1084 1139 1157 stitutis,
1158 1083 1232 1143 ratis
1252 1080 1292 1143 ab
1314 1104 1351 1143 eo
1372 1083 1454 1153 loeo,
1480 1102 1538 1162 qno
1553 1085 1641 1163 justo
1668 1104 1688 1145 a
1717 1087 1820 1145 cantas

153 1174 275 1236 incerasa
295 1184 417 1257 propter
435 1184 547 1239 tantam
568 1178 713 1257 lignarium
738 1188 849 1240 struem
869 1197 956 1259 qnam
985 1226 988 1249 2
1013 1174 1185 1249 interuallo,
1211 1176 1346 1236 instituta
1367 1183 1446 1246 erat,
1466 1183 1569 1236 eerrrtra
1589 1195 1690 1235 arcem
1714 1186 1820 1259 protar-

153 1269 301 1331 latissime
320 1268 490 1331 incendium
510 1282 719 1353 propagarent.
740 1270 853 1336 Aiebat
872 1290 957 1351 spem
985 1258 989 1359 l
1014 1276 1073 1342 eta,
1093 1288 1259 1348 magumque
1280 1269 1401 1329 utilitum
1421 1288 1568 1329 eorretrrsu
1588 1270 1732 1331 certatim
1754 1272 1782 1330 iu
1794 1274 1818 1331 id

153 1364 220 1443 ejus
240 1362 404 1433 salinensi,
431 1384 539 1443 rtragm
564 1362 603 1425 ob
629 1368 765 1427 virtrrtem
792 1367 870 1425 inter
891 1362 957 1425 nto·
986 1370 989 1443 ξ
1014 1360 1412 1437 ourrribnsincumbentilms,
1434 1361 1735 1438 intere-reburrimas,
1752 1382 1818 1444 quae

153 1476 225 1517 scos
246 1464 277 1517 et
295 1454 375 1537 apud
396 1456 513 1519 Ducem
534 1458 711 1519 auctoritate
730 1460 800 1531 viri,
820 1460 957 1538 areisque
986 1450 989 1497 ἕ
1014 1476 1050 1516 ex
1071 1459 1205 1537 utrisque
1226 1455 1437 1516 triunitionibns
1463 1455 1583 1530 bobant,
1603 1456 1819 1536 ejaculatioues

153 1550 243 1629 bnjns
264 1548 407 1630 praelecti
429 1550 611 1611 iristitutnm:
640 1554 690 1631 qni
716 1548 797 1632 quod
823 1548 869 1611 rel
896 1548 957 1631 pnl·
1014 1550 1044 1608 in
1065 1545 1221 1609 aduersam
1241 1551 1335 1629 riperu
1356 1546 1470 1609 directa
1490 1548 1561 1621 init5
1581 1548 1641 1610 sed
1661 1548 1748 1631 qnod
1764 1550 1819 1611 lue

153 1661 251 1701 acrem
272 1644 492 1703 tonnentarium
513 1640 624 1703 trustra
644 1646 794 1718 cotrsumi,
819 1646 866 1705 nei
887 1643 958 1703 mili·
1013 1642 1087 1715 nior,
1109 1661 1196 1721 quatu
1217 1652 1249 1701 ut
1268 1644 1438 1721 pertingere
1457 1662 1496 1703 eo
1515 1650 1637 1722 posset,
1656 1644 1819 1725 reperieba-

153 1744 212 1796 tom
232 1732 350 1813 fatigari
372 1734 502 1812 nolebat,
521 1754 636 1796 stnnnro
655 1736 787 1811 silentio,
808 1732 959 1817 qumlnou
1015 1742 1071 1805 tnr,
1092 1736 1227 1815 utrinque
1247 1743 1308 1795 tum
1329 1738 1369 1795 ita
1391 1732 1560 1795 discessum
1582 1734 1651 1797 luit.
1695 1736 1818 1799 cbristo·

152 1829 210 1889 ruisi
233 1832 261 1889 in
288 1830 404 1889 maximi
430 1837 527 1889 metus
552 1826 771 1908 siginificatione
797 1850 814 1891 ιι
840 1828 959 1891 llloseis
986 1764 991 1905 l
1015 1824 1100 1908 pbori
1122 1835 1220 1889 tannen
1240 1825 1594 1899 Rozdraseai,l‘raeleoti
1607 1828 1819 1899 utrdcieusis,

153 1920 215 1981 lieri
236 1920 364 1993 soleret,
384 1942 420 1983 se
439 1940 572 2003 serosque
593 1924 670 1986 intra
690 1925 869 1984 munitiones
890 1942 958 1983 con·
1015 1940 1140 1999 maginae
1160 1923 1278 1981 uirtutis
1298 1928 1330 1981 et
1349 1921 1477 1981 nounnis
1496 1922 1551 1982 viri
1572 1942 1670 1982 cansa
1691 1944 1751 1985 nm·
1768 1944 1818 1985 ne

153 2012 285 2085 tinebut;
304 2017 439 2095 aquinensis
460 2015 518 2077 snb
539 2016 663 2097 primum
685 2019 833 2078 exercitus
850 2014 958 2077 advent·
1015 2010 1117 2075 diocro
1137 2035 1155 2073 ιι
1176 2016 1287 2074 arusinis
1308 2010 1516 2074 detrimentum
1536 2022 1710 2096 accepturu.
1739 2016 1819 2081 llam

154 2122 214 2167 nnn
237 2105 340 2167 decern
362 2108 481 2171 circiter
500 2106 726 2190 pabulatoribus
740 2112 861 2181 uostris,
882 2128 958 2190 quos
988 2154 991 2179 .
1016 2103 1085 2166 dnm
1106 2108 1178 2167 ratis
1199 2106 1415 2189 applicaretur,
1445 2105 1485 2167 ad
1505 2116 1672 2181 tomenta,
1700 2130 1758 2191 quo
1776 2130 1817 2170 re-

154 2211 376 2281 nppresserant,
397 2204 529 2263 rriirmtim
550 2202 696 2277 concisis,
725 2210 814 2283 atque
834 2224 870 2263 ex
889 2222 959 2264 aree
987 2184 991 2293 ξ
1016 2203 1095 2261 etitts
1116 2198 1157 2260 ibi
1178 2202 1276 2260 omniu
1295 2196 1584 2277 adtuinistrsrentur,
1605 2200 1816 2263 curaremu-

154 2296 191 2353 iis
214 2296 434 2375 praecipitatis,
456 2304 597 2355 terrorem
619 2292 790 2355 ailrentnuti
812 2294 896 2354 militi
917 2297 958 2355 in·
987 2298 991 2337 ¹
1015 2296 1099 2354 seins
1115 2296 1268 2372 jusseratt
1293 2291 1344 2352 ille
1369 2314 1436 2353 emm
1462 2293 1658 2355 nibilominus
1679 2300 1817 2377 proemis-

154 2393 255 2447 ontere
280 2408 315 2447 ea
341 2388 521 2448 inritauitate
547 2394 672 2448 conatus
698 2386 805 2447 inierat.
854 2384 958 2449 Zamo·
1015 2394 1074 2459 set,
1092 2386 1182 2465 globo
1203 2406 1240 2446 ex
1259 2384 1389 2446 bostium
1410 2386 1627 2449 inunitiouibus
1647 2410 1743 2471 supra
1758 2388 1817 2453 dex·

153 2480 238 2541 coins
257 2480 331 2539 ratis
353 2480 485 2551 interim,
507 2500 584 2559 qnae
604 2484 703 2541 coritis
722 2477 761 2541 ad
779 2499 878 2541 arcem
898 2478 959 2541 adi·
986 2512 991 2577 Ι
1014 2490 1090 2539 trum
1116 2477 1234 2539 oenlnm
1260 2486 1384 2559 excepto
1411 2476 1560 2555 concidit}
1589 2480 1664 2543 inde
1691 2485 1764 2545 ratis
1790 2496 1816 2544 ut

154 2580 291 2649 peretur,
318 2570 462 2651 rnilitiqno
488 2570 526 2634 ad
553 2576 803 2655 oppugnationem
824 2570 957 2635 tendenti
986 2582 990 2637 Ι
1014 2572 1188 2649 corrigatur,
1208 2590 1226 2629 a
1247 2568 1398 2650 peditibus
1408 2570 1533 2634 Polonis
1552 2574 1733 2651 retrabitur3
1751 2596 1818 2659 qnos

153 2666 310 2727 transitum
329 2663 496 2745 praeberet,
517 2664 645 2727 Nicolao
667 2664 814 2727 l'roveeio
831 2668 957 2747 jungen-
1014 2660 1084 2725 dum
1106 2663 1211 2725 bostes
1232 2664 1453 2725 coritineutibus
1473 2656 1692 2730 tormentorum
1718 2670 1819 2733 ictibus

154 2754 211 2819 dae
231 2760 381 2835 negotium
402 2756 469 2833 dat;
490 2758 577 2821 sitmd
598 2760 777 2821 inunitiones
798 2758 958 2840 iussusque
1014 2778 1140 2819 exerce
1159 2764 1279 2837 petunt,
1309 2758 1358 2837 qni
1379 2757 1479 2818 turrem
1500 2758 1662 2838 regebmt,
1695 2763 1816 2843 pereuls'

153 2874 171 2913 u
191 2850 300 2913 castris
319 2858 423 2914 contm
442 2872 540 2915 arcem
554 2848 623 2913 duci
632 2851 737 2933 jubett
757 2851 866 2933 quibus
877 2860 958 2934 post·
1016 2870 1082 2911 euru
1101 2848 1263 2911 dimittunt.
1304 2849 1339 2912 ld
1360 2853 1527 2932 corispicati
1551 2860 1614 2915 tres
1640 2852 1697 2917 alii
1724 2878 1743 2917 e
1761 2876 1817 2938 pre

153 2942 229 3007 ridie
250 2966 358 3025 niagno
379 2966 469 3027 opero
489 2944 641 3029 perfectis,
652 2951 798 3006 tormenta
810 2966 877 3007 ιιιοιι
889 2966 957 3008 eon·
988 3020 991 3025 Ι
1014 2944 1092 3005 ximo
1112 2942 1240 3025 pedites,
1261 2964 1327 3005 eum
1347 2954 1449 3005 tenero
1469 2945 1548 3008 illam
1570 2946 1665 3009 aliter
1685 2968 1744 3011 riou
1756 2970 1817 3033 pos·

153 3042 257 3099 stituta
279 3038 410 3099 iuuerunt:
430 3047 552 3119 rateque
572 3040 685 3099 interea
704 3042 847 3119 temporis
868 3061 904 3100 ex
917 3040 958 3101 ul·
987 3032 991 3105 J
1014 3044 1092 3110 serit,
1112 3038 1142 3097 in
1162 3046 1256 3098 ratem
1278 3038 1429 3098 insiliunt:
1454 3050 1605 3121 ventoque
1626 3040 1816 3105 uehementis

154 3134 230 3191 tiore
251 3128 380 3211 quodam
400 3128 551 3207 aedificio,
578 3126 655 3212 qnod
683 3129 805 3211 reliquis
826 3134 958 3195 incensio
986 3124 991 3177 i
1015 3150 1047 3191 re
1066 3128 1197 3211 abrepti,
1226 3126 1266 3191 ad
1291 3128 1420 3191 hostin·
1448 3134 1631 3196 rrrtrnitionos
1663 3134 1812 3197 secundm

153 3224 249 3285 strlrnn
271 3224 375 3285 hostes
396 3222 585 3305 reliquerant,
599 3222 636 3285 ab
650 3222 799 3284 Vrorccio
815 3223 957 3304 perfecta,
986 3220 990 3295 l
1015 3226 1149 3305 proxitna
1179 3224 1402 3303 propugnacula
1441 3222 1627 3288 delemutnr.
1676 3226 1818 3291 Videtites

153 3320 277 3399 primum
298 3326 444 3377 tormenta
464 3316 630 3397 eonqunra,
658 3314 697 3377 ab
723 3336 759 3377 ea
780 3328 880 3397 prande,
900 3339 958 3399 qna
987 3338 991 3397 q
1014 3314 1071 3377 bus
1089 3314 1189 3377 lllosei
1209 3318 1295 3395 aquis
1315 3315 1353 3377 ab
1375 3320 1505 3379 exercitu
1526 3322 1606 3381 emm
1629 3344 1670 3386 ex
1689 3328 1821 3405 pangi...

153 3412 385 3487 anpmstissimns
406 3408 491 3469 lacus
512 3416 591 3483 orat,
617 3407 781 3489 disposuit:
814 3410 959 3490 equibus
1014 3408 1316 3487 terelnsos,nanigiis
1337 3410 1486 3492 plerisque
1507 3414 1640 3494 quaein
1658 3436 1759 3479 arcem
1769 3438 1821 3479 ottr-

153 3504 245 3563 rectis
266 3522 284 3563 a
303 3502 399 3562 lroirte
426 3500 535 3561 ictibus
561 3499 798 3583 propugnacula,
828 3499 867 3563 de
897 3506 959 3584 qni·
1016 3504 1064 3564 nia
1084 3498 1295 3574 subduxerant,
1316 3504 1484 3580 inmensis,
1504 3526 1615 3586 magno
1637 3528 1765 3573 enumero
1788 3508 1822 3571 sd

154 3594 211 3655 bus
235 3592 346 3655 dictum
368 3604 425 3667 est,
445 3594 617 3655 ferirentur:
641 3594 699 3655 alia
721 3591 830 3656 deindo
850 3618 868 3657 a
888 3596 958 3658 late·
1016 3616 1070 3657 eos
1090 3594 1283 3657 contendunt.
1324 3596 1363 3657 lii
1386 3600 1495 3659 aroriter
1512 3602 1642 3681 primum
1657 3604 1822 3687 scloppctis

152 3710 195 3763 re,
216 3708 274 3769 qno
295 3688 445 3749 ureridiern
465 3706 518 3749 ars
538 3696 671 3769 spectat:
694 3709 732 3749 nc
754 3697 784 3749 et
803 3708 857 3769 per
876 3710 958 3751 uver-
1015 3686 1084 3751 inde
1105 3692 1202 3751 coritis
1223 3710 1258 3750 se
1279 3688 1449 3764 defendunt,
1471 3692 1709 3779 compluresque
1729 3720 1767 3761 ex
1779 3698 1822 3759 ie

151 3802 217 3843 saun
240 3790 354 3863 portam
375 3782 482 3843 hostes
502 3800 665 3863 enunipcre,
685 3790 864 3862 riostrnsque
887 3804 958 3864 pon·
984 3788 989 3921 p
1014 3780 1112 3843 stibus
1133 3780 1307 3845 dettnbant:
1327 3782 1448 3845 tandem
1469 3806 1535 3846 cum
1555 3786 1694 3871 undique
1708 3794 1821 3853 enum

152 3886 210 3937 tem
235 3883 454 3953 transgressos,
473 3896 510 3935 ac
532 3896 549 3936 a
571 3874 667 3935 fronte
678 3895 775 3935 arcem
787 3896 958 3957 oppuguau·
1014 3877 1199 3950 nutrirentur,
1229 3880 1371 3957 proximis
1395 3878 1526 3958 cymbis,
1547 3900 1564 3940 e
1583 3882 1702 3962 quibus
1724 3884 1819 3947 tona

151 3977 208 4041 m,
228 3970 439 4029 circumvenire
461 3976 602 4049 possent:
628 3976 659 4028 et
677 3966 781 4041 simul,
808 3972 905 4050 siqui
927 3972 957 4031 ia
985 3930 989 4023 l
1015 3966 1202 4049 dejecerunt,
1223 3972 1365 4051 arreptis,
1386 3975 1415 4031 in
1436 3992 1488 4032 eas
1510 3970 1672 4051 desiliunt,
1705 3986 1819 4059 rateque

150 4061 357 4142 superioribus
379 4059 609 4145 propugnaculis
630 4062 848 4130 constitissent,
871 4072 901 4123 nt
916 4062 957 4123 di·
985 4032 989 4151 ΙΙ
1014 4062 1118 4123 relicta
1144 4059 1282 4124 eradunt
1323 4063 1443 4126 luti-rim
1469 4064 1573 4128 eodem
1598 4080 1695 4131 ueruto
1722 4074 1754 4133 iu
1777 4068 1817 4133 sd

151 4158 242 4214 rectis
262 4154 425 4215 sectnnlnm
446 4154 539 4214 latera
561 4152 669 4213 ictilms
685 4160 893 4214 tormentorum
915 4158 956 4217 in·
984 4162 988 4223 Ξ
1013 4176 1129 4217 versam
1150 4157 1243 4236 ripam
1264 4160 1337 4218 ratis
1361 4157 1428 4218 lerri
1450 4162 1564 4242 coepit;
1591 4164 1622 4222 in
1647 4184 1742 4244 quarn
1762 4184 1816 4227 αι·

150 4246 188 4305 de
222 4244 436 4327 dejicerentur:
467 4248 575 4326 quibus
606 4246 696 4306 relttrs
730 4240 956 4325 administratis,
983 4228 986 4251 Ι
1012 4247 1238 4329 persequendae
1267 4252 1332 4330 ejus
1357 4250 1444 4312 linem
1471 4252 1603 4316 ttorrdntn
1625 4256 1732 4319 bostis
1750 4256 1814 4317 iste

150 4341 400 4421 oppugnationem
427 4336 501 4399 odiri
533 4342 696 4399 coristituit
734 4339 809 4401 Erat
834 4338 872 4399 ab
897 4340 955 4401 ima
983 4372 986 4419 g
1011 4348 1067 4414 rot,
1088 4339 1265 4402 Zamoscius
1287 4343 1436 4423 equitibus
1447 4346 1559 4426 aliquot
1570 4349 1741 4413 submissis
1754 4368 1813 4411 ean

149 4434 229 4493 atreis
263 4430 364 4494 radice
396 4432 518 4493 acclivis
554 4452 659 4493 versus
700 4452 764 4492 eam
799 4452 955 4507 ascensus,
982 4438 985 4463 ³
1011 4436 1134 4515 recepit.
1174 4432 1254 4494 liuto
1273 4434 1379 4497 eodem
1399 4436 1448 4498 die
1475 4438 1587 4501 reiecta
1619 4464 1693 4505 cun
1718 4464 1749 4505 cx
1770 4462 1818 4503 su·

148 4545 235 4607 qnem
257 4524 363 4586 bostes
385 4546 441 4583 nrm
463 4524 674 4584 altissimorum
699 4524 830 4605 palorum
851 4547 955 4607 saepe,
982 4480 987 4615 l
1010 4529 1136 4607 periuris
1157 4530 1302 4606 temporis
1322 4550 1395 4591 casu
1421 4532 1505 4593 miles
1524 4538 1721 4615 perterritus,
1737 4556 1818 4619 que·

148 4620 285 4701 binisque
306 4620 466 4695 ingentium
489 4626 517 4677 et
539 4620 777 4677 acutissimorum
802 4639 954 4680 ceruorum
1012 4626 1101 4680 antea
1130 4621 1270 4698 prmmiis
1297 4620 1336 4681 ad
1366 4624 1597 4705 promovendam
1623 4650 1698 4693 ears
1724 4630 1820 4695 Zanc-

148 4711 319 4785 ordinibus,
341 4715 427 4792 justo
454 4712 531 4771 inter
557 4709 695 4787 sirignlos
721 4714 821 4791 spatio
841 4712 945 4773 relicto
1011 4715 1094 4773 seins
1115 4722 1301 4794 provocarat,
1322 4716 1419 4779 rnirms
1441 4728 1596 4800 promptus
1613 4724 1686 4802 jaun
1714 4724 1754 4789 ad
1779 4728 1824 4785 ni·

148 4804 357 4884 obsepseraut.
399 4806 510 4865 liontra
532 4826 567 4863 ea
588 4804 663 4863 baec
677 4802 856 4864 Zamoscius
877 4826 954 4866 com·
1011 4805 1135 4867 nisteria
1156 4805 1231 4865 baec
1251 4827 1318 4868 cnm
1338 4813 1470 4889 periculo
1492 4812 1632 4875 obeunda
1657 4828 1760 4891 essct,
1778 4818 1822 4881 tt'a

148 4895 286 4973 parabat;
317 4901 386 4977 qma
416 4896 483 4959 laria
510 4894 745 4969 destituebatur,
775 4898 953 4959 centonibus
984 4967 988 4987 ι
1012 4898 1127 4961 colaum
1159 4898 1338 4961 Vrovecinm
1369 4908 1572 4968 necessarium
1605 4928 1704 4973 sunm
1736 4924 1825 4977 rate·

148 4987 348 5068 stragulisque
368 5011 509 5070 equorum
531 5014 584 5071 per
604 4992 774 5051 attriversum
795 4994 954 5053 exercitum
984 4990 1233 5063 'eotrscendere,
1254 5016 1405 5076 saccoque
1426 5018 1484 5059 mm
1505 5022 1541 5061 ex
1560 5000 1615 5077 iis,
1652 5004 1698 5067 de
1719 5008 1826 5089 quibu

147 5080 333 5157 conquisitis.
355 5084 586 5163 qnarnplurimas
608 5104 644 5143 ex
664 5087 702 5145 iis
722 5102 830 5146 saccos
844 5086 954 5167 implet.
1012 5084 1149 5160 diximus,
1171 5096 1240 5147 auito
1263 5109 1297 5148 sc
1318 5090 1482 5165 collocato,
1509 5091 1638 5173 dirigere
1669 5100 1704 5161 in
1725 5098 1825 5163 advet-

148 5172 243 5233 Docet
275 5172 411 5233 militem.
443 5180 511 5255 quia
537 5176 594 5237 loci
627 5186 732 5239 trutina
765 5196 782 5235 a
810 5179 953 5256 majorum
984 5172 1075 5240 'saur
1096 5181 1189 5260 ripam
1212 5201 1275 5241 eam
1295 5181 1391 5260 jubet.
1433 5184 1599 5251 l'rovccius
1620 5192 1762 5277 impigre
1783 5200 1823 5257 is·
