3742 5626
500 226 631 290 VITAE
652 224 833 291 nonnula
852 224 1074 303 Bassorum,
1093 226 1223 290 utana
1244 227 1281 291 ll.
1669 230 1728 291 288

56 388 210 453 Basilides
229 401 328 452 mmen
349 399 454 452 contra
471 390 667 473 jurisjurandi
687 391 861 470 religionem
922 389 1089 469 largissime
1110 388 1254 451 indulsit.
1296 389 1361 453 Sed
1378 390 1656 472 transgrediendum
1678 403 1727 455 cst

55 505 120 547 ιιιιι
139 482 337 547 occidendam
357 483 501 548 decrevit.
539 488 633 565 lgitur
652 482 755 545 infelix
780 482 862 544 lemi-
921 480 960 543 ad
980 484 1040 545 alia
1059 487 1126 564 ejus
1147 482 1290 559 facinora,
1310 482 1418 564 quibus
1446 505 1500 566 par
1525 483 1612 547 dolor
1630 489 1725 548 inest.

55 576 163 639 neubi
184 575 532 639 obstinatusvenireod
557 598 592 639 se
619 585 751 638 armatos
776 572 862 648 sidit,
998 577 1073 639 Cum
1094 574 1237 638 Orionem
1270 574 1452 652 aedificaret,
1484 579 1638 658 operarios
1664 598 1723 639 non

56 680 141 733 veste
158 670 250 750 regali
273 669 390 732 duabus
410 670 529 731 ancillis
554 672 670 743 innixa,
702 668 780 729 ultro
810 664 862 726 ob·
919 689 1045 745 veneno,
1065 690 1124 729 nou
1145 667 1234 745 lamo,
1255 689 1314 729 uon
1334 668 1394 729 ulla
1414 672 1454 738 vi,
1473 666 1530 730 sed
1551 673 1652 752 inopia
1672 671 1725 733 ali·

55 768 131 826 viam
152 765 310 845 processit.
347 763 421 825 Illos
446 783 500 845 per
531 762 695 844 platearum
721 764 861 840 regiones
921 770 1084 823 neutonam
1117 782 1225 824 rrecare
1256 765 1373 823 statuit.
1425 760 1470 823 llli
1503 770 1536 823 ut
1574 763 1724 826 crudelem

56 866 183 939 raptata,
203 855 241 918 ad
263 868 423 918 ιιιιιιιιιιιιι
445 855 617 930 interiecta,
640 864 671 916 et
696 858 725 915 in
753 853 861 914 flumen
920 857 1024 915 mortis
1054 858 1198 918 rationem
1231 852 1438 917 crudelissimo
1467 853 1546 915 lacto
1571 856 1724 937 propulsa·

58 949 177 1030 abjecta
203 958 259 1011 est.
300 948 439 1013 Peractis
464 958 510 1010 tot
535 947 682 1010 caedibus
708 943 861 1009 Basilides
919 956 994 1020 rent,
1024 946 1062 1009 de
1082 969 1138 1010 suo
1169 968 1291 1009 numero
1321 956 1438 1029 septem
1471 948 1557 1008 vivos
1588 948 1724 1011 homiues

57 1043 95 1105 ad
117 1052 215 1106 statas
243 1042 443 1124 solemnesque
469 1045 654 1103 ceremonias
681 1048 713 1102 et
737 1039 862 1120 patriam
920 1050 1101 1118 mactarunt,
1128 1060 1229 1104 eorum
1249 1040 1390 1102 carnibus
1416 1048 1519 1103 contra
1545 1040 1652 1103 famem
1676 1044 1725 1103 usi

56 1136 229 1216 religionem
251 1138 380 1196 animum
401 1134 526 1217 appulit,
547 1134 674 1215 Diisque
694 1130 862 1193 immortali·
919 1138 1057 1195 tormenti
1079 1143 1159 1196 certe
1179 1153 1275 1214 geum
1297 1131 1448 1212 iudignum
1469 1135 1582 1215 passis,
1602 1143 1725 1196 auctore

57 1230 114 1291 bus
134 1238 181 1291 tot
201 1228 342 1311 perjuria,
362 1236 472 1290 ettam
492 1237 616 1291 crrrenta
628 1223 861 1309 parricidiaviu·
920 1223 1137 1305 dignissimum.
1178 1230 1277 1289 Ceteri
1298 1230 1347 1308 qui
1373 1226 1516 1287 humanas
1545 1247 1651 1289 carnea
1676 1246 1725 1287 co·

57 1321 201 1384 dicaturis
221 1321 392 1402 supplicare
418 1322 591 1396 constituit,
622 1328 652 1380 ct
677 1338 713 1380 eo
741 1314 862 1398 quidem
920 1317 1039 1381 medere
1059 1341 1119 1381 nou
1138 1327 1286 1401 poterant,
1306 1316 1344 1380 ad
1367 1318 1545 1381 durissimae
1565 1319 1654 1380 lamis
1675 1340 1724 1382 ue·

56 1413 115 1489 die,
136 1418 186 1495 qui
206 1418 266 1475 vati
287 1413 372 1475 Elias
391 1433 480 1475 sacer
505 1425 569 1487 est,
603 1412 705 1473 multis
734 1409 862 1471 borisa
920 1413 1093 1475 cessitatem
1112 1412 1234 1473 vitulum
1256 1412 1333 1473 sorte
1350 1411 1468 1474 fortuna
1493 1411 1627 1474 oblatum
1646 1416 1724 1475 occi-

56 1508 168 1590 templo
179 1528 239 1567 non
256 1503 411 1577 discessit,
430 1527 551 1588 remque
563 1525 629 1588 rpse
649 1504 777 1566 divinam
789 1510 863 1563 tam·
922 1502 1002 1565 dere.
1038 1502 1130 1583 Qarod
1148 1504 1259 1567 iactum
1279 1509 1322 1567 uti
1340 1505 1461 1567 Moscis
1479 1508 1646 1567 ominosum
1667 1515 1725 1581 est,

57 1621 143 1682 quam
164 1598 304 1661 l‘outiies
322 1599 430 1680 aliquis
451 1600 597 1660 Maximus
619 1596 704 1669 tecit,
733 1594 810 1657 odeo
830 1602 864 1655 ιιι
919 1597 961 1658 ιιι
983 1597 1122 1659 omnibus
1143 1600 1232 1659 exitio
1258 1597 1323 1660 luit
1361 1597 1438 1659 Nam
1464 1599 1647 1681 Principis
1638 1618 1726 1672 russu

57 1680 254 1775 scrupulosa
256 1712 328 1753 cura
347 1691 471 1774 parvula
490 1710 609 1772 quoque
635 1698 784 1752 momenta
813 1709 863 1769 pa·
921 1698 1042 1798 propter
1060 1688 1092 1751 id
1111 1690 1228 1751 iacintus
1247 1693 1306 1751 viai
1329 1691 1476 1753 combusti
1497 1700 1577 1766 sunt,
1597 1701 1628 1753 et
1647 1692 1725 1755 cine·

57 1791 132 1849 triae
151 1786 303 1865 religionis
330 1788 498 1847 examinaro
522 1782 682 1845 videretur.
725 1780 790 1844 Sed
818 1790 862 1843 ta·
920 1804 969 1845 res
992 1784 1022 1844 iu
1041 1782 1298 1866 praeterfluentem
1317 1787 1426 1866 sparsi.
1460 1784 1617 1846 Scribas'
1609 1806 1641 1845 ιιι
1659 1785 1727 1847 aula

58 1900 124 1939 men
145 1875 263 1939 diuinae
282 1880 433 1958 potentiae
453 1896 637 1957 nequaquam
659 1874 745 1946 bene,
770 1884 862 1956 atque
922 1875 1065 1958 plurimos
1094 1876 1185 1938 babet
1210 1885 1364 1956 tyrannus.
1405 1878 1515 1939 Eorum
1543 1896 1579 1937 ea
1604 1896 1727 1939 rrumero

57 1979 240 2047 constanter,
260 1970 304 2031 uti
324 1968 520 2051 praelerebat,
540 1967 700 2030 famulatus
719 1976 782 2029 esta
803 1970 863 2030 ani·
921 1967 1040 2049 quidam
1060 1969 1161 2052 lupum
1180 1968 1339 2052 aliquando
1359 1973 1474 2052 piscem
1494 1978 1616 2040 emerat,
1640 1990 1727 2031 accu-

58 2085 164 2145 moque
185 2064 323 2140 sanguini
350 2061 478 2123 humano
504 2063 642 2142 propior,
668 2080 754 2141 quam
781 2060 863 2121 umi-
921 2070 1005 2123 satus
1027 2071 1186 2144 propterea
1216 2064 1303 2139 quasi
1334 2067 1401 2145 ipso
1431 2062 1570 2143 Principe
1596 2060 1727 2144 splendi-

60 2162 178 2221 stiauae
199 2157 327 2230 caritati,
353 2159 457 2235 paucis
487 2156 653 2235 interjectis
683 2152 791 2215 diebus
823 2150 864 2213 ad
922 2152 990 2215 dius
1010 2154 1189 2236 epularetur,
1209 2158 1239 2216 in
1256 2176 1406 2218 carcerem
1417 2154 1575 2229 deductus,
1596 2166 1627 2219 et
1638 2157 1727 2239 paulo

58 2250 176 2312 solitam
197 2257 229 2309 ιι
247 2250 491 2309 immanissimam
512 2244 718 2309 crudelitatem
748 2253 796 2307 est
820 2267 864 2307 re·
921 2255 992 2327 post
1012 2250 1043 2307 in
1062 2245 1181 2309 flumine
1201 2249 1328 2311 bloscua
1348 2248 1524 2311 submersus
1550 2257 1608 2310 est.
1659 2249 1725 2311 Mo·

57 2363 174 2404 sersus.
215 2341 290 2402 Erat
308 2338 390 2421 apud
407 2338 530 2401 Russos
549 2341 658 2401 Petrus
671 2338 864 2414 Serebrinus,
921 2341 1045 2401 siturum
1063 2340 1171 2403 aliatus
1190 2340 1344 2404 Basilides
1370 2342 1393 2415 l,
1413 2343 1516 2422 iuquit,
1536 2352 1568 2404 ct
1586 2341 1667 2425 apud
1684 2348 1725 2405 iu·

59 2438 103 2496 ιιι
121 2444 153 2497 et
172 2454 260 2495 mauu
279 2441 431 2507 sueuuus,
450 2440 482 2494 et
502 2432 698 2495 concionibus
710 2430 864 2514 periacun·
921 2430 1002 2494 leros
1021 2437 1150 2515 piscare,
1170 2438 1362 2516 assuctisque
1382 2432 1496 2495 delitiis
1516 2456 1653 2497 eneruem
1664 2439 1726 2499 ani·

58 2528 125 2599 dus,
145 2548 213 2591 eum
232 2523 313 2608 apud
333 2545 369 2586 se
388 2523 539 2601 delatum,
564 2534 596 2589 et
615 2547 652 2587 ea
677 2525 747 2605 luga
772 2533 864 2587 retra·
921 2544 1001 2587 mum
1029 2529 1116 2589 satis.
1162 2527 1196 2590 ln
1226 2549 1296 2589 arce
1323 2525 1545 2589 Alesaudrovia
1576 2549 1724 2611 nunquam

58 2631 148 2697 ιιιιιιι,
168 2617 358 2701 camilicique
372 2616 514 2681 traditum
532 2616 631 2681 avidis
651 2619 747 2680 oculis
761 2621 792 2681 in
806 2618 864 2679 sru-
917 2617 1051 2700 jucundo
1069 2620 1161 2683 rebus
1181 2618 1410 2697 diviniavacnit,
1429 2622 1487 2683 uisi
1506 2630 1725 2705 peractopran·

57 2722 106 2777 sta
126 2711 293 2775 dissectum
322 2722 461 2794 spectare
487 2715 647 2787 sustinuit,
675 2708 770 2792 pedes
795 2713 863 2791 ejus
921 2711 971 2773 dio
990 2713 1124 2793 quotidie
1144 2714 1279 2775 bomines
1298 2714 1403 2791 uiginti
1422 2722 1539 2793 septem
1566 2723 1598 2775 et
1623 2715 1726 2795 plures

58 2817 89 2870 et
108 2814 200 2887 caput
219 2816 251 2867 et
270 2823 376 2866 manus
397 2803 488 2865 linteo
507 2804 653 2866 velamine
673 2812 795 2884 opertos
808 2824 863 2884 pro
915 2805 1097 2885 jugulasset.
1139 2806 1196 2867 llic
1217 2827 1282 2866 cum
1303 2806 1442 2885 Principe
1463 2804 1586 2885 quidam
1612 2811 1726 2888 pracci-

58 2919 180 2960 munera
198 2898 295 2976 Regio
315 2896 399 2958 uxori
418 2899 509 2957 misit.
549 2895 617 2956 Nec
636 2894 783 2957 adversus
808 2896 864 2957 Pe·
921 2918 998 2979 puae
1018 2896 1174 2977 dignitatis
1193 2896 1386 2958 consiliarius
1405 2907 1484 2972 erat,
1514 2898 1564 2979 qui
1591 2898 1670 2961 doni
1694 2903 1721 2961 ιι.

58 3004 135 3054 trum
154 2988 325 3062 Bicovium,
354 2988 481 3070 equitem
507 2986 655 3049 l'olouum
680 2989 779 3050 mitior
799 2988 863 3061 luit,
922 2993 1058 3053 corariuio
1085 2988 1198 3051 sedens
1230 3008 1354 3071 puerum
1386 3009 1472 3051 suum
1504 2989 1717 3055 ouraaadaverat

57 3087 145 3165 eujus
165 3090 257 3164 caput
276 3081 445 3144 abscissum
466 3085 530 3143 suis
549 3080 687 3143 manibus
704 3086 782 3144 iuter
794 3102 864 3165 epu·
922 3104 1047 3165 eumque
1066 3081 1174 3144 idonea
1194 3080 1339 3145 redeundi
1359 3084 1389 3143 iu
1408 3083 1506 3145 aulam
1519 3092 1653 3165 tempora
1660 3088 1715 3166 jus

57 3178 104 3239 las
123 3196 178 3259 per
194 3194 341 3237 summam
360 3175 467 3251 animi,
493 3195 530 3235 ac
549 3172 707 3238 verborum
734 3174 863 3237 iusolen·
921 3184 1003 3239 serat
1022 3175 1193 3253 observare,
1219 3178 1383 3238 ministeria
1408 3178 1486 3239 euim
1514 3177 1647 3259 Principi
1676 3176 1716 3239 de

56 3273 129 3333 tiam
147 3265 319 3349 aliquandiu
337 3269 442 3342 tenuit,
462 3266 680 3348 clarissimique
699 3275 731 3329 et
746 3270 814 3344 viri,
833 3278 865 3329 at
920 3269 985 3331 bita
1010 3288 1195 3351 nequaquam
1220 3266 1388 3331 cunctando
1418 3269 1570 3349 negligere
1593 3270 1724 3335 volebat.

57 3361 211 3425 bellatoris
230 3362 378 3441 sanguine
403 3361 599 3422 contaminari
627 3380 750 3425 mensae
775 3380 865 3423 sacra
920 3360 1074 3425 Basilides
1094 3382 1218 3443 puerum
1238 3359 1278 3423 ad
1305 3365 1416 3423 ostium
1440 3365 1648 3444 conspicatus,
1673 3384 1727 3426 cur

58 3474 169 3538 passus
191 3461 249 3516 est.
289 3452 389 3531 Quam
407 3472 497 3534 porro
517 3451 678 3514 crudeliter
702 3473 739 3515 se
758 3456 788 3515 iu
809 3453 863 3516 nt·
920 3458 1044 3529 venerit,
1073 3463 1104 3516 ιι
1134 3475 1221 3536 quem
1255 3464 1418 3537 exspectet.
1449 3456 1621 3535 interrogat.
1672 3456 1728 3521 llle

57 3548 143 3609 berto
163 3547 246 3610 Bcso
259 3545 380 3633 'Silesio
399 3545 515 3623 gessiti
555 3566 642 3625 quem
668 3566 704 3606 ex
726 3544 863 3609 foedissi·
921 3569 988 3611 cum
1008 3547 1073 3611 beri
1092 3545 1263 3611 mandatum
1287 3551 1335 3609 sui
1360 3552 1546 3630 aperuisset,
1573 3552 1728 3613 mittuntur

58 3660 107 3702 mo
128 3660 249 3704 ιιιιιιι
270 3646 445 3714 extractum,
464 3658 524 3698 non
544 3640 627 3719 prius
647 3640 708 3699 vita
728 3640 863 3717 privavit,
921 3643 1002 3703 illico
1020 3639 1179 3716 satellites,
1198 3645 1248 3721 qui
1269 3641 1416 3702 bominem
1437 3644 1595 3703 cumomni
1616 3641 1726 3705 [anilia

58 3754 146 3815 quam
165 3731 270 3795 oculos
290 3730 420 3793 infelicis
439 3740 565 3802 erueret,
585 3737 616 3792 et
639 3730 774 3808 singulas
800 3750 863 3793 cor·
922 3738 951 3794 in
971 3733 1069 3795 aulam
1091 3731 1265 3813 perducant
1306 3732 1481 3794 'l'elatovius
1508 3735 1624 3811 ingenti
1649 3756 1725 3797 sem·

58 3830 140 3909 poris
161 3834 264 3907 partes
285 3822 494 3902 coulringeret.
535 3820 649 3885 Eodem
670 3830 803 3904 tempore
822 3827 864 3885 in·
922 3846 975 3908 per
999 3825 1107 3907 spiritu
1132 3822 1278 3886 adversae
1303 3822 1441 3885 fortunae
1467 3824 1584 3886 obviarn
1611 3830 1654 3888 ire
1679 3847 1726 3889 as-

58 3928 177 4000 geutem
198 3918 349 3979 bominum
370 3916 552 3997 captivorum
573 3912 865 3979 multitudiuemcru·
921 3927 1038 3991 suetus,
1057 3926 1196 3997 metuque
1213 3935 1327 3977 vacuus
1347 3914 1388 3976 ad
1397 3918 1568 3998 Principem
1582 3938 1649 3979 cum
1659 3922 1726 3981 suis

58 4010 213 4075 deliaaima
238 4006 406 4070 trucidavit.
448 4006 509 4069 Via
526 4011 605 4069 euim
622 4006 805 4071 l’olouorum
825 4009 866 4071 lc-
921 4014 1011 4073 serait.
1057 4008 1101 4071 lbi
1135 4007 1287 4071 Basilides
1317 4006 1358 4071 od
1385 4010 1613 4073 circumstautes
1643 4017 1726 4091 gravi

58 4106 120 4183 gati
139 4122 177 4163 es
196 4102 352 4165 Musconis
372 4100 524 4175 abierant,
547 4118 615 4163 cum
641 4100 749 4165 laxatis
776 4122 865 4165 nesa-
922 4103 1026 4165 habita
1045 4105 1179 4165 oratione
1199 4105 1331 4183 queratur
1339 4121 1425 4163 suam
1436 4102 1633 4178 clementiam
1653 4106 1724 4168 libe·

10 4176 13 4213 Ι
58 4215 122 4258 rum
140 4193 276 4269 vinculis,
306 4197 390 4275 paria
421 4194 544 4258 tranum
574 4203 606 4257 et
634 4198 865 4277 propinquorum
922 4196 1068 4259 ralitatem
1088 4202 1119 4256 at
1139 4194 1351 4257 humanitatem
1376 4194 1615 4260 acerbissimis
1607 4202 1726 4280 injuriis

10 4268 198 4371 'jungens
218 4288 345 4349 miseros
363 4287 442 4349 terro
462 4285 618 4351 decertare
637 4289 747 4367 coegit,
766 4309 865 4371 nque
922 4291 1121 4351 remunereris
1160 4297 1191 4349 et
1209 4285 1290 4368 quod
1309 4298 1393 4351 esset
1424 4287 1597 4365 inauditum,
1626 4296 1725 4375 parari

57 4391 128 4447 atate
149 4382 295 4459 sanguiue
314 4380 451 4461 expletus
471 4386 528 4453 est,
549 4400 638 4462 φιιιιι
656 4379 696 4443 ad
715 4400 806 4444 unum
822 4386 865 4445 vi·
922 4381 982 4445 sibi
1004 4379 1119 4443 neiario
1138 4384 1295 4463 proposito
1314 4402 1333 4443 a
1352 4382 1544 4445 unatoribus
1569 4389 1636 4447 suis
1655 4390 1726 4447 iusi·

10 4450 172 4539 ctorem
192 4492 297 4534 omnes
317 4470 495 4552 redegisset.
536 4472 571 4535 ld
592 4494 710 4555 quoque
735 4476 865 4559 inexple-
923 4474 1000 4551 dias,
1019 4474 1202 4555 scelestique
1222 4477 1290 4555 ejus
1310 4476 1427 4537 consilii
1445 4478 1563 4558 aliquos
1576 4498 1726 4539 essecom-

59 4567 131 4631 bilis
151 4565 281 4628 feritatis
302 4562 442 4627 iudicium
464 4575 529 4643 est,
554 4564 635 4648 quod
654 4569 785 4631 carceris
805 4589 866 4633 ma·
922 4572 1015 4645 scios,
1035 4567 1145 4649 quibus
1163 4570 1253 4629 vitam
1275 4576 1307 4629 et
1326 4572 1502 4649 sanguinem
1520 4588 1607 4629 sunm
1628 4569 1727 4631 baete·

57 4662 182 4741 gistros,
202 4661 252 4740 qui
272 4679 310 4719 ue
329 4666 376 4719 tot
395 4610 545 4741 supplicia
557 4658 660 4723 sidere
679 4671 867 4741 cogerentur,
922 4683 980 4723 uus
1000 4660 1170 4723 crediderit.
1192 4660 1377 4724 Tacentibus
1397 4681 1468 4741 prae
1486 4666 1728 4725 consternatione

58 4752 149 4832 lagae
168 4772 204 4815 se
228 4749 457 4825 mandaverant,
483 4760 630 4815 retractos
655 4756 798 4817 ιιιιιιιιιο
823 4754 866 4817 ibi
922 4758 996 4817 airis
1020 4751 1174 4817 basilides
1199 4751 1240 4814 ad
1259 4751 1446 4817 'l'elatorium
1471 4756 1599 4834 ejusque
1623 4757 1727 4817 socios

60 4848 216 4921 ιιιιιιιιιι,
246 4865 342 4907 ιιοιιιι
372 4845 492 4927 punitor
521 4843 753 4922 misericordiae,
785 4844 867 4931 apud
924 4866 1098 4911 conversus.
1125 4844 1200 4916 Vos,
1220 4848 1271 4917 ait,
1290 4847 1370 4907 vitae
1388 4864 1474 4907 meae
1493 4843 1622 4907 insidias
1639 4850 1727 4909 strai-

59 4956 149 5021 quem
161 4937 261 5021 iuiquc
281 4939 380 5001 animo
399 4937 501 5001 scelus
511 4938 628 5009 intueri,
643 4939 745 5001 soclus
764 4936 869 5003 admit-
924 4945 975 5013 ιιι,
997 4948 1029 5001 ιι
1047 4940 1124 5003 ιιιι
1144 4936 1184 5001 ad
1202 4934 1397 5019 stringendos
1416 4936 1534 5018 glaalioa
1555 4938 1657 5001 boram
1676 4938 1726 5003 da

57 5042 124 5097 tere
143 5029 208 5093 fuit.
230 5032 307 5095 Cum
325 5033 430 5113 paucis
450 5029 558 5095 daebus
567 5036 612 5093 tot
621 5029 808 5095 crudelitates
821 5050 870 5095 ea·
924 5034 1079 5112 signastis,
1098 5051 1186 5113 quam
1210 5052 1285 5113 puer
1308 5032 1366 5093 istc
1392 5040 1474 5095 certo
1501 5028 1612 5095 iudicia
1640 5032 1728 5097 vobis

56 5123 165 5189 ercitia
189 5122 382 5201 absolvisset,
409 5123 468 5187 uei
499 5124 773 5204 indulgentiorem
802 5144 870 5189 ιιι·
925 5123 1146 5205 significaturus
1166 5134 1241 5187 arat.
1281 5122 1344 5187 Sed
1367 5125 1504 5206 pertinax
1526 5122 1659 5189 lleorsaa
1685 5131 1730 5187 ia·

57 5215 197 5281 cessim
215 5224 310 5287 ratus,
322 5216 410 5281 tbara
429 5215 539 5281 deiude
559 5215 702 5294 adolevit,
720 5220 870 5303 genioque
928 5216 1081 5301 ιιιΙςειιιιι
1099 5236 1154 5300 pao
1175 5236 1242 5281 msa
1260 5218 1360 5283 salute
1377 5216 1530 5293 ascubsit,
1549 5220 1728 5301 qsietbasc
