3742 5626
108 228 164 287 111
649 219 888 287 assultuum
909 219 1235 287 lleDENSTEJNll

107 392 164 452 ima
183 392 255 453 turri
276 400 493 465 remanserant,
518 386 557 449 ab
583 387 722 449 hostibus
741 390 905 469 capiuntur.
966 384 1058 447 debat
1075 386 1262 460 Zanroscius‚
1283 390 1341 449 etsi
1362 394 1501 467 quantum
1522 384 1561 447 sd
1581 384 1772 448 tutuuauan

107 485 198 545 blittit
217 486 320 545 iterum
342 484 406 543 llcx
426 479 466 544 ad
492 500 560 553 cas,
590 500 666 563 quas
692 488 761 543 ante
786 483 907 541 miserat
965 476 1118 541 tutandam
1138 484 1277 541 momenti
1297 496 1357 541 tam
1378 486 1544 561 opportuna
1568 476 1659 553 urbs,
1680 498 1719 539 ac
1739 498 1774 541 ea

107 580 211 658 copias
236 576 465 645 Germanorum,
488 572 712 636 Berueurissaru
737 592 804 633 euru
824 576 906 653 quiu-
964 571 1133 646 fertilitate,
1166 576 1353 654 omniumque
1378 592 1474 633 rerum
1500 575 1587 654 copia
1614 569 1774 633 abundans

106 674 204 749 gentis
229 668 381 748 llungaris
406 666 571 749 peditibus,
598 676 629 728 et
654 666 818 747 majoribus
848 674 906 726 ter·
964 685 1038 745 ager
1056 665 1189 741 baberet,
1208 664 1465 739 animaduerteret,
1487 685 1546 747 quo
1561 666 1771 725 minuatamen

106 766 213 825 nectutis
238 762 365 842 aliquot:
405 758 579 821 Pelonicuru
604 760 724 821 militem
749 757 789 819 ad
807 766 907 821 castra
965 756 996 819 id
1016 758 1110 837 lieret,
1127 781 1187 820 nou
1207 778 1302 839 usque
1322 756 1400 819 adeo
1418 780 1455 820 sc
1478 778 1664 841 repugnare,
1693 755 1770 838 qued

105 854 283 916 Zamescius
303 872 419 913 enarrem
449 854 580 914 retinuit.
620 852 752 931 lluugari
780 870 848 912 cum
867 850 906 913 ab
964 872 1024 913 non
1044 870 1081 913 ea
1099 853 1243 932 religione
1262 854 1330 932 ejus
1349 850 1505 926 retinendi,
1531 854 1620 931 eujus
1640 850 1725 911 nulla
1743 854 1769 910 in

105 944 209 1009 eadem
229 954 323 1029 parte,
344 967 362 1006 a
381 966 440 1029 qua
460 946 601 1007 Germani
621 944 845 1027 oppugnabant,
865 946 907 1003 in·
964 946 1094 1008 comitiis
1113 950 1223 1007 mentio
1244 946 1323 1007 lacta
1344 954 1444 1015 esset,
1470 964 1528 1027 qua
1547 942 1770 1025 recuperandae

104 1040 204 1101 teriori
224 1048 323 1101 tamen
343 1038 412 1100 loco
437 1038 551 1101 lacrum
576 1058 682 1100 uersus
710 1058 811 1100 muros
838 1056 907 1119 qua·
965 1040 1109 1101 Liuoniac
1134 1038 1297 1099 obstrictus
1318 1036 1485 1098 (inclinibus
1505 1046 1603 1099 esset:
1646 1036 1769 1097 moleste

103 1142 167 1195 tere
195 1136 379 1217 coepissent,
399 1132 522 1215 jamque
541 1131 668 1213 aliquam
694 1136 768 1193 nturi
793 1138 907 1212 quadem
935 1180 939 1201 ,
964 1140 1063 1193 tamen
1085 1153 1121 1194 se
1141 1131 1233 1203 serre,
1257 1140 1328 1193 aute
1348 1140 1466 1212 tempure
1493 1131 1568 1192 baec
1594 1128 1680 1191 nullo
1708 1150 1768 1189 cnm

104 1225 278 1301 diruissent,
298 1224 431 1287 Thomas
450 1223 615 1287 Solaudius
636 1244 724 1285 mareu
743 1224 841 1305 aliqua
859 1242 905 1283 ca·
935 1215 938 1228 '
965 1225 1071 1301 fructu,
1090 1224 1230 1286 rrnrrnullo
1251 1232 1366 1299 aretem,
1386 1246 1424 1286 ne
1444 1223 1482 1285 ad
1509 1225 1615 1285 bostes
1634 1222 1770 1284 ellerren·

104 1320 204 1381 lenum
225 1330 255 1380 et
275 1318 458 1381 Cosacorum
469 1317 649 1379 Pelonorunr
669 1318 749 1379 lacta
770 1334 905 1379 auersam
964 1328 1022 1395 tur,
1041 1318 1174 1401 periculo
1190 1318 1310 1399 jactari.
1352 1319 1456 1398 ltaque
1482 1316 1548 1377 lles
1575 1318 1717 1399 privatim
1741 1336 1771 1375 re

103 1436 122 1475 a
146 1412 361 1475 Germanorum
393 1418 425 1473 ct
454 1410 661 1489 llrrrrgarorum
693 1408 905 1471 intransitionibus
964 1432 1030 1473 cum
1049 1410 1208 1473 Zanrescio
1233 1412 1463 1480 comnnuricata,
1490 1412 1635 1491 pacisque
1664 1412 1771 1469 consti·

103 1508 215 1581 turrim,
248 1516 280 1565 ut
305 1505 421 1565 bostem
453 1502 626 1577 destitueret,
653 1504 746 1565 scalis
776 1500 905 1563 adoretis
932 1460 937 1579 l
963 1504 1093 1567 tuendae
1117 1503 1241 1565 arbitrio
1266 1506 1293 1563 ei
1321 1504 1477 1583 peruenisse,
1508 1522 1598 1584 quum
1628 1498 1705 1583 quid
1734 1500 1771 1561 ab

102 1597 250 1661 scarrdere
270 1600 384 1679 eoepit;
404 1600 444 1657 iis
457 1598 523 1677 Jam
542 1596 671 1677 repulsis
682 1616 748 1657 cunt
762 1596 904 1658 Gerrnani
932 1596 936 1681 ξ
963 1618 1001 1661 eo
1019 1596 1081 1659 lieri
1101 1598 1206 1671 vellet,
1231 1594 1301 1677 quid
1330 1616 1396 1655 cerm
1422 1598 1452 1655 iu
1472 1594 1610 1675 Regnum
1627 1602 1772 1657 restanus

102 1695 274 1773 petruinus
300 1692 388 1767 muri,
413 1692 519 1751 iterum
539 1692 701 1771 irrumpere
726 1696 905 1761 tentassent,
932 1694 936 1765 t
964 1698 1057 1767 esset,
1076 1694 1364 1773 ipscprncuruturus
1376 1696 1467 1761 esset,
1487 1686 1687 1761 intendisset,
1700 1689 1771 1769 opti·

101 1788 179 1847 omni
199 1784 329 1847 bostium
348 1778 534 1844 multitudine
561 1784 592 1842 in
612 1802 666 1843 ees
686 1799 842 1853 corrueras,
860 1800 905 1841 re·
932 1798 936 1866 ;
964 1804 1030 1846 mae
1039 1786 1106 1865 spei
1116 1790 1147 1845 et
1156 1780 1283 1845 fiduciae
1293 1782 1401 1863 plenus
1413 1778 1573 1857 discessit3
1587 1780 1696 1861 reliqui
1710 1780 1770 1841 lere

98 1880 251 1960 jieiuntnr.
269 1874 386 1939 Eodem
405 1894 552 1937 successu
571 1894 638 1937 cum
654 1872 752 1936 denec
763 1874 905 1935 Germani
932 1870 936 1979 j
963 1896 1067 1939 emeres
1088 1898 1125 1938 ex
1144 1870 1314 1958 praeteritis
1333 1872 1502 1935 obsidionis
1512 1872 1724 1946 incommodis,
1735 1894 1770 1935 ac

100 1992 136 2033 se
154 1975 357 2053 recepissent,
384 1976 572 2040 descensui,
598 1966 638 2029 ab
659 1967 813 2046 flungffl'l!
833 1986 904 2047 quu-
932 1983 936 2034 ἑ
963 1972 1142 2031 imminentis
1175 1970 1281 2031 biennis
1311 1966 1536 2029 difficultatibus
1566 1964 1607 2029 de
1637 1966 1769 2047 reliquae

100 2086 159 2147 que
179 2066 303 2147 irruptio
321 2070 434 2125 tentata
455 2062 525 2123 luit:
564 2060 704 2123 hostibus
729 2080 792 2121 reru
819 2063 903 2120 mira·
931 2073 935 2126 i
963 2060 1131 2124 obsidionis
1151 2071 1258 2147 eventu
1269 2060 1452 2141 judicantes,
1465 2060 1613 2143 simulque
1625 2062 1769 2121 imminuti

100 2158 177 2235 culo,
197 2160 309 2219 nostris
328 2153 581 2217 incantationibus
600 2163 630 2215 et
651 2156 776 2233 magicis
789 2152 904 2213 artibus
962 2176 1000 2215 ac
1019 2156 1110 2217 attriti
1129 2156 1277 2217 exercitus
1303 2153 1487 2235 opprimendi
1513 2162 1635 2237 tempus
1662 2152 1768 2213 trullum

100 2250 315 2321 tribuentibns3
334 2268 436 2309 verum
456 2244 649 2309 animaduerti
670 2246 902 2327 bie-putuit,nen
931 2255 935 2313 1
963 2248 1080 2309 bostem
1099 2251 1377 2331 praetermissumm
1397 2250 1578 2325 cogitantes,
1598 2268 1660 2307 non
1679 2265 1769 2307 secus

101 2346 199 2403 ruimus
218 2362 311 2423 saepe
330 2344 359 2400 in
382 2340 545 2401 leuioribus
575 2338 789 2399 munitionibus
811 2338 903 2417 negli·
931 2404 934 2414 ,
962 2362 999 2403 ac
1018 2344 1229 2416 siextrcmurn,
1248 2360 1325 2423 qnos
1339 2340 1548 2421 relinquerent,
1567 2342 1663 2401 uisuri
1677 2348 1768 2407 esset,

100 2438 210 2513 gentia,
229 2452 317 2515 quam
340 2434 370 2493 iu
389 2431 568 2494 lirnrissinris
588 2430 763 2493 dillieultatc
784 2430 902 2505 obeundi,
962 2434 1124 2517 perieulum
1145 2454 1246 2495 conum
1267 2432 1494 2510 numerabantur,
1512 2440 1613 2495 utnon
1625 2430 1770 2495 deessent

100 2524 180 2609 quod
203 2528 231 2587 iu
254 2526 301 2587 bis
321 2522 493 2603 ntagrritudo
513 2526 650 2603 periculi,
676 2544 712 2585 ac
738 2544 774 2585 ex
795 2544 832 2585 eo
854 2544 903 2585 na·
930 2533 934 2590 ζ
961 2528 1155 2608 exprimendis
1167 2526 1377 2601 seruatoribus,
1398 2528 1447 2607 qui
1461 2524 1769 2607 liegiBaltbasaren,

99 2630 151 2681 tus
170 2628 267 2679 metus
287 2620 424 2679 virtutem
453 2616 579 2677 militurn
605 2616 779 2698 pleuunque
806 2620 902 2678 acuit:
930 2628 933 2639 ·
962 2618 1104 2683 Andreae
1124 2620 1224 2681 fratris
1244 2622 1292 2680 sui
1312 2618 1403 2681 lilium
1422 2638 1487 2681 enm
1505 2618 1648 2695 lltmgaro
1670 2618 1770 2677 milite

99 2716 129 2773 iu
151 2712 210 2773 illis
230 2712 378 2789 exiguitas
398 2713 441 2771 rei
461 2711 680 2769 contentionem
694 2714 783 2772 atrinri
803 2730 840 2772 ac
853 2730 902 2771 cu·
930 2691 933 2791 Ι
960 2714 991 2773 iu
1011 2716 1120 2775 castris
1138 2712 1326 2793 relinquenti,
1346 2732 1385 2773 ue
1399 2710 1555 2785 idlaeeret,
1574 2706 1768 2791 persuadere

98 2826 175 2877 mm,
194 2804 402 2886 utplurimum
431 2806 564 2863 remittit.
603 2802 674 2863 Neu
707 2801 902 2865 dubitandum
929 2802 933 2852 1
962 2813 1149 2869 conarentur.
1193 2804 1268 2865 Crem
1300 2806 1388 2885 Rege
1415 2806 1570 2865 salvemus
1598 2802 1769 2863 semitatus

97 2902 175 2961 enim
196 2898 286 2979 aliqui
307 2894 526 2969 existimabant,
544 2896 571 2955 si
592 2898 762 2977 conjunctis
780 2895 901 2969 uiribus,
929 2950 932 2971 ,
960 2900 1076 2962 aulicus
1096 2918 1133 2963 ae
1151 2898 1308 2961 voluntarii
1327 2898 1390 2961 lere
1410 2914 1512 2959 omnes
1532 2890 1769 2977 proficisceban.

98 3012 135 3053 ac
154 3008 214 3051 uno
234 2999 368 3071 ternpore
398 2987 560 3049 incarbiunn
595 2988 624 3048 iu
650 2991 900 3073 oppugnationem
929 2990 932 3026 ³
960 3002 1024 3067 tur3
1049 2996 1154 3054 itinere
1174 2995 1264 3071 igitur
1283 3012 1337 3073 per
1361 2990 1522 3053 Ostrevere
1548 2996 1580 3051 et
1599 2984 1767 3049 Cramobo·

97 3084 215 3159 suisset,
234 3102 294 3143 non
313 3078 390 3141 adeo
411 3100 518 3161 magro
538 3084 657 3158 negotio
677 3086 839 3163 expugnari
851 3100 901 3163 po·
929 3060 932 3180 1
960 3082 1063 3147 rodam
1083 3094 1182 3167 eapte,
1203 3084 1275 3147 inde
1298 3082 1483 3145 lardseuium
1507 3090 1539 3145 et
1555 3080 1764 3143 llosittenium.

96 3180 204 3239 tuisse.
244 3174 362 3237 iuterim
387 3173 456 3235 dum
481 3174 593 3252 singuli
620 3194 675 3257 per
698 3194 749 3251 se,
778 3178 900 3255 primurm
929 3201 933 3243 ι
960 3198 1038 3261 quaa
1066 3178 1226 3239 hostilibus
1261 3174 1421 3259 praesidiis
1451 3174 1553 3237 adbuc
1579 3172 1762 3245 tenebuntur,

97 3269 248 3340 Gernruni,
268 3266 338 3327 indo
357 3266 490 3347 llungari
510 3270 744 3337 successissent,
770 3276 801 3329 et
821 3266 900 3329 lrosti
959 3275 1026 3333 sirie
1051 3270 1264 3353 impedimento
1291 3276 1537 3353 praetergressus
1560 3266 1631 3339 lulla
1659 3282 1765 3345 seque·

97 3366 125 3421 in
146 3380 234 3420 ιιιιιιιιι
254 3358 352 3419 lecum
372 3362 452 3419 uires
479 3377 584 3419 omncs
609 3376 683 3419 saras
708 3356 899 3420 corraerteudi
928 3368 932 3379 '
959 3362 1067 3425 bantur
1088 3364 1202 3450 reliqua
1228 3368 1345 3443 agmina
1376 3363 1603 3445 properantius,
1630 3356 1766 3419 omnibus

97 3452 266 3513 [1111111111
291 3448 406 3527 (lulum,
432 3458 463 3511 11
488 3458 655 3511 1111111οΝ11
683 3452 822 3532 impetum
850 3454 901 3513 im·
928 3446 932 3505 1
959 3454 998 3519 ad
1019 3456 1257 3519 Dunamllumen
1271 3465 1460 3539 praeuertere
1473 3452 1690 3517 annitentibus.
1711 3452 1764 3511 lta·

96 3548 249 3606 minutus.
271 3542 499 3625 Recipientibus
519 3564 556 3605 se
574 3545 686 3605 nostris
715 3544 802 3605 Senti
828 3545 900 3605 rnili-
928 3596 931 3601 .
960 3568 1018 3631 qne
1037 3552 1095 3611 etsi
1117 3548 1255 3611 subsidia
1276 3558 1379 3611 contra
1400 3549 1574 3631 eruptiones
1596 3542 1766 3609 alladirilo

97 3632 434 3717 tes,quibaudu1ulto
455 3646 525 3697 autc
549 3634 589 3697 ud
615 3636 729 3717 Regem
749 3648 900 3712 uenerant,
928 3652 931 3666 ¹

96 3730 272 3811 opportunis
290 3729 367 3789 locis
386 3728 525 3791 subsidio
543 3730 692 3807 collocati,
711 3734 738 3791 si
750 3734 798 3811 qui
809 3752 827 3792 e
840 3750 899 3791 mu·
927 3755 930 3806 3

95 3822 228 3884 metetis
248 3832 300 3883 ant
319 3823 486 3903 seloppetis
505 3831 628 3884 nostros
654 3822 812 3905 petebant,
838 3844 901 3887 cer·

96 3916 223 3977 tissimis
243 3914 353 3977 ictibus
373 3914 581 3977 cerrbciebant.
621 3918 789 3997 Arrtequam
803 3916 900 3979 disce·
926 3934 929 3951 ¹

97 4006 183 4069 deret
203 4008 278 4081 lies,
297 4008 441 4087 Legatos,
467 4012 515 4089 qui
536 4007 575 4069 de
593 4030 669 4090 pace
695 4028 762 4069 cum
783 4010 899 4073 lllescis
926 4002 929 4013 '

98 4108 222 4179 agerent
249 4098 406 4161 dartusium
426 4100 620 4161 Zbarascium
632 4102 798 4163 l'alatiuum
810 4102 888 4165 Bras

99 4192 260 4251 laniensem
279 4192 318 4251 ab
339 4192 446 4269 lleguo
466 4192 620 4271 Poloniae,
642 4194 798 4256 eilbertum
810 4196 899 4257 liadi-
926 4264 929 4281 Ι

98 4282 230 4353 divilum,
248 4284 357 4343 l'elatii
377 4284 545 4347 Litlruauici
566 4288 784 4349 lllarscbnlcum
806 4290 900 4351 abla-
926 4336 929 4343 .

98 4398 158 4457 gne
177 4376 354 4439 laitbuaniae
374 4376 493 4438 Ducatu
513 4378 660 4457 designat.
701 4380 757 4441 llis
769 4381 900 4443 blicbae·

98 4471 155 4531 lem
175 4466 381 4533 llaraburdam
400 4468 547 4530 bominem
568 4472 761 4551 ingeniosum,
789 4484 818 4535 et
839 4476 900 4535 lllo·

96 4566 308 4627 scoviticarum
331 4582 428 4623 rerum
454 4584 519 4623 cum
539 4568 642 4645 priutis
666 4570 800 4647 peritum,
821 4588 902 4628 merc
927 4561 930 4567 ¹

97 4660 252 4739 majorum.
273 4653 403 4717 scribam
423 4653 572 4736 adjungit.
612 4660 685 4719 t'nn
705 4656 744 4719 de
757 4658 901 4720 coralitie·
926 4690 930 4733 ς

97 4748 196 4824 nibus,
216 4752 246 4809 iu
267 4768 343 4829 quas
363 4768 467 4831 pacem
488 4748 549 4809 beri
575 4752 722 4831 placeret,
748 4762 899 4829 ageretur:
927 4747 930 4756 ’

98 4842 245 4917 urgebant
264 4862 404 4923 proceres
426 4841 611 4916 Litbuauici,
637 4854 670 4904 ut
689 4844 792 4923 blagui
814 4846 898 4919 Luci,

98 4934 148 5011 qui
169 4936 299 5013 proximo
320 4954 398 4995 anuto
418 4939 496 5015 eapti
517 4934 556 4995 ab
572 4936 660 4997 lunate
673 4948 766 5014 eraut,
787 4960 844 5020 quo
858 4940 899 5001 la·

98 5020 186 5083 cilius
204 5044 260 5103 pax
272 5030 451 5087 conveniret.
471 5028 550 5090 besti
561 5028 762 5091 redderentur.
789 5032 899 5095 (laten-

959 3640 1109 3724 dispesita
1129 3642 1266 3715 iniissent,
1287 3644 1325 3703 iis
1346 3652 1445 3703 mnan
1467 3638 1691 3714 dilabentibus,
1718 3637 1765 3698 ali

958 3743 1032 3817 quet
1051 3744 1217 3797 uestrorum
1237 3740 1313 3797 carri
1326 3735 1441 3816 abrepti
1452 3754 1470 3794 a
1482 3730 1697 3817 praesidiariis
1706 3730 1766 3793 lde·

957 3832 1021 3890 scis
1041 3828 1167 3889 ltrenmt.
1209 3828 1402 3891 'l'ransmisse
1419 3824 1489 3888 inde
1515 3826 1554 3887 ob
1581 3826 1766 3905 irrugierunt

957 3924 1088 4003 inopiam
1109 3939 1168 3981 uon
1192 3924 1260 3981 siue
1284 3920 1459 3983 dillicultatc
1481 3918 1521 3981 ad
1546 3916 1766 3999 Duuebrugun

958 4014 1049 4075 Duras
1069 4012 1189 4075 demine
1216 4012 1335 4075 Vilusm
1367 4014 1434 4076 llex
1453 4016 1545 4075 verrit.
1596 4012 1633 4075 Ιιι
1661 4010 1766 4073 castris

957 4107 1119 4167 Pelonicus
1140 4106 1227 4167 miles
1247 4104 1462 4189 stipendiarius
1490 4108 1593 4167 onmis
1619 4126 1691 4167 eun
1716 4102 1764 4167 z·-

959 4202 1072 4259 moscie
1091 4202 1249 4261 retuansit:
1267 4208 1328 4262 tarn
1349 4204 1386 4275 is,
1406 4200 1455 4281 qui
1475 4198 1514 4261 ab
1534 4202 1626 4261 initio
1647 4218 1714 4261 eu·
1730 4216 1763 4257 ee

959 4290 998 4353 ad
1019 4292 1206 4353 Plescoviarn
1226 4302 1413 4365 aceesscmt,
1439 4312 1526 4373 quam
1548 4312 1643 4373 quem
1663 4312 1681 4355 a
1698 4290 1762 4351 b'ta-

957 4385 1078 4446 riciensi
1098 4388 1273 4446 excursione
1292 4406 1357 4446 cum
1378 4384 1517 4447 lladirilo
1545 4404 1701 4447 reversum
1723 4402 1765 4443 re·

960 4486 1088 4559 ceperat.
1129 4478 1270 4540 Litbuaui
1291 4500 1357 4540 cum
1377 4478 1507 4540 lllartine
1521 4478 1634 4541 Curtio
1656 4478 1765 4557 Legata

959 4575 1103 4645 sexcenti,
1123 4574 1172 4650 qni
1192 4570 1231 4631 ab
1252 4570 1356 4633 eadem
1376 4574 1557 4633 escensione
1569 4576 1599 4633 in
1611 4580 1766 4633 cubare

959 4672 1080 4735 nerant,
1106 4672 1133 4723 et
1162 4683 1221 4741 quo
1248 4664 1286 4725 ab
1307 4668 1374 4745 ejus
1394 4664 1596 4727 incommodis
1614 4684 1651 4727 se
1670 4662 1767 4727 refice

959 4760 1032 4827 rent,
1053 4764 1084 4815 ut
1107 4758 1135 4815 in
1156 4758 1263 4818 vicinis
1283 4762 1371 4839 pagis
1389 4756 1557 4821 Peeeeuam
1585 4776 1695 4821 uersrrs
1710 4756 1767 4819 col·

957 4848 1133 4921 locarentur,
1154 4868 1172 4909 a
1192 4848 1365 4911 ductoribus
1385 4854 1632 4935 impetrauerant.
1675 4852 1767 4915 Eae

957 4941 1094 5002 luntariis
1121 4942 1226 5003 Poloni
1247 4944 1353 5027 aliqui,
1386 4966 1445 5007 non
1479 4946 1564 5007 mariti
1595 4956 1704 5011 tamen
1729 4966 1767 5007 re

956 5044 1137 5095 martseruut.

797 5242 1053 5287 ⁴439-
