3742 5626
665 220 721 284 DE
743 218 883 285 nouus
896 218 1213 283 moscovlrlt'rs.

82 404 202 475 ,atque
233 388 273 452 ad
300 392 422 471 jussam
447 384 603 448 Pontificio
629 383 752 447 Maximi
779 384 914 445 Concilia

82 478 85 493 '
107 486 159 549 rel
178 484 337 565 cogebant,
357 480 406 541 rel
418 488 525 541 coacta
545 478 689 561 petebant
708 486 743 538 ut
761 476 912 539 conlirma·

82 558 222 641 'rentum
268 578 309 639 Et
334 594 353 635 a
378 572 525 635 Pontilicc
550 571 683 633 Maximo
704 570 913 651 Arcbiepisco·

82 654 167 753 tpus
187 668 422 731 Thessalonicae
442 667 536 746 (qnae
555 664 703 727 Graeciae
721 666 830 725 civitas
850 662 915 739 eet)

105 762 277 843 delegatam
297 768 458 843 acceperat
483 765 680 840 potestatem,
708 777 766 838 qua
791 774 913 830 causas,

106 864 141 919 et
159 854 295 928 dissidia,
314 857 341 915 si
361 874 420 936 qrra
434 859 647 914 enascerentur
665 854 695 911 in
707 850 842 923 Oriente,
863 846 912 908 dc·

106 947 240 1011 cideretz
258 968 295 1008 ac
315 949 365 1029 qui
387 948 608 1008 nominarentur
625 946 655 1004 in
669 943 816 1007 Ecclesiis
825 942 912 1023 Epis·

106 1043 188 1125 copi,
208 1061 262 1103 eos
288 1042 467 1102 auctoritate
486 1036 643 1099 Pontiticis
661 1037 784 1099 Maximi
809 1035 912 1096 contir-

105 1144 213 1207 rssret,
232 1136 259 1195 si
280 1130 471 1193 confirmandi
493 1128 674 1192 viderentur.
721 1128 813 1208 Quod
839 1148 911 1189 vero

106 1230 159 1291 isti
186 1224 422 1289 Thessalonicae
449 1223 684 1306 archiepiscopo
711 1244 747 1285 ca
774 1230 911 1305 potestas

104 1342 125 1383 a
146 1340 263 1383 summo
275 1316 422 1381 Pontificc
433 1316 522 1377 luerit
540 1314 689 1395 delegata,
701 1314 912 1388 Leo‘l'rimus,

99 1416 157 1477 -cui
177 1416 220 1475 tui
241 1412 372 1475 llntbeni
391 1409 479 1471 fidem
500 1409 621 1485 habent,
647 1430 684 1471 ac
704 1410 754 1489 qni
776 1416 821 1469 tot
841 1416 911 1469 arete

105 1506 230 1569 saecrda
241 1505 306 1579 luit,
319 1512 449 1567 testatur
459 1504 494 1579 ¹).
508 1506 553 1567 m
571 1522 643 1563 vero
661 1522 728 1563 cum
742 1501 912 1563 Constanti·

105 1598 324 1677 nusblegnus,
348 1596 466 1678 lmperii
490 1597 537 1658 sui
558 1592 641 1656 Sede
660 1594 808 1675 Byzantio
834 1591 912 1654 dclc·

105 1702 168 1767 ets,
188 1692 284 1754 Roma
304 1690 417 1751 Christi
439 1689 569 1750 Vicariis
588 1687 699 1749 Divino
719 1687 841 1750 alllatns
859 1708 911 1747 nu·

105 1789 185 1849 mirre
205 1786 362 1858 cessisset,
381 1784 502 1858 Graeci,
521 1784 572 1862 qui
592 1789 676 1843 taarto
702 1783 797 1861 magis
817 1803 854 1844 ea
878 1803 911 1843 re

105 1880 190 1943 Petri
204 1875 317 1940 sedem
329 1878 496 1958 srrspicere,
517 1895 554 1936 ac
575 1876 710 1935 venerari
725 1872 911 1951 debuissent,

82 1952 153 2037 lsie
172 1973 281 2034 terreni
303 1970 496 2051 lmperatoris
516 1970 687 2049 praesentia
712 1966 806 2029 inflati
831 1978 912 2043 sunt,

103 2074 140 2129 ut
163 2065 203 2127 ab
231 2085 284 2138 eo,
309 2064 426 2145 potius,
452 2080 540 2141 quam
566 2059 606 2120 ab
631 2062 770 2121 instituto
791 2060 913 2159 consu,

103 2178 165 2241 qno
178 2154 278 2219 sedes
291 2155 374 2218 Petri
395 2152 533 2215 omnibus
553 2153 688 2235 praelata
707 2151 815 2229 luerat,
835 2154 912 2215 Con.

83 2248 393 2339 ‚snuunopounme
424 2244 582 2309 Ecclesiae
616 2244 791 2325 dignitatem
822 2248 911 2308 aesti-

82 2344 187 2407 'aaarc
199 2342 356 2403 vetuerint.
389 2342 494 2421 ltaque
512 2359 591 2401 anno
603 2338 725 2401 Domini
746 2359 839 2420 super
853 2348 910 2401 tra·

82 2464 89 2521 p
103 2438 300 2501 centesimum
312 2426 496 2512 octogesimo
512 2432 616 2513 primo,
637 2433 822 2513 Episcopum
833 2433 909 2495 Con·

102 2526 415 2609 stantinopolitannm,
437 2526 488 2605 qui
501 2522 827 2587 arrteancl’atriarcha
847 2529 908 2609 qni·

82 2620 174 2685 *dom
192 2621 306 2695 luerat,
332 2617 429 2679 tribus
451 2616 587 2679 Orientis
606 2616 791 2681 Patriarchis
826 2628 907 2681 ante·

105 2736 228 2801 ponere,
249 2722 281 2774 et
308 2708 475 2773 secundum
500 2730 518 2772 a
539 2710 675 2772 Romano
700 2710 846 2773 Pontibce
866 2712 907 2774 [a-

1717 232 1774 295 ³17

972 382 1030 443 bus
1051 402 1152 464 parem
1173 402 1244 443 esse
1263 382 1373 443 Graeci
1393 380 1544 463 dixerunt,
1569 389 1628 453 aed
1653 401 1773 459 ementi·

971 476 1012 536 tis
1031 476 1187 537 calumniis
1205 494 1259 535 eos
1272 474 1462 540 anathemate
1481 480 1578 559 ferire,
1598 505 1635 548 ac
1648 488 1774 553 batirros

971 590 1007 629 ex
1027 568 1184 641 Ecclesiis,
1211 586 1288 649 quas
1308 567 1445 646 Byzantii
1465 572 1632 655 habebant,
1662 584 1773 663 ejicere

971 670 1043 723 sunt
1063 664 1142 723 ausi.

1047 753 1168 831 Quibus
1187 773 1224 814 ex
1244 752 1335 815 rebus
1353 753 1439 817 facile
1459 759 1609 839 intelligis,
1628 764 1774 849 Graecos,

971 868 1038 908 cum
1058 848 1118 908 ista
1131 847 1277 927 Gregorio
1290 846 1391 909 Primo
1410 848 1558 914 Pontilice
1575 855 1708 921 mammo
1726 864 1775 939 (et

971 938 1090 1020 quidem
1106 942 1170 1000 viro
1183 942 1394 1019 sanctissimo)
1406 948 1566 1023 santensi,
1586 968 1644 1010 non
1654 950 1693 1012 oh
1706 973 1774 1035 pec·

971 1041 1039 1094 cata
1059 1032 1253 1107 Pontificum,
1281 1055 1358 1115 quae
1384 1034 1531 1099 fallaciter
1554 1060 1573 1101 a
1593 1042 1774 1122 quibasdam

971 1126 1099 1189 Graecis
1126 1136 1356 1208 praetexuntur,
1381 1127 1438 1190 sed
1464 1134 1534 1211 qnia
1560 1150 1775 1203 excaecaverat

971 1240 1025 1281 eos
1046 1228 1153 1294 tumor,
1172 1228 1263 1301 atque
1283 1219 1480 1299 mendacium,
1498 1222 1631 1289 ordinem
1652 1251 1670 1291 a
1691 1230 1773 1295 Chri·

970 1321 1021 1374 sto
1052 1314 1262 1387 constitutum,
1298 1313 1431 1377 voluisse
1460 1318 1649 1397 perturbare,
1683 1334 1774 1407 atque

971 1424 1170 1486 perrumpere.
1212 1404 1277 1465 Sed
1297 1406 1409 1487 (gratia
1428 1407 1508 1485 Deo)
1529 1413 1588 1493 ipsi
1608 1418 1774 1495 perturbati

970 1506 1052 1571 erran,
1071 1506 1163 1577 atque
1182 1502 1331 1580 perruptis
1358 1502 1417 1581 ipsi
1443 1506 1589 1586 mancipia
1610 1506 1774 1575 Turcarnm

970 1590 1081 1652 ellecti:
1108 1592 1145 1653 iis
1177 1592 1253 1665 libri,
1285 1600 1316 1653 et
1346 1594 1412 1673 ipsa
1445 1594 1626 1661 Sanctorrun
1650 1602 1775 1671 Petrum

969 1704 1094 1765 corpora
1113 1683 1263 1767 adempta,
1284 1693 1316 1745 et
1334 1684 1475 1748 adunam
1496 1710 1596 1753 veram
1606 1694 1773 1765 Ecclesiam

970 1777 1154 1840 Catholicam
1187 1777 1351 1838 Romanam
1383 1780 1544 1844 translata:
1577 1788 1614 1847 iis
1646 1786 1775 1873 denique

969 1872 1015 1931 sic
1034 1870 1153 1932 sublata
1172 1873 1336 1932 auctoritas
1347 1880 1410 1947 est,
1429 1882 1462 1934 ut
1480 1896 1517 1936 ne
1542 1897 1630 1941 unam
1655 1883 1774 1963 pridem

970 1983 1098 2044 rrrrqnam
1117 1962 1272 2043 Syriodrrm
1291 1984 1400 2043 cogere
1409 1970 1569 2045 potuerint,
1588 1992 1655 2035 cum
1674 1982 1774 2041 manera

971 2067 1043 2139 post
1060 2058 1218 2138 septimam
1231 2054 1387 2135 Synodum
1408 2058 1580 2142 plusquam
1600 2062 1704 2129 decem
1714 2070 1773 2133 Ge·

970 2149 1082 2211 neralia
1112 2148 1246 2211 Corrcilia
1284 2153 1418 2229 coegerit
1452 2151 1554 2216 Sedes
1584 2160 1773 2240 apostoliea.

970 2244 1040 2321 Quo
1066 2244 1209 2323 temporis
1238 2245 1339 2324 spatio
1369 2252 1476 2325 quater
1505 2256 1537 2309 ct
1565 2245 1667 2315 decies
1699 2276 1774 2319 suos

969 2338 1093 2415 agnovit
1121 2356 1239 2397 errores
1265 2336 1405 2399 Graecia.
1445 2335 1511 2400 Sed
1536 2340 1585 2413 (ut
1609 2344 1646 2407 S.
1678 2348 1774 2430 iniquit

968 2428 1105 2491 lacobus
1116 2428 1302 2511 Apostolus)
1312 2428 1507 2494 considerans
1516 2454 1552 2496 se
1563 2436 1592 2495 in
1605 2440 1731 2519 speculo
1741 2440 1773 2517 b,

967 2544 1004 2585 ac
1023 2521 1155 2597 maculas
1175 2542 1247 2584 arms
1264 2521 1379 2597 ridens,
1400 2524 1494 2587 abivit
1505 2535 1674 2604 retrorsum,
1693 2532 1774 2597 etad

966 2618 1107 2677 vomitum
1136 2612 1236 2677 rediit.
1277 2615 1415 2679 'l'andem
1435 2639 1502 2679 cum
1522 2626 1650 2684 securim
1670 2622 1710 2686 ad
1727 2646 1772 2689 rs·

966 2707 1063 2770 dicem
1079 2707 1166 2768 Deus
1180 2710 1284 2789 justus
1299 2706 1394 2789 judex
1414 2731 1574 2793 apponere,
1584 2718 1774 2801 sterilemque

103 2828 175 2871 cere
194 2805 326 2879 voluere,
346 2806 427 2866 sicut
452 2824 489 2865 ex
509 2802 635 2865 Concilii
655 2802 907 2887 Constantinopo-
964 2800 1045 2862 illam
1065 2798 1151 2861 ticum
1170 2800 1261 2861 vellet
1279 2800 1463 2876 exscindere,
1484 2804 1640 2885 Synodum
1653 2810 1774 2874 Floren-

104 2902 190 2965 lllani
215 2898 318 2981 primi,
354 2916 469 2957 canone
488 2898 591 2977 quinto
612 2903 698 2977 patet
709 2896 745 2973 ¹).
788 2895 908 2961 Deinde

104 3014 145 3057 ne
168 2992 227 3053 hoc
248 2986 367 3071 quidem
400 2990 552 3064 contenti,
593 3008 672 3050 aiano
691 2989 748 3049 abl
781 2988 908 3053 eundem

103 3080 469 3161 constantinopolitanum
482 3078 665 3163 Episcopum
678 3081 814 3143 Romano
830 3082 908 3145 Pon·

103 3176 176 3241 tlllci
198 3194 300 3259 parem
321 3172 439 3235 elficere
460 3176 559 3234 conati
579 3182 662 3247 sunt,
682 3184 716 3235 ut
736 3198 771 3237 ex
792 3174 907 3257 Synodi

103 3266 362 3333 Chalcedonensis
395 3266 513 3327 actione
545 3264 747 3329 sextadecima
776 3278 907 3331 constat.

102 3358 171 3427 Sed
202 3382 299 3441 neque
326 3361 406 3421 inter
439 3358 496 3419 hos
523 3360 667 3421 terminos
698 3364 907 3423 corastiterunt.

100 3454 181 3519 Nam
218 3474 311 3535 prope
339 3453 598 3513 sexcentesimum
635 3472 653 3513 a
681 3452 803 3515 l'bristo
836 3464 908 3516 octo

101 3564 224 3620 suarim,
248 3544 433 3625 Episcopum
460 3542 826 3625 constantinopolitanum
848 3546 906 3609 0e·

102 3640 306 3709 cumenicum,
331 3633 362 3693 id
383 3644 449 3711 est,
481 3634 563 3695 orbis
590 3643 688 3695 terrae
713 3638 907 3721 Episcopum,

102 3734 172 3797 sive
191 3726 393 3791 universalem
413 3747 521 3788 vocare
541 3736 613 3787 srrrrt
632 3730 710 3789 ausi.
758 3728 851 3801 Quod
870 3730 906 3791 S.

102 3824 270 3905 Gregorius
290 3822 408 3881 Primus
434 3817 571 3901 pluribus
590 3820 738 3901 Epistolis
759 3818 798 3881 ad
816 3820 907 3883 loan-

101 3938 171 3981 nem
196 3916 381 3997 Episcopum
409 3912 788 3996 Constantinopolitanum,
816 3922 907 3995 atque

99 4008 143 4075 sd
164 4008 375 4091 Imperatorem
403 4004 598 4081 Mauricium,
624 4014 656 4067 et
680 4004 720 4067 ad
740 4004 906 4089 lmperatri·

100 4124 168 4165 eeur
189 4102 406 4175 Cerretanum,
426 4108 517 4181 atque
536 4096 580 4159 ad
596 4098 788 4161 Patriarchas
802 4098 907 4163 Orien·

101 4196 161 4259 tis,
191 4192 364 4275 planissime
390 4200 532 4275 tanqrram
562 4192 776 4275 blasphemiam
803 4203 907 4257 contra

101 4286 217 4351 Christi
242 4283 363 4346 llomini
394 4286 563 4347 institutum
595 4284 770 4349 confutavit.
816 4286 906 4349 Deni-

100 4400 162 4463 que
194 4396 273 4439 anim
306 4380 381 4437 loos
413 4379 463 4457 (ut
486 4378 629 4461 superbia
657 4398 777 4461 semper
802 4398 906 4441 ascen·

100 4470 160 4545 dit)
181 4472 272 4531 variis
291 4470 485 4545 haeresibus,
511 4480 542 4532 et
566 4472 701 4553 peccatis
727 4470 838 4535 (trieres
864 4472 906 4533 lu·

99 4586 169 4627 cem
195 4566 332 4625 verimis
357 4564 468 4625 amisit.
513 4564 698 4645 Episcopum
725 4566 802 4625 eninr
830 4566 907 4629 Con·

99 4656 402 4739 stantinopolitannm
423 4674 482 4715 non
502 4655 600 4717 solum
620 4654 703 4719 Petri
724 4662 907 4723 suecessori-

98 4808 255 4825 ——mn

181 4920 209 4992 t)
230 4931 305 4989 Eplst.
324 4936 359 4977 aa

179 5030 206 5099 a)
224 5040 284 5085 vute
312 5040 388 5098 Epist.
420 5040 475 5086 beo.
496 5040 535 5087 ΙΧ.
556 5042 688 5087 anselm
719 5041 761 5089 lib.
791 5044 822 5087 de
841 5042 909 5101 spir.

99 5136 185 5179 seret.
210 5131 332 5191 sigebert.
359 5132 383 5178 ln
403 5132 510 5181 chronic.
542 5133 649 5179 asteria.
675 5132 717 5181 tls.
740 5140 763 5181 a.
791 5134 847 5183 atat.
867 5136 905 5183 ut.

98 5230 138 5273 Ω,
159 5228 214 5283 t'ap.
235 5228 268 5271 ta.
290 5238 312 5281 p.
333 5230 366 5270 n.

966 2897 1058 2955 duam
1079 2894 1145 2971 cogi
1162 2894 1264 2972 jussit.
1286 2896 1334 2953 cui
1346 2914 1412 2953 cum
1424 2893 1774 2983 Corrsmntinopolitaaus

966 2986 1145 3069 lmperator,
1171 2987 1342 3066 caeterique
1367 2986 1539 3050 Orientales
1559 2993 1773 3069 interfuissent,

966 3084 1090 3143 veritate
1102 3081 1213 3157 aguila,
1220 3075 1331 3141 dedere
1342 3077 1481 3143 dexteras
1490 3083 1687 3163 Apostolicae
1696 3088 1774 3169 sedi,

967 3182 998 3233 et
1017 3192 1093 3253 qrros
1112 3171 1275 3233 hauserant
1294 3192 1419 3247 errores,
1439 3174 1506 3245 bos,
1520 3174 1661 3241 Patribus
1682 3180 1773 3247 Grae·

967 3270 1011 3327 cis
1038 3264 1158 3347 publice
1189 3264 1345 3345 perlectis,
1376 3286 1453 3346 quos
1484 3290 1559 3333 serre
1589 3275 1710 3355 ipsimet
1737 3298 1774 3341 ex

966 3360 1058 3431 Asia,
1084 3364 1114 3419 et
1133 3356 1263 3421 Graecia
1288 3378 1392 3419 secum
1417 3362 1591 3438 attulerant,
1611 3369 1773 3448 ejurarent.

967 3452 1100 3531 Quonim
1127 3452 1147 3511 ii
1173 3453 1325 3531 praecipui
1356 3460 1454 3525 erant,
1487 3476 1564 3537 pros
1588 3458 1775 3539 Gennadius,

966 3550 1015 3627 qni
1036 3554 1254 3629 posteaeorum
1274 3542 1330 3604 luit
1339 3541 1524 3622 Patrinrcba,
1535 3552 1573 3611 iis
1584 3554 1614 3613 in
1624 3556 1774 3637 capitibus

967 3637 1005 3699 de
1030 3642 1157 3719 primatu
1182 3636 1275 3707 Petri,
1295 3634 1415 3707 refellit,
1434 3658 1510 3717 quae
1531 3642 1585 3703 tibi
1607 3644 1774 3711 llutbenice

965 3750 1052 3791 versa
1071 3726 1216 3789 tradenda
1229 3731 1339 3789 curari.
1372 3730 1417 3791 At
1431 3734 1568 3809 quoniam
1580 3754 1666 3815 queam
1678 3738 1774 3801 lucem

966 3820 1135 3891 hauserant,
1147 3840 1213 3881 eam
1223 3819 1312 3901 paulo
1322 3830 1500 3901 postcomm
1511 3824 1612 3905 plnres
1622 3826 1773 3911 depulere,

965 3913 1075 3975 lactum
1096 3920 1145 3973 est
1163 3913 1325 3983 Divinitus,
1346 3914 1721 4001 utconstantinopolitani,
1742 3934 1774 3989 et

965 4006 1086 4079 Graeci,
1105 4004 1272 4087 Imperium,
1291 4002 1380 4067 fidem
1391 4004 1604 4084 Orthodoxam,
1623 4034 1661 4075 ac
1674 4016 1773 4095 splen·

966 4098 1068 4161 dorem
1088 4118 1205 4159 omnem
1217 4100 1404 4159 amitterent:
1425 4098 1605 4175 (dilexerant
1615 4110 1693 4169 enim
1703 4110 1772 4191 plus

966 4190 1120 4261 tenebras,
1147 4210 1234 4272 quem
1260 4189 1372 4267 lucem)
1398 4200 1489 4273 atque
1514 4196 1556 4257 ita
1582 4200 1611 4259 in
1631 4201 1773 4267 tenebrae

966 4287 1132 4357 interiores,
1152 4292 1183 4345 et
1203 4284 1366 4345 exteriores
1384 4284 1485 4347 traditi
1495 4298 1581 4363 sunt;
1599 4312 1692 4375 super
1710 4316 1773 4359 eor.

965 4376 1056 4439 dibus
1076 4374 1175 4440 adbuc
1194 4376 1328 4437 velamen
1339 4376 1494 4453 babentes,
1513 4390 1546 4443 ut
1565 4384 1595 4444 in
1611 4406 1774 4471 quosaeps

966 4472 1094 4533 convicti
1120 4478 1205 4543 snrrt,
1231 4477 1262 4531 et
1286 4468 1404 4551 judicio
1430 4492 1486 4535 auo
1512 4478 1643 4557 ipsomm
1665 4478 1771 4543 eaode-

966 4566 1067 4637 mnati,
1086 4562 1119 4625 id
1138 4560 1271 4625 confiteri
1288 4564 1352 4643 jem
1373 4564 1478 4626 nolint.

1042 4658 1083 4719 Et
1108 4655 1180 4719 illud
1205 4676 1280 4719 sanc
1305 4660 1474 4737 primarium
1495 4662 1572 4721 inter
1596 4662 1772 4727 catholicos

968 4760 999 4811 et
1018 4750 1191 4811 (lrierrtales
1211 4758 1276 4809 erat
1295 4746 1464 4821 discrimen,
1485 4750 1564 4831 quod
1585 4752 1613 4814 bi
1627 4756 1772 4837 putabant

967 4854 1087 4917 temere,
1113 4864 1150 4905 ac
1170 4852 1273 4903 contra
1300 4841 1443 4913 l'oncilia,
1471 4862 1547 4923 quae
1567 4866 1771 4927 praecessere,

967 4936 1099 4997 additum
1109 4956 1179 4997 ease
1187 4934 1340 5013 symbolo,
1348 4934 1489 5015 Spiritum
1497 4936 1770 5021 Sarrctnmal'atre,

1042 5228 1070 5289 ³)
1090 5226 1171 5272 iareb.
1199 5230 1219 5269 1.
