3742 5626
759 115 1029 175 connnnrnan
1092 93 1095 97 ’
1692 119 1726 175 or

62 273 166 334 nisisi
188 289 265 351 quas
293 269 369 332 alias
388 289 407 333 a
426 269 532 332 ricinis
546 247 734 331 Qristianis
760 288 863 349 rapue-
924 275 985 330 star
1015 275 1143 329 utuntur.
1194 267 1306 330 Eorum
1331 271 1452 348 reginae
1476 269 1545 331 dum
1564 272 1729 352 procedunt

61 369 127 437 rint,
146 371 199 426 aut
219 365 354 424 emerint.
391 362 432 424 Et
458 383 497 423 no
522 382 662 441 equorum
683 361 773 422 dorsa
792 367 865 422 atte-
924 363 954 421 in
974 361 1137 442 pubiicum,
1168 362 1263 424 facies
1281 363 1379 424 soient
1399 365 1549 442 obtegere.
1597 363 1729 444 Reliqua
1783 404 1788 410 -

61 465 170 530 rantur,
191 458 333 534 gramine,
352 477 409 516 seu
427 457 564 517 arborum
584 455 666 516 soliis
685 475 740 515 eas
764 453 865 514 suffui·
924 456 1025 526 turba,
1045 475 1122 533 quae
1142 457 1171 515 in
1192 457 1305 536 campis
1325 457 1436 536 passim
1455 455 1550 534 degit,
1570 461 1674 518 vestes
1688 478 1728 519 ex

62 554 152 611 ciunt.
193 550 330 610 Flumina
358 554 560 610 transnatant:
591 549 695 629 quisi
721 546 795 606 torto
822 545 866 607 su·
924 549 1021 609 ovium
1041 546 1170 628 peiiibus
1191 549 1344 610 coniectas
1364 549 1489 609 habent:
1510 569 1655 628 qnasnon
1668 571 1728 609 mu·

62 647 180 723 gientes
199 643 415 722 insequentium
435 642 566 702 hostium
590 643 647 701 vim
668 640 866 710 extimuerint,
923 645 1001 712 tant,
1034 641 1091 699 nisi
1112 640 1200 717 longo
1220 663 1277 702 usn
1296 663 1420 723 prorsus
1438 643 1570 713 attritae,
1599 642 1728 704 lacerae·

63 737 158 806 sellis,
179 736 322 804 vestibus,
342 735 470 813 aliisque
490 734 708 816 impedimentis
727 733 865 793 omnibus
924 754 982 813 que
1002 732 1120 793 inerint.
1172 733 1240 795 Uno
1261 735 1290 793 in
1310 735 1376 796 loco
1397 757 1455 796 non
1477 735 1528 795 diu
1550 755 1728 796 commoran-

63 829 199 911 abjcctis,
221 829 309 889 arnis
328 832 441 888 tantum
459 829 593 898 retentis,
623 827 803 887 effusissime
822 826 865 885 su·

63 924 158 1001 ginnt.
195 923 286 983 Porro
310 941 392 982 anna
418 921 533 980 iliorum
553 926 634 990 sunt,
658 939 747 980 arnus
766 924 798 978 et
817 938 864 978 sa·

62 1018 150 1094 gitta:
169 1015 281 1076 tramea
300 1013 378 1092 apud
399 1033 453 1074 eos
473 1034 547 1075 rara.
572 1012 708 1092 Pugnam
727 1032 794 1072 cum
815 1011 865 1071 ho·

62 1110 159 1170 stibus
178 1111 295 1169 eminus
320 1104 520 1167 audacissime
540 1107 659 1166 ineunt:
685 1107 714 1164 in
740 1125 801 1183 qua
824 1110 866 1164 ta·

61 1222 129 1263 rnen
150 1221 209 1261 non
229 1197 281 1260 diu
306 1204 515 1280 perseverant,
540 1197 596 1257 sed
622 1195 763 1256 simulata
789 1195 867 1273 iuga,

61 1295 198 1356 hostibus
218 1292 456 1369 insequentibus,
476 1290 633 1349 occasione
653 1286 724 1346 data
742 1289 867 1368 primum

62 1388 93 1447 in
112 1405 168 1446 eos
195 1407 215 1447 a
241 1391 325 1461 tergo
350 1385 413 1443 teia
437 1385 591 1460 torquent:
619 1379 688 1440 dein
713 1381 868 1440 conversis

63 1462 227 1560 derepente
248 1477 345 1555 equis.
365 1477 395 1534 in
415 1473 580 1554 dissipatos
599 1471 727 1533 hostium
747 1472 867 1533 ordines

67 1573 167 1632 denuo
193 1573 333 1650 impeturn
364 1567 485 1628 iaciunt.
531 1564 605 1627 Cum
634 1567 664 1624 in
694 1566 867 1646 patentibus

64 1664 180 1743 eampis
190 1661 378 1743 pugnandum
391 1664 447 1729 est,
460 1658 519 1717 hoo
528 1663 586 1729 est,
604 1658 781 1737 hostemque
791 1659 868 1719 intra

63 1756 114 1815 teli
131 1759 245 1836 jactum
272 1753 391 1824 habent,
411 1772 470 1814 non
495 1756 607 1811 structa
633 1752 698 1812 acie
724 1751 866 1831 praelium

63 1849 173 1918 ineunt,
192 1847 249 1907 scd
269 1847 392 1905 sinuoso
405 1845 523 1922 agmine
543 1845 572 1904 in
592 1863 707 1922 gyrum,
726 1864 786 1922 quo
805 1863 867 1904 cer·

63 1943 119 2001 tior
141 1947 171 2001 et
190 1941 308 2000 liberior
321 1937 437 1998 hostem
453 1937 606 2017 jaculandi
616 1937 664 1997 via
681 1942 793 2017 pateat,
813 1938 867 1997 cir·

63 2032 272 2094 cumscrnntur.
291 2030 408 2111 Estque
421 2030 552 2089 euntium
571 2035 602 2089 et
620 2028 804 2089 redeuntium
818 2030 867 2089 mi·

63 2146 115 2186 rus
135 2124 361 2204 quidamordo3
388 2124 417 2182 in
438 2143 525 2200 quam
544 2121 662 2200 quidem
683 2141 746 2181 ram
767 2121 869 2183 ducto·

64 2239 124 2288 res,
145 2237 222 2296 qnos
242 2221 416 2296 sequuntur,
439 2214 543 2276 harum
562 2235 659 2275 rerum
684 2215 799 2295 peritos
817 2215 869 2276 ha·

63 2312 153 2370 beot:
173 2312 223 2390 qui
243 2311 271 2370 si
291 2309 339 2371 vel
358 2309 489 2369 hostiurn
498 2307 568 2368 telis
586 2308 637 2367 icti
648 2308 869 2378 succubuerint,

64 2410 117 2464 aut
137 2402 212 2463 forte
233 2407 312 2462 metu
331 2400 472 2481 perculsi,
492 2401 523 2459 in
543 2399 679 2461 ducendo
699 2398 802 2461 ordine
818 2401 868 2462 ab·

66 2496 236 2565 erraverint,
254 2499 337 2554 tenta
356 2495 448 2554 totius
468 2495 619 2554 exercitus
640 2494 672 2553 fit
691 2493 868 2554 confusione

68 2595 100 2648 ut
121 2607 177 2648 nec
195 2587 322 2663 amplius
342 2587 370 2646 in
392 2585 524 2646 ordinem
542 2584 653 2656 reduci,
680 2594 740 2647 neo
758 2587 819 2648 tela
837 2588 867 2646 in

64 2681 182 2741 bostem
202 2686 339 2759 torquere
358 2680 488 2759 possint.
505 2678 574 2739 Hoc
592 2698 687 2755 genus
699 2680 869 2740 certaminis

65 2773 133 2852 ipsa
151 2794 170 2831 a
189 2774 231 2832 rei
251 2771 443 2832 similitudine
469 2770 608 2831 choream
632 2772 793 2851 appellant.
832 2774 868 2832 ln

65 2865 213 2941 augustiis
232 2870 330 2925 autem
350 2864 377 2922 si
396 2863 472 2923 torto
493 2862 702 2923 decertandum
722 2870 779 2936 est,
806 2866 869 2924 nul·

66 2957 115 3017 ius
141 2956 231 3037 hujus
252 2957 470 3033 strategematis
496 2961 545 3017 est
563 2976 654 3029 nsus;
682 2961 772 3036 atque
798 2957 868 3017 ideo

65 3049 212 3127 fugasse
238 3047 395 3110 mandante
417 3049 557 3126 quoniam
583 3068 640 3108 nec
663 3048 787 3128 clypeo,
812 3069 870 3109 neo

64 3141 186 3210 iancea,
216 3159 272 3199 nec
292 3139 378 3216 galea
401 3141 506 3200 muniti
524 3145 610 3211 sunt,
638 3147 671 3201 nt
693 3141 812 3202 hostem
838 3143 868 3202 in

65 3234 188 3293 stataria
206 3250 305 3313 pugna
323 3234 472 3295 sustinere
492 3235 617 3312 possint.
656 3231 689 3292 in
709 3234 869 3314 equitando

65 3325 145 3385 hunc
169 3345 283 3385 morem
309 3329 438 3395 servant,
465 3331 498 3385 ut
522 3325 682 3386 contractis
708 3327 738 3385 in
763 3326 869 3388 sciis·

66 3416 192 3477 sedeant
210 3417 348 3497 pedihus,
368 3436 427 3495 quo
439 3417 558 3478 facilins
577 3419 606 3478 in
619 3424 774 3499 utrumque
788 3419 869 3480 latus

65 3529 102 3568 se
127 3510 243 3586 possint
270 3515 457 3571 converteret
483 3515 513 3570 et
539 3512 568 3569 si
593 3510 664 3588 quid
687 3509 762 3570 sorta
788 3511 868 3572 deis·

64 3621 167 3681 psum,
195 3601 233 3662 de
258 3613 396 3681 terraque
422 3601 586 3662 tollendum
610 3601 713 3674 suerit,
739 3602 869 3683 stapedi-

66 3695 124 3754 bus
144 3694 248 3764 innixi,
267 3695 347 3754 nuiio
368 3697 488 3772 negotio
508 3694 632 3766 toiiunt,
657 3697 687 3756 in
712 3715 770 3773 qno
791 3695 867 3756 adeo

922 833 985 888 tur:
1016 828 1070 887 rati
1091 845 1211 904 gravem
1232 846 1304 887 esse
1324 828 1539 900 infelicitatem,
1559 828 1610 888 diu
1629 829 1659 888 in
1679 848 1728 888 eo·
1833 865 1835 869 <

924 920 992 981 dem
1013 924 1080 981 loeo
1100 921 1234 982 haerere.
1264 920 1353 982 Unde
1373 921 1437 981 irati
1458 921 1636 1001 quandoque
1655 921 1729 982 iihe-

925 1015 981 1084 ris,
1013 1034 1103 1092 grave
1122 1014 1230 1074 maium
1249 1015 1463 1094 imprecantes,
1495 1013 1594 1073 soient
1613 1012 1729 1075 dicerer

924 1106 967 1168 Ut
999 1106 1105 1167 eodem
1130 1108 1159 1166 in
1177 1107 1243 1167 loco
1264 1111 1407 1188 perpetuo
1427 1113 1567 1185 tanquam
1587 1105 1731 1167 Christia-

926 1220 984 1260 nus
1011 1199 1154 1270 haereas,
1184 1201 1391 1281 propriumque
1421 1199 1564 1260 foetorem
1593 1198 1730 1272 hauriam

926 1312 1017 1371 quare
1045 1291 1181 1372 depastis
1206 1314 1265 1353 uno
1290 1295 1320 1352 in
1346 1293 1413 1352 loeo
1433 1294 1570 1372 pascuis,
1600 1312 1666 1353 cnm
1686 1312 1731 1353 ar·

926 1385 1048 1455 mentis,
1081 1385 1222 1444 uxoribus
1240 1389 1271 1444 et
1291 1385 1407 1456 liberis,
1440 1405 1518 1465 quos
1537 1387 1567 1445 in
1588 1385 1731 1466 palustris

925 1498 1030 1539 secum
1050 1476 1271 1547 circumierunt,
1303 1477 1361 1536 alio
1379 1479 1519 1557 migrant3
1545 1478 1679 1558 quamvis
1698 1477 1730 1538 hi

926 1571 975 1650 qui
995 1570 1024 1628 in
1046 1568 1164 1648 oppidis
1184 1573 1215 1629 et
1229 1569 1352 1629 urbibus
1364 1568 1489 1646 degunt,
1508 1573 1597 1631 aiiam
1609 1569 1729 1631 vivendi

925 1662 1068 1722 rationem
1097 1667 1267 1742 sequantur.
1316 1659 1352 1720 Si
1377 1660 1455 1722 hello
1480 1662 1580 1741 aliquo
1599 1662 1732 1738 graviore

925 1752 1123 1833 implicantur,
1153 1773 1276 1824 uxores,
1296 1751 1423 1824 liberos,
1442 1774 1594 1833 senesque
1613 1755 1643 1813 in
1664 1753 1732 1816 inca

926 1845 1072 1906 coltocant
1091 1846 1212 1918 tutiora;
1232 1845 1360 1906 Justicia
1379 1846 1457 1923 apud
1468 1846 1536 1906 iilos
1549 1844 1643 1921 nullm
1662 1867 1731 1907 nam

926 1945 959 1998 ut
978 1941 1106 2017 quisque
1125 1959 1157 1998 rc
1177 1938 1275 2017 aiiqua
1295 1938 1467 2016 indiguerit,
1493 1959 1559 2000 eam
1579 1940 1617 2001 ab
1636 1939 1731 2001 alteru

926 2032 1045 2111 impune
1070 2052 1174 2108 rapere
1198 2037 1308 2110 potest.
1358 2030 1396 2091 si
1414 2033 1483 2112 quis
1502 2032 1582 2114 apud
1597 2032 1732 2114 jndicem

927 2123 966 2184 de
991 2125 1035 2195 vi,
1066 2123 1204 2203 iiiataqna
1224 2124 1330 2205 injuria
1349 2125 1551 2204 conqueritur,
1582 2146 1653 2186 rens
1672 2145 1732 2186 non

927 2221 1031 2294 negat,
1051 2216 1108 2276 sed
1128 2237 1165 2277 ea
1184 2238 1216 2277 re
1236 2237 1272 2276 se
1294 2237 1397 2278 carere
1416 2237 1473 2277 non
1494 2217 1731 2298 potuissedicit3

927 2314 987 2369 tum
1013 2309 1109 2391 judex
1136 2308 1305 2390 hujusmodi
1330 2309 1462 2390 proferre
1481 2310 1574 2370 sotet:
1604 2310 1730 2372 Senten-

925 2403 995 2463 tiam
1022 2404 1049 2464 si
1069 2409 1102 2464 tn
1123 2403 1263 2463 vicissem
1282 2421 1315 2462 re
1334 2402 1433 2482 aliqua
1452 2402 1628 2480 indigueris,
1657 2424 1731 2486 rapo

926 2496 965 2558 ab
983 2496 1062 2557 aliis.
1101 2495 1179 2555 Sunt
1198 2496 1248 2573 qui
1267 2494 1383 2566 dicunt,
1412 2515 1467 2555 eos
1486 2516 1545 2556 non
1567 2497 1671 2569 furari3
1691 2517 1730 2558 an

925 2609 996 2648 vero
1015 2587 1162 2659 iurentur,
1182 2589 1306 2648 aliorum
1327 2592 1393 2646 esto
1408 2586 1569 2668 judicium:
1588 2594 1669 2648 certe
1679 2589 1731 2649 ho·

926 2683 1023 2742 mines
1046 2681 1232 2761 rapacissimi
1257 2685 1344 2748 sunt,
1372 2699 1478 2759 nempe
1503 2681 1679 2759 pauperrimi
1698 2686 1732 2740 ut

927 2775 977 2853 qui
1012 2773 1119 2834 alienis
1158 2792 1277 2852 sempor
1307 2770 1434 2839 inhiant,
1468 2773 1590 2832 aliorum
1622 2792 1732 2853 pecora

926 2869 1063 2946 abigunt,
1090 2866 1226 2927 homines
1246 2863 1391 2944 spoliant,
1409 2862 1633 2943 abducuntque‚
1652 2884 1730 2945 quos

927 2960 1034 3021 Turcis
1053 2959 1180 3038 aliisque
1198 2957 1425 3036 quibuscunque
1443 2961 1496 3018 aut
1516 2956 1661 3031 vendunt,
1680 2962 1742 3018 aab

925 3051 1116 3113 redimendos
1136 3048 1318 3121 concedunt,
1337 3049 1445 3128 puellis
1465 3054 1578 3110 tanturn
1592 3052 1731 3112 serratis.

928 3145 1072 3207 Civitates
1092 3150 1123 3204 et
1142 3147 1241 3204 castra
1261 3162 1326 3203 raro
1346 3148 1534 3224 oppugnant:
1560 3142 1662 3215 villas,
1681 3165 1731 3224 pa·

927 3257 1041 3316 gosque
1066 3234 1257 3297 comburuntz
1290 3234 1427 3314 adeoque
1447 3232 1485 3296 de
1505 3234 1595 3296 illatis
1615 3233 1731 3296 damnis

927 3331 986 3391 sihi
1013 3329 1145 3407 placent,
1176 3333 1210 3389 ut
1229 3347 1288 3407 quo
1308 3327 1409 3408 piures
1428 3329 1595 3406 provincias
1614 3325 1731 3389 desola-

927 3423 1039 3490 verint,
1065 3420 1124 3481 hoc
1155 3438 1191 3480 se
1216 3439 1308 3498 regna
1326 3439 1383 3480 sua
1401 3421 1544 3500 ampliora
1562 3418 1731 3480 reddidisse

927 3519 1041 3595 putent.
1088 3511 1129 3573 Et
1159 3531 1225 3572 cnm
1250 3514 1360 3591 qnietis
1387 3511 1635 3592 impatientissimi
1660 3512 1731 3581 sint,

926 3611 1028 3666 mutuo
1048 3624 1085 3666 se
1102 3610 1278 3664 tamennon
1299 3603 1479 3674 interimunt,
1504 3605 1561 3663 nisi
1582 3622 1669 3680 reges
1689 3603 1731 3661 ln·

926 3704 971 3760 ter
1000 3719 1036 3759 so
1068 3696 1242 3758 dissideant.
1293 3696 1329 3757 Si
1359 3697 1389 3755 in
1415 3695 1606 3756 dissensione
1632 3686 1732 3771 aliqua

67 3786 224 3846 exercitati
249 3790 333 3855 sunt,
358 3791 392 3846 ut
415 3789 504 3848 etiam
529 3790 714 3849 currentibus
733 3788 869 3849 celeriter
930 3792 1075 3872 quispiam
1096 3789 1257 3858 occidatur,
1289 3796 1488 3862 auctoresque
1507 3784 1631 3846 sceleris
1651 3786 1731 3866 capti

67 3881 155 3959 equis
175 3877 214 3938 ed
233 3877 372 3939 efficiant.
411 3879 519 3940 Hastis
539 3881 674 3960 impetiti,
693 3883 724 3940 in
744 3879 869 3941 aiterum
926 3885 1049 3954 suerint,
1081 3883 1183 3962 equis,
1202 3880 1308 3950 umis,
1328 3877 1464 3939 vestibus
1482 3881 1593 3936 tantum
1613 3875 1731 3951 abietis,

66 3971 148 4030 latus
168 3971 207 4031 ad
231 3969 438 4032 declinandum
464 3973 555 4033 iotam
582 3973 744 4034 adversarii
769 3972 868 4033 subito
927 3976 1116 4036 dimittuntur.
1147 3969 1303 4033 Homicida
1321 3989 1423 4050 porro,
1443 3973 1568 4050 accepto
1587 3969 1638 4030 viii
1654 3990 1731 4052 equo

66 4083 106 4123 se
131 4061 303 4132 demittunt,
328 4062 420 4124 aitera
446 4064 591 4125 duntaxat
618 4086 706 4126 manu
730 4064 868 4146 pedeque
928 4073 959 4128 et
983 4089 1071 4138 arcu,
1103 4064 1153 4125 his
1176 4063 1277 4124 verbis
1302 4083 1322 4122 a
1336 4061 1440 4144 judice
1460 4062 1626 4125 dimittitur:
1658 4066 1679 4134 1,
1700 4068 1731 4125 et

65 4174 146 4232 equo
166 4152 371 4218 adhaerentes.
409 4154 490 4215 Dum
517 4157 677 4218 vicinorum
703 4159 870 4236 provincias
927 4180 989 4220 rem
1019 4167 1100 4219 tuam
1133 4175 1215 4217 eura.
1266 4154 1341 4215 Auri
1366 4156 1537 4236 argentique
1562 4156 1642 4239 apud
1662 4157 1731 4219 iiios

66 4246 227 4317 infestant,
254 4248 379 4327 quisque
400 4247 480 4308 dnos
498 4256 549 4309 aut
568 4253 647 4319 tres,
676 4270 730 4329 pro
751 4249 870 4326 opibus,
926 4272 1017 4322 usus,
1037 4255 1122 4311 extra
1140 4253 1335 4319 mercatores,
1354 4247 1543 4311 ierenuiins:
1561 4270 1658 4311 rerum
1668 4254 1731 4311 tan-

66 4359 162 4418 eqnos
182 4359 286 4400 secum
307 4339 397 4411 ducit,
423 4349 456 4400 ut
475 4362 534 4401 uno
553 4341 670 4402 soiiicot
698 4338 870 4416 defatigato,
927 4349 989 4403 tum
1008 4343 1224 4424 permutatione
1241 4346 1370 4402 utuntur.
1403 4340 1494 4412 Quod
1514 4343 1542 4403 si
1561 4341 1731 4421 qnidpecn·

65 4432 160 4492 altero
181 4442 303 4493 ternove
325 4434 366 4493 uti
387 4435 501 4513 possit:
520 4433 621 4494 lassos
640 4433 755 4492 interim
781 4452 869 4493 manu
929 4437 994 4497 niae
1030 4456 1069 4496 ex
1094 4436 1185 4497 rebus
1209 4434 1339 4495 venditis
1365 4435 1452 4495 vicini
1474 4434 1665 4502 eomaserint,
1694 4451 1733 4492 ea

67 4523 189 4587 ducunt.
226 4525 325 4586 Frena
345 4524 499 4585 levissima
517 4524 641 4596 habent,
667 4524 794 4604 flagellis
818 4539 869 4604 pro
927 4527 1100 4590 Moscoviae
1135 4533 1240 4589 vestes
1269 4526 1329 4589 alia
1360 4546 1419 4606 que
1450 4527 1527 4586 vitae
1561 4522 1734 4583 necessaria
1861 4554 1864 4559 ·

67 4616 236 4677 calcaribus
259 4623 390 4678 utuntur.
446 4614 601 4678 Castratae
631 4622 744 4678 tantum
774 4637 870 4698 equos
928 4627 1038 4685 emunt
1082 4620 1176 4682 Fines
1196 4621 1272 4681 inter
1290 4639 1326 4679 se
1342 4616 1403 4693 (de
1423 4615 1640 4695 campestribus
1661 4612 1733 4675 Tar·

66 4708 189 4779 habent,
210 4709 291 4788 quod
310 4708 388 4769 tales
408 4708 585 4768 arbitrantur
603 4709 673 4788 pius
698 4710 809 4770 laboris
828 4711 870 4769 in·
928 4715 1000 4775 bris
1030 4714 1157 4792 loquor)
1186 4710 1285 4773 nullos
1310 4709 1431 4771 habent.
1482 4707 1556 4768 Erat
1574 4703 1734 4783 aliquando

67 4800 214 4879 ediaequo
224 4802 301 4862 terre
309 4820 412 4882 posse.
425 4799 622 4860 vestimentis
632 4801 737 4862 iisdem
748 4802 871 4863 tamriri
929 4827 949 4866 a
966 4805 1082 4867 Moseis
1101 4805 1223 4886 pinguis
1244 4802 1386 4864 Tartarus
1406 4797 1525 4875 quidam
1545 4802 1665 4877 captus,
1686 4800 1734 4862 eu

66 4913 155 4972 quam
166 4893 313 4954 foeminae
324 4899 455 4964 utuntur,
466 4913 523 4954 nec
541 4893 569 4953 in
581 4891 664 4954 cuitu
675 4914 694 4952 a
706 4894 777 4954 viris
790 4894 871 4971 quic·
930 4917 996 4958 eum
1008 4896 1135 4959 Mesena
1154 4895 1295 4965 dixisset,
1314 4888 1403 4952 Unde
1415 4889 1484 4960 tihi,
1503 4891 1603 4962 canis,
1622 4897 1734 4955 tantam

65 4985 312 5064 quandifferunt,
333 4986 391 5047 nisi
404 4986 482 5066 quod
494 4984 872 5068 caputreioiinsotegunt,
932 4989 1096 5070 pinguedo,
1129 5006 1196 5048 urm
1216 5003 1275 5042 non
1295 4981 1411 5043 babeas
1430 4983 1509 5063 quod
1529 4983 1621 5046 edas?
1673 4982 1734 5045 Cur

66 5078 234 5157 caligisque
244 5077 345 5140 itidem
357 5077 445 5144 tineis
454 5079 822 5145 nautarummaritimomm
830 5079 873 5142 in·
933 5100 992 5144 non
1011 5077 1153 5151 babeam,
1173 5074 1268 5155 inquit
1282 5073 1434 5146 Tartarus
1454 5077 1534 5156 quod
1551 5076 1647 5147 edan,
1667 5096 1733 5139 eun
