3742 5626
152 170 207 229 ne
706 132 1294 233 'mmuomrnnrurusrnrun

152 346 209 391 aec
229 349 266 392 ea
285 330 402 393 ratione
426 328 554 414 amplius
578 348 615 391 se
639 330 708 411 eapl
732 346 826 411 pesse
852 342 956 411 expro-
1011 328 1187 405 semitam,
1210 346 1250 389 ne
1268 347 1306 391 ea
1323 323 1413 389 mles
1432 322 1627 405 affligeretur,
1657 328 1820 409 pauciores

151 421 290 485 brabant.
329 422 376 487 lta
394 422 552 487 incolumis
569 420 620 484 bic
637 440 658 485 a
676 424 791 485 noatds
802 422 955 501 recipitur.
1012 416 1202 483 excubitores
1221 417 1369 503 ponsbult
1386 438 1454 480 cum
1475 424 1510 479 ιιι
1527 421 1654 481 maxine
1673 416 1821 481 firmiores

153 514 187 577 ld
208 524 306 577 nutem
325 524 387 579 tum
407 524 525 597 tempus
544 516 615 579 anui
633 524 712 591 erat,
737 534 797 597 quo
817 514 956 576 intensis·
1012 514 1177 593 posuisset,
1196 516 1279 577 adrla
1299 522 1400 575 tamen
1419 512 1538 592 injuriis
1561 510 1603 573 ud
1626 530 1689 573 rem
1715 530 1820 591 geren-

151 608 229 671 aima
249 608 287 669 iis
305 610 336 669 in
356 608 434 671 loeis
451 608 562 688 frigora
581 628 662 679 esso,
679 606 793 689 uulgari
818 623 956 669 sernum
1013 600 1083 667 daur
1103 624 1182 687 peno
1200 604 1323 667 inutiles
1341 604 1458 667 tumros
1477 612 1624 667 cerneret.
1663 606 1771 687 ltaque
1790 608 1819 667 in

152 702 323 763 lloseorum
344 699 522 777 ostenditur,
540 704 592 784 qni
606 700 725 765 Nicolxi
744 699 898 763 ethristi
908 696 956 759 iri·
1013 698 1090 780 lpsis
1110 700 1228 759 interim
1245 696 1460 769 tabernaculis,
1479 716 1557 779 quae
1575 699 1685 780 partim
1712 718 1734 759 a
1751 701 1819 759 rici·

154 812 227 873 gogo
245 794 407 877 appellant,
426 814 493 857 eum
513 797 638 856 maxima
662 793 823 875 designare
841 791 954 854 volunt.
1012 810 1117 852 narum
1140 790 1274 853 uillarum
1299 787 1461 867 aediliciis,
1488 792 1596 871 paru'm
1624 792 1819 853 cauernisio

152 884 312 951 bloscouia
328 896 428 949 autern
449 889 530 949 omni
548 886 606 949 sub
625 886 701 971 ipsis
719 886 783 949 lere
807 883 955 949 trionibus
1012 890 1094 945 terra
1122 882 1259 961 elloasis,
1288 882 1479 964 cratibusque
1503 902 1541 946 ac
1565 882 1654 964 palca
1688 884 1819 959 intectis,

153 978 263 1061 posita,
281 978 362 1041 nullo
381 978 444 1043 lere
464 980 542 1055 loco,
559 984 619 1043 nisi
644 983 683 1042 iis
702 979 796 1057 lorte,
819 998 897 1061 quae
916 974 957 1040 ad
1014 984 1118 1039 eoutra
1138 976 1215 1039 coeli
1235 972 1423 1039 mcommodu
1442 996 1479 1037 ex
1505 983 1640 1057 tempore
1663 978 1718 1039 sni
1743 982 1817 1059 qaia

153 1068 281 1151 glaciale
298 1092 380 1135 mure
399 1076 563 1155 pertinent,
582 1094 671 1157 quam
695 1074 727 1135 in
746 1070 955 1135 Pleseooieusi
1014 1089 1073 1151 quo
1092 1089 1166 1133 usus
1184 1088 1277 1133 οιιιιι
1295 1076 1431 1151 pararat,
1460 1088 1543 1130 more
1573 1070 1741 1131 stationum
1771 1090 1820 1153 per

152 1183 225 1245 agro
244 1164 465 1229 vehementiora
484 1165 595 1247 frigora
614 1169 744 1231 existere
764 1164 875 1227 solent.
901 1164 957 1225 lta·
1014 1165 1099 1225 vices
1118 1182 1239 1245 semper
1256 1163 1370 1244 aliquot
1388 1160 1546 1234 excubare,
1565 1182 1723 1243 equosque
1748 1184 1820 1245 quas

152 1276 211 1339 quc
232 1264 264 1319 et
282 1258 420 1321 animalia
439 1259 581 1342 pleraque
600 1262 697 1321 omnia
721 1258 857 1339 generis,
879 1275 958 1337 quae
1014 1257 1118 1317 statim
1137 1252 1357 1326 inscenderent,
1383 1262 1473 1337 atquc
1498 1274 1580 1317 artua
1604 1254 1753 1336 expedita
1775 1256 1821 1317 lte·

153 1352 264 1413 ceteris
293 1354 324 1413 in
353 1351 429 1415 locis
456 1355 541 1433 nigro
565 1360 618 1415 aut
641 1352 728 1415 tusco
753 1350 854 1412 colore
878 1354 958 1421 suunt,
1014 1346 1087 1411 bere
1102 1345 1240 1429 jubebat,
1257 1350 1308 1429 qui
1328 1350 1483 1429 eruptione
1500 1348 1599 1429 aliqua
1617 1352 1764 1413 nunciata
1781 1370 1821 1413 rc·

154 1450 189 1505 ut
207 1446 288 1505 corui
307 1464 375 1507 cum
400 1448 519 1529 primis,
544 1452 690 1521 noctuae,
715 1444 846 1525 gallinae
870 1442 958 1503 aibe-
1016 1448 1130 1517 centes,
1149 1460 1188 1502 uc
1205 1440 1246 1503 ab
1265 1442 1382 1521 injuriis
1403 1442 1483 1504 aeris
1503 1441 1615 1517 illaesi,
1641 1448 1823 1505 consecutis

155 1542 246 1605 abes,
264 1540 338 1613 ursi,
357 1538 430 1621 lupi,
449 1539 578 1621 lepores,
597 1538 716 1620 aliaque
741 1540 810 1619 ejus
829 1535 959 1615 generis,
1016 1552 1086 1597 mox
1104 1536 1190 1615 equis
1209 1532 1290 1596 lrosti
1310 1542 1516 1609 occurrerent;
1535 1554 1593 1614 qua
1611 1554 1647 1597 re
1666 1542 1699 1597 et
1712 1540 1822 1599 securi

152 1642 211 1691 seu
231 1629 307 1691 coeli
326 1638 442 1707 natura,
461 1652 517 1693 seu
539 1628 659 1711 {rigoris
684 1635 730 1705 vi,
755 1626 885 1693 candida
909 1624 960 1689 bic
1016 1627 1072 1687 tati
1092 1632 1258 1687 castrorum
1277 1634 1310 1688 et
1329 1626 1431 1689 militis
1452 1629 1554 1708 quieti,
1579 1634 1671 1709 atque
1694 1648 1823 1691 commo

154 1738 226 1781 asae
244 1722 335 1802 vulgo
361 1722 597 1785 animaduersum
626 1734 684 1787 est
722 1722 863 1787 Noctium
887 1739 959 1782 acro
1016 1716 1067 1779 dis
1085 1721 1212 1780 mamma
1231 1717 1454 1781 consulebatur.
1493 1722 1661 1782 seruorum
1682 1723 1776 1801 igitur
1789 1744 1824 1785 ea

154 1832 221 1875 eam
246 1812 459 1895 longitudinem
488 1836 576 1895 esse,
607 1824 640 1879 ut
668 1834 736 1877 eum
766 1814 960 1893 longissimas
1017 1812 1195 1873 exteriorum
1213 1814 1244 1873 iu
1263 1809 1440 1893 lrequeutiu,
1464 1830 1503 1873 ae
1521 1832 1645 1874 numero
1669 1812 1753 1877 adeo
1778 1836 1823 1877 ea·

155 1914 236 1979 auat,
264 1906 324 1969 diei
344 1926 404 1971 non
429 1910 560 1993 quinque
582 1912 702 1972 omnino
727 1909 867 1971 boramm
891 1926 961 1989 spx·
1017 1924 1082 1966 runt
1097 1902 1637 1985 exuanatugiaasmjscieeogntte‚
1656 1914 1822 1971 castrorum

156 1999 231 2061 tium
251 2002 302 2063 sit.
341 2000 452 2083 blagnx
470 2010 571 2067 tameo
592 2002 622 2065 in
641 2000 781 2065 ominibus
805 2001 892 2065 bisce
916 2002 960 2061 in·
1018 1994 1294 2079 oppugnandarum,
1308 1996 1489 2060 stationibus
1500 2000 1584 2079 prius
1592 2002 1753 2081 repectiea
1762 2020 1823 2063 rm·

156 2090 323 2155 commodis
341 2092 507 2157 tolerandis
531 2094 655 2157 militum
679 2096 849 2157 conatsutia
880 2100 960 2156 crate
1017 2093 1121 2169 ptione
1144 2094 1318 2173 oppressis,
1350 2092 1508 2153 consilium
1536 2094 1646 2173 coepit,
1679 2092 1762 2157 bunc
1794 2098 1823 2157 ia

156 2180 336 2249 Zamoseiua
356 2188 456 2257 etiam,
485 2195 626 2271 quantum
651 2190 721 2269 ejus
745 2186 809 2249 lieri
834 2194 961 2269 poterat,
1018 2202 1107 2245 ιιιιιιι
1125 2186 1334 2264 septingentos
1361 2186 1481 2246 circiter
1505 2202 1615 2265 equos,
1639 2204 1720 2267 ques
1746 2186 1823 2251 obsi·

156 2276 271 2339 ratione
289 2296 327 2341 ue
346 2274 500 2361 diligentia
518 2301 556 2342 ea
573 2280 764 2343 autumabat.
809 2278 962 2343 Excubiae
1018 2272 1120 2337 dioclis
1138 2276 1325 2341 incommoda
1345 2276 1477 2359 reliquos
1495 2276 1645 2355 feceram,
1665 2284 1822 2363 conquirit.

157 2372 310 2447 quaternis
330 2372 449 2433 vicibus
468 2371 665 2454 permutabat,
684 2392 787 2435 earum
796 2380 964 2453 ternaspar
1018 2366 1060 2431 ad
1090 2387 1206 2451 eoaque
1234 2372 1472 2453 promtissimum
1501 2390 1648 2451 quemque
1674 2374 1825 2437 rescribit.

157 2456 235 2520 alios
255 2460 373 2535 obibat3
399 2462 457 2525 sub
484 2464 692 2546 crepusculum
716 2472 816 2529 autem
840 2484 879 2527 ac
904 2466 963 2546 pri·
1019 2460 1116 2524 llinae
1133 2470 1239 2525 contra
1255 2462 1359 2525 turbem
1385 2484 1404 2527 a
1423 2466 1533 2527 eastris
1554 2466 1705 2527 stationes
1731 2476 1825 2541 eram,

157 2568 237 2613 mum
255 2550 415 2617 diluculunt
434 2576 490 2639 per
507 2555 692 2620 Stanislaum
703 2556 908 2621 Vlodcconem
920 2554 963 2619 al·
1019 2568 1080 2615 una
1098 2554 1176 2617 ultra
1193 2554 1330 2619 Velicam
1354 2554 1479 2631 llumeu,
1502 2574 1581 2638 quse
1603 2554 1827 2621 Pecaureusen

158 2640 246 2707 finem
264 2664 362 2725 suum,
381 2668 469 2731 quem
488 2648 654 2713 Zbarsscio
678 2650 817 2715 Palatino
842 2648 961 2715 Braslu·
1018 2646 1312 2711 nancisceretur
1349 2649 1445 2713 altera
1467 2652 1513 2713 eis
1537 2647 1643 2709 flumen
1660 2667 1755 2729 snpra
1776 2672 1828 2715 ea·

158 2738 263 2799 elenae
281 2736 322 2801 ad
342 2740 521 2825 colloquium
540 2762 607 2805 eurr
625 2745 741 2807 Μοιοίι
765 2746 877 2821 misso,
902 2740 961 2805 sibi
1018 2746 1094 2803 stra.
1116 2739 1163 2805 ltx
1180 2740 1382 2825 altersparte,
1393 2738 1493 2825 qdod
1504 2738 1710 2805 tenulorem
1723 2752 1827 2819 erant,

158 2828 288 2909 legarat,
314 2830 396 2917 quod
425 2856 463 2899 eo
487 2844 622 2918 tempore
640 2837 815 2919 eruptiones
832 2834 962 2899 bostium
1019 2832 1177 2897 curabant.
1215 2832 1376 2915 Ssujseius
1394 2840 1544 2899 trccutos
1562 2834 1683 2895 circitor
1700 2836 1826 2913 equites

157 2926 283 2989 maxine
301 2927 505 3011 expectandae
525 2936 620 2994 erant.
649 2930 720 3009 Quo
738 2934 898 3013 pauciores
911 2950 961 2994 au·
1019 2924 1157 2989 delectos
1175 2925 1253 2991 ultra
1271 2925 1407 2989 Vellcam
1431 2934 1535 2990 eoratm
1552 2944 1618 3002 eos,
1635 2926 1688 3007 qul
1709 2924 1752 2988 ad
1770 2928 1826 2989 re

158 3020 218 3077 ιιιι
238 3016 358 3099 frigoris
383 3022 579 3087 incommodis
604 3022 807 3100 afficerentur,
832 3046 887 3106 pro
912 3044 962 3087 su·
1019 3040 1203 3099 erurenscm,
1220 3026 1255 3082 ut
1274 3028 1429 3083 mensum
1453 3028 1513 3097 est,
1534 3022 1622 3091 mam,
1641 3022 1673 3081 iu
1691 3022 1825 3083 stationi·

158 3108 306 3188 perlomm
325 3122 490 3197 temporum
508 3114 727 3179 consuetudine
739 3116 961 3197 pancosadmo·
1018 3112 1079 3175 bus
1098 3120 1193 3187 eraut,
1209 3132 1248 3175 eo
1266 3112 1405 3189 cornilio,
1423 3110 1671 3193 qusnrhrodum
1684 3134 1721 3175 ex
1733 3116 1824 3195 capti·

159 3196 245 3275 dum,
265 3206 315 3287 qni
335 3226 394 3269 non
413 3216 474 3271 tam
503 3210 709 3291 eruptionibus
734 3209 864 3271 bostium
888 3212 961 3269 resi·
1019 3208 1067 3267 aia
1085 3215 1195 3288 postea
1214 3210 1365 3286 cognitum
1385 3213 1443 3281 est,
1464 3208 1572 3281 mittit,
1595 3204 1677 3287 cprod
1693 3206 1751 3267 illis
1771 3226 1822 3267 oe·

158 3299 282 3373 sterent,
302 3298 448 3379 quamde
467 3300 596 3365 aduentu
615 3322 718 3365 eorum
748 3302 891 3363 certiores
915 3322 963 3362 cc·
1019 3302 1148 3380 cupatis,
1165 3302 1192 3359 si
1212 3298 1293 3380 quod
1312 3300 1441 3361 internum
1455 3296 1661 3379 praevidebat.
1679 3300 1729 3381 qui
1747 3317 1823 3362 usn·

158 3392 241 3448 teres
259 3388 402 3465 lacerent,
422 3394 451 3453 in
470 3394 653 3457 stationibus
672 3402 704 3456 et
722 3391 856 3455 excubiis
873 3394 962 3455 collo·
1020 3394 1129 3473 periuri
1148 3398 1314 3453 castrorum
1333 3398 1419 3474 parte
1438 3390 1595 3453 menda·
1605 3390 1745 3471 agebam
1764 3402 1825 3455 sta·

159 3476 259 3539 cubat.
298 3480 416 3544 Etenim
433 3488 497 3565 jam
517 3496 588 3549 ante
606 3496 669 3549 toto
687 3506 725 3547 eo
750 3494 900 3567 tempore,
925 3506 963 3547 ex
1019 3487 1176 3547 bonesen
1199 3484 1306 3547 relicta
1329 3484 1439 3547 llnmcn
1463 3484 1561 3564 glacis
1586 3492 1758 3547 coumebrm
1786 3484 1824 3549 ad

158 3588 217 3649 quo
238 3576 387 3637 exercitus
405 3578 471 3640 urbi
490 3578 629 3642 admotus
640 3578 745 3653 luerat,
764 3597 874 3641 morem
883 3578 963 3641 bunc
1020 3574 1174 3639 terendam
1191 3580 1258 3640 suis
1276 3598 1364 3661 opem
1383 3580 1554 3653 tramirent,
1574 3578 1825 3643 cntmuudatum

157 3660 336 3729 Zrmoscina
355 3668 540 3749 observarat,
559 3680 594 3735 ut
605 3672 655 3735 rel
674 3670 904 3751 diligentissime
913 3692 962 3735 cx·
1019 3670 1066 3747 iri,
1084 3668 1205 3751 sibique
1223 3671 1305 3731 nullo
1323 3670 1494 3734 obsistente
1503 3674 1661 3753 repentina
1670 3676 1825 3755 eruptione

158 3754 256 3819 enbiis
279 3756 453 3844 dispositis,
478 3768 508 3828 in
534 3768 612 3849 ipsis
637 3764 827 3827 nibilominus
851 3756 962 3827 emnia
1019 3786 1057 3827 ea
1077 3760 1237 3826 inuadendi
1254 3764 1354 3825 locum
1372 3764 1502 3826 futurum
1522 3764 1686 3843 cogitabat
1728 3764 1825 3829 Obre-

157 3856 260 3913 eontra
288 3861 461 3937 repentinas
485 3862 661 3943 eruptiones
692 3857 831 3922 subsidia
856 3866 963 3941 parata
1019 3866 1126 3921 nemut
1143 3854 1204 3919 dici
1223 3858 1293 3937 ejus
1310 3860 1459 3919 stationes
1467 3856 1676 3921 Zboroviarar
1696 3864 1826 3931 tmmaet

157 3938 290 4019 baberet,
309 3948 438 4033 alboque
457 3956 568 4015 circum
589 3960 691 4015 castra
709 3955 961 4033 miaaopcroiccs
1019 3972 1098 4033 quae
1116 3970 1183 4013 curu
1205 3952 1349 4013 trecentis
1373 3949 1526 4031 equitibus
1551 3958 1724 4025 constaret,
1749 3952 1826 4015 'lbo-

154 4054 276 4120 semper
291 4041 405 4125 aliquot
424 4064 489 4106 eam
509 4044 548 4107 ad
567 4064 630 4107 rem
648 4042 842 4107 describeret
881 4044 962 4109 llinc
1019 4064 1086 4107 runs
1104 4042 1263 4107 0rinscius
1283 4064 1351 4105 eum
1370 4040 1566 4127 quadraginta
1586 4048 1708 4107 circiter
1724 4066 1827 4109 eoram

155 4132 224 4205 etsi,
244 4132 325 4211 quod
343 4139 373 4196 in
393 4134 601 4199 obsidionibus
620 4138 684 4199 beri
705 4138 794 4213 solet,
813 4159 873 4199 aron
893 4160 926 4202 ra
1019 4138 1096 4199 ultra
1115 4138 1252 4200 Valicam
1273 4136 1380 4201 flumen
1400 4140 1520 4219 positus
1539 4144 1614 4211 erat,
1634 4158 1703 4199 cum
1717 4142 1827 4201 ceteris

156 4226 274 4302 eruptio
292 4234 407 4290 nauta
426 4238 520 4301 esset,
538 4236 722 4313 saepiusque
741 4250 776 4291 se
795 4231 893 4293 bostis
918 4160 961 4295 df
1019 4232 1201 4294 Laurentius
1218 4228 1389 4291 Scurbecna
1408 4238 1525 4293 turmae
1544 4229 1664 4309 legatus
1675 4252 1768 4315 supra
1778 4252 1826 4293 ca·

156 4310 302 4391 tenderet,
321 4320 402 4381 ruralia
422 4328 520 4383 lamen
539 4343 669 4404 unquam
689 4327 720 4385 in
741 4326 852 4385 eastris
871 4328 960 4405 trepi·
1019 4332 1082 4385 stru
1098 4324 1146 4383 cis
1156 4321 1346 4385 Plescouiaur
1359 4322 1467 4385 flumen
1479 4322 1659 4387 excubabat.
1679 4324 1746 4387 Jarr
1754 4332 1826 4385 uxta

155 4402 238 4469 datio
258 4418 333 4485 orta,
353 4422 405 4475 aut
424 4434 552 4496 unquam
572 4418 692 4477 omnine
717 4415 758 4478 ad
777 4436 876 4489 arma,
901 4418 960 4477 nisi
1018 4424 1117 4477 autem
1136 4436 1174 4479 ce
1190 4418 1222 4477 iu
1240 4419 1411 4477 uniuersum
1429 4414 1578 4479 custodiis
1597 4416 1735 4479 omnibu
1744 4436 1826 4477 mxu-

153 4500 246 4561 semel
267 4500 345 4565 torta
366 4526 433 4567 mox
465 4526 483 4566 a
516 4505 656 4569 discessu
683 4509 790 4589 Regio,
822 4530 888 4571 enm
919 4506 961 4572 ad
1019 4506 1091 4571 data
1115 4509 1295 4571 Zumoscius
1319 4506 1461 4584 dederet,
1487 4518 1522 4571 ut
1546 4514 1715 4593 crumpeuti
1743 4510 1828 4571 busli

153 4592 317 4658 acuendam
345 4598 446 4661 militis
472 4599 656 4679 diligentiam
681 4622 718 4663 ex
744 4600 890 4664 industris
915 4610 961 4663 tu·
1019 4602 1100 4663 nullu
1120 4598 1272 4683 pugnandi
1292 4604 1381 4683 eopia
1401 4600 1483 4663 lacta
1503 4604 1616 4665 ambitu
1635 4612 1745 4686 capto,
1764 4622 1829 4665 rer·

152 4688 274 4751 multum
293 4689 470 4754 Zamoseins
489 4696 634 4769 nutrisset,
652 4695 868 4755 cortclamatum
893 4694 959 4757 luit.
1018 4712 1074 4754 sus
1093 4702 1193 4755 eastra
1213 4698 1318 4755 statim
1332 4714 1369 4757 se
1386 4698 1566 4777 reciperent,
1585 4718 1646 4759 noo
1666 4696 1760 4761 nodo
1768 4716 1829 4779 quo

152 4780 175 4839 li
195 4786 283 4857 enim,
302 4784 343 4847 ad
363 4806 440 4869 quoa
460 4789 607 4869 cujusque
626 4788 771 4869 temporis
790 4790 874 4849 vices
894 4809 959 4869 per·
1019 4784 1188 4849 subsidium
1206 4786 1268 4847 illis
1289 4790 1491 4869 propinquiori
1511 4812 1529 4853 e
1548 4790 1831 4853 tacotaettimteai

151 4872 302 4953 tinebant,
329 4900 396 4943 cum
422 4884 602 4943 coruscensia
628 4884 713 4963 aquis
742 4880 821 4943 boati
841 4880 960 4943 obviam
1019 4886 1133 4963 posset,
1152 4899 1253 4941 uerum
1271 4878 1368 4943 bostis
1388 4883 1478 4943 ctiam
1498 4883 1619 4963 longius
1637 4884 1681 4947 ab
1700 4884 1779 4949 urbe
1791 4880 1831 4947 ad

152 4974 304 5043 progressi
329 4973 473 5047 inissent,
499 4978 610 5037 ceteris
635 4994 729 5057 prope
755 4976 867 5053 ignaris
892 4996 959 5037 eum
1018 4970 1170 5054 pugnandi
1183 4974 1395 5037 necessilatem
1414 4976 1643 5057 pertraberebrr.
1683 4974 1722 5041 ld
1739 4980 1833 5057 igitr

154 5056 341 5137 rejiciebant.
363 5066 440 5127 ‘l'um
460 5086 532 5129 vero
553 5088 590 5129 eo
611 5070 782 5129 accurratius
799 5067 958 5131 obserran·
1018 5088 1085 5128 eum
1097 5066 1259 5129 ⁰rinscius
1271 5066 1408 5144 iaciant,
1427 5072 1585 5149 smjacim
1594 5068 1753 5155 peditatu
1765 5090 1831 5154 par·

153 5145 223 5211 dum
245 5150 275 5211 id
295 5153 355 5216 sibi
375 5162 581 5229 existimabat,
607 5182 666 5241 qun
692 5168 815 5242 propter
838 5160 959 5241 trigoris
1019 5168 1079 5221 tem
1097 5163 1199 5223 statim
1219 5160 1294 5223 urbs
1313 5164 1431 5235 emittit,
1451 5166 1501 5243 qul
1521 5162 1602 5245 quod
1620 5164 1710 5227 locum
1728 5168 1760 5227 is
1772 5184 1830 5227 om·
