3742 5626
97 182 150 241 tsi
625 172 861 239 amittuntur
888 170 1215 237 llellENS'l'Elllll

96 344 365 427 praescriptionem
379 336 485 422 judicii
500 336 611 399 vitandi
625 335 821 419 praecidisse.
849 332 901 398 nd
958 356 1021 397 rum
1043 356 1135 399 causa
1155 357 1213 397 non
1233 346 1346 398 temere
1364 338 1498 417 recipere
1514 354 1549 395 se.
1568 340 1708 415 possent,
1728 351 1767 392 ae

96 437 173 499 baec
197 435 264 507 illc,
293 432 331 495 ad
352 430 485 495 Ordines
505 448 687 511 provocasse
706 450 758 507 se,
778 450 844 491 eum
863 426 903 489 ad
958 430 1016 491 bac
1035 428 1153 511 quidem
1172 433 1288 492 ratione
1307 428 1346 491 ab
1366 428 1502 488 instituto
1522 446 1578 487 sno
1598 422 1712 485 deduci
1732 444 1769 487 se

98 536 285 591 neosrumenta
296 528 481 609 provocarit:
501 523 579 583 bace
592 526 703 584 sevire
715 528 903 583 motnrrmenta
961 522 1161 605 patiebantur.
1208 522 1269 585 Alii
1295 520 1486 584 sermonibus
1505 538 1607 581 corvam
1629 521 1769 601 permoti,

98 622 296 703 Reipublicae
326 620 510 690 existimare3
545 614 584 675 acl
614 616 760 678 Senatum
794 610 904 675 ‹leinde
960 622 994 675 ut
1013 617 1042 675 in
1063 624 1142 677 metu
1164 618 1405 695 gravissimarum
1426 634 1532 689 renum,
1552 616 1582 675 in
1602 612 1717 693 quibus
1738 612 1769 671 li·

99 714 240 777 redeunt:
278 720 312 773 ut
341 732 358 771 a
386 708 515 789 singulis
542 708 752 790 praesentibus
786 714 906 769 senten·
960 708 1063 771 bertas
1075 713 1123 787 agi
1136 705 1389 790 praetenderetur,
1408 714 1527 787 tempus
1546 702 1670 786 aliquod
1682 708 1769 767 iuter·

99 810 161 870 tine
180 804 327 878 dicantur,
347 808 462 883 petunt.
508 801 616 865 Dictae
643 798 813 883 lrvrjustnodi
839 818 904 861 sen·
962 804 1042 883 poni,
1062 800 1132 863 dnm
1152 804 1264 864 certius
1284 798 1324 861 de
1344 818 1380 861 eo
1400 802 1545 877 cognosci
1564 806 1690 881 posset,
1713 818 1769 860 non

99 900 210 961 tentiae
235 896 298 959 fere
323 914 429 957 oannes
455 894 588 955 interrant:
616 914 676 956 non
695 902 779 957 recte
797 892 908 963 lacere,
962 894 1088 956 moleste
1109 894 1262 967 lerebantr
1281 890 1400 974 quidam
1420 912 1486 951 earm
1505 893 1536 951 in
1555 911 1589 953 re
1608 890 1684 951 nibil
1698 892 1769 973 peri-

100 992 148 1073 qui
170 990 411 1051 constitutionem
428 986 616 1068 Sigismnndi
628 989 759 1068 Augusti
780 984 818 1047 de
839 1004 907 1049 ean·
963 986 1021 1047 culi
1048 1006 1120 1049 esse
1144 987 1362 1065 intelligerent,
1387 986 1556 1065 opinionem
1580 984 1770 1047 metuebant:

100 1086 145 1145 sis
164 1080 230 1143 lisei
246 1080 286 1145 ad
295 1084 396 1161 regias
407 1100 517 1143 causas
532 1100 635 1143 omenes
644 1078 815 1143 traberent:
835 1096 908 1139 esse
962 1100 1001 1141 ne
1029 1088 1168 1163 unquam
1201 1086 1341 1141 auctores
1370 1076 1517 1139 libertatis
1549 1075 1772 1153 destituissent,

102 1178 354 1251 constitutionem,
382 1168 907 1257 qnaactioncs‚qnaeadpersouam
962 1175 993 1234 in
1012 1173 1122 1251 vulgus
1141 1170 1377 1234 traducerentur.
1422 1170 1531 1233 Fiebat
1556 1170 1643 1243 binc,
1669 1178 1705 1231 ut
1725 1172 1772 1251 qai

101 1268 267 1350 l'rincipisr
287 1266 326 1330 ad
346 1269 534 1347 majestatem
554 1267 684 1347 imperii:
706 1268 759 1347 jus
780 1262 908 1345 deniqne
964 1268 1083 1327 omnino
1110 1268 1170 1327 ista
1196 1262 1421 1346 improbabant,
1441 1282 1508 1325 cum
1527 1262 1566 1325 ab
1587 1264 1661 1325 aliis
1680 1264 1772 1345 impu-

101 1380 137 1423 ae
166 1364 381 1443 possessiones
406 1363 507 1441 regim
534 1362 733 1441 pertinerent,
758 1353 909 1419 disertea
964 1364 1141 1438 gererentur,
1166 1356 1205 1419 ab
1232 1358 1300 1419 aliis
1325 1376 1385 1417 non
1409 1358 1601 1437 juvarentur,
1629 1358 1661 1417 iu
1690 1362 1772 1417 tanta

103 1458 206 1516 causis
225 1452 301 1525 fisci,
322 1473 359 1515 ac
377 1451 566 1534 vectigalium
593 1456 823 1515 interversonrm
849 1446 910 1511 dis·
965 1448 1083 1513 diversa
1108 1450 1297 1513 sentientium
1319 1447 1505 1511 multitudine
1530 1452 1588 1529 ipsi
1611 1448 1686 1509 nibil
1708 1470 1773 1531 pes·

104 1554 312 1607 cernerentur:
332 1544 493 1607 videndum
519 1564 597 1627 qnae
617 1566 672 1607 eae
691 1548 763 1615 siut,
782 1564 820 1605 ac
839 1560 909 1603 num
965 1552 1044 1605 sent
1095 1544 1191 1609 Latus
1227 1542 1417 1604 nibilominus
1452 1544 1635 1605 sentientiae
1669 1552 1774 1603 contra

104 1639 223 1700 omnino
242 1638 306 1699 lieri
327 1641 441 1721 possit,
469 1648 501 1699 nt
525 1638 696 1719 promiscue
721 1655 826 1698 omnes
843 1634 912 1697 Rex
967 1635 1164 1698 caracovinm
1196 1634 1316 1697 luerunt
1349 1636 1443 1717 prima
1471 1638 1534 1716 jam
1569 1634 1665 1699 multa
1696 1647 1774 1705 anu.

103 1730 205 1791 tollat:
242 1750 307 1791 curru
333 1730 391 1791 bac
417 1734 534 1793 ratione
558 1750 617 1791 non
645 1727 734 1793 modo
759 1748 846 1791 surrnr
874 1746 911 1791 ac
966 1748 1025 1811 qna
1055 1735 1244 1791 monumenta
1267 1730 1428 1790 restituere
1449 1730 1560 1809 jussus
1579 1727 1646 1799 init,
1666 1732 1699 1789 ia
1719 1748 1774 1811 qna

107 1820 314 1905 Reipublicae,
334 1822 390 1885 sed
412 1824 535 1887 aliorum
556 1826 744 1905 qnoqueins,
763 1825 794 1883 in
809 1822 911 1883 causis
966 1840 1059 1885 cansa
1078 1842 1117 1885 ne
1136 1822 1174 1884 ab
1201 1824 1277 1904 ipsis
1301 1817 1420 1903 quidem
1438 1818 1562 1883 Nuntiis
1591 1840 1775 1903 stragnapere

107 1933 185 1997 qnae
205 1914 243 1976 ad
264 1913 443 1979 delationem
466 1914 658 1999 quorumdam
684 1922 848 1997 susceptae
873 1910 912 1975 ad
968 1914 1213 1977 contendebatur.
1271 1914 1376 1977 Altera
1411 1932 1504 1975 causa
1536 1934 1605 1975 urm
1631 1916 1718 1975 varie
1736 1914 1772 1977 ad

107 2005 268 2069 eorundem
288 2008 446 2071 utilitatem
466 2010 656 2093 pertinerent,
676 2004 800 2093 quadiu
815 2008 912 2089 ipsius
969 2006 1001 2069 ivl
1019 2010 1169 2071 nonnullis
1190 2004 1407 2069 decurrendum
1433 2004 1601 2079 videbatur,
1623 2016 1697 2088 post
1716 2006 1773 2068 dis

105 2108 257 2183 potestate
276 2112 441 2179 novresset,
459 2100 664 2165 volventatibus
680 2100 913 2183 petentiumista
969 2120 1088 2163 cessum
1123 2102 1245 2164 llenriei
1278 2096 1496 2180 coadjutorium
1524 2102 1710 2181 impetrasse
1735 2100 1773 2163 di·

107 2192 331 2255 coridonaturns
356 2204 451 2257 esset.
497 2194 601 2257 Nuntii
628 2199 659 2257 in
678 2213 736 2256 sno
756 2194 913 2275 proposito
970 2202 1100 2268 emeturr
1126 2198 1213 2276 eique
1240 2193 1284 2253 rei
1302 2190 1389 2253 tidem
1411 2190 1533 2265 iaceret,
1553 2212 1633 2275 quac
1652 2194 1774 2257 alterins

108 2284 301 2347 nihilominus
338 2286 558 2369 persistebant3
593 2308 706 2371 perque
742 2286 912 2369 complures
971 2286 1189 2349 posnaniensis
1233 2285 1438 2367 Episcopatus
1488 2288 1725 2349 nominationem
1759 2310 1775 2349 a

107 2375 173 2441 dies
199 2377 403 2461 disputatione
432 2380 489 2441 bac
519 2388 651 2443 extracta
682 2380 854 2462 frequenter
882 2381 913 2439 in
970 2378 1109 2441 discessu
1146 2379 1269 2441 ilenrici
1303 2380 1333 2439 in
1367 2378 1448 2439 illum
1482 2378 1633 2441 collatam.
1700 2380 1775 2463 negt

109 2470 237 2533 conscilio
257 2490 314 2531 suo
326 2472 589 2535 tumultuabantur.
628 2470 865 2535 Demonstrabat
874 2472 914 2531 iis
974 2474 1042 2555 ipse
1063 2472 1204 2535 exbibere
1232 2492 1291 2533 non
1310 2470 1462 2545 dubitant3
1487 2492 1579 2555 quare
1605 2492 1674 2535 cern
1705 2474 1775 2536 b'a'r-

107 2562 174 2625 llex
205 2582 382 2645 quamquam
419 2566 549 2647 iniquum
581 2572 680 2643 esset,
714 2586 753 2627 ne
783 2562 913 2626 discerni
969 2568 1101 2628 saviensi
1133 2562 1270 2639 loedere,
1309 2582 1385 2645 quae
1417 2565 1456 2625 ab
1487 2564 1616 2627 absente
1646 2566 1776 2631 ilenrico

109 2654 227 2737 quidem
238 2656 473 2737 interlegitimns
485 2678 523 2717 ac
538 2658 709 2739 illegitimas
721 2660 914 2721 evocationes
968 2657 1127 2741 quidquam
1146 2661 1295 2741 petiisset,
1316 2665 1419 2719 contra
1437 2656 1667 2741 Rempublieam
1687 2660 1778 2724 iaetu·

110 2768 163 2809 eos
182 2748 270 2827 velle,
289 2746 392 2811 videre
411 2759 567 2831 praetcrea
593 2754 682 2813 etiam
703 2770 739 2813 se
758 2750 839 2813 nullu
860 2768 914 2811 eos
969 2770 1033 2813 rrum
1054 2772 1120 2813 eam
1136 2750 1302 2834 judicatum
1324 2758 1409 2813 esset
1432 2754 1643 2815 conventionis
1662 2756 1730 2837 ejus
1749 2760 1776 2817 ri

108 2842 166 2902 bac
189 2838 228 2903 dc
252 2860 286 2903 re
311 2840 420 2923 ngevndi
446 2846 550 2906 asnis
576 2842 715 2907 mandata
741 2846 915 2926 accepisset
971 2842 1135 2925 vergendum
1154 2844 1329 2907 censebant.
1367 2844 1433 2907 Rex
1457 2844 1561 2907 ultimo
1582 2846 1777 2911 Comitiorvnu

110 2932 283 3016 permittere
300 2942 410 3011 tamem
429 2944 463 2998 ut
481 2933 521 2999 ad
541 2936 785 2999 suosreierrent:
805 2956 865 3020 quo
884 2938 915 2999 in
972 2938 1021 3000 die
1047 2938 1198 3001 decretum
1223 2940 1309 3000 tulitr
1331 2934 1547 3019 eoadJutoriam
1573 2942 1714 3017 sustrdit3
1740 2940 1778 3005 de

109 3030 251 3109 proximis
270 3026 467 3089 conventibus
488 3032 561 3091 certi
581 3028 693 3110 aliquid
711 3030 805 3093 statui
826 3030 866 3090 de
879 3049 916 3091 eo
970 3036 1177 3115 possessione,
1198 3052 1276 3114 qnae
1296 3031 1336 3093 ab
1356 3030 1408 3093 illo
1426 3030 1613 3109 tenebantur,
1632 3038 1777 3115 cognitio·

110 3130 231 3201 posset:
250 3123 367 3183 interitu
386 3142 448 3183 rem
469 3126 613 3201 integram
625 3140 661 3183 se
671 3124 709 3183 iis
720 3130 917 3199 servatumm,
972 3146 1040 3187 nem
1060 3124 1099 3185 ad
1119 3124 1268 3187 ordinaria
1279 3122 1453 3187 Nobilitatis
1468 3122 1592 3206 judicia,
1612 3128 1773 3209 inquibus

111 3232 207 3295 neque
226 3214 306 3275 rrllas
319 3214 395 3275 alies
412 3234 533 3289 carneas,
554 3222 673 3297 praeter
694 3214 917 3277 Canrcovianaa
972 3238 1032 3299 qao
1041 3215 1364 3299 jureeaspossideret,
1384 3216 1516 3291 doceret,
1530 3220 1648 3279 remisit.
1678 3216 1771 3279 llune

111 3304 203 3383 duras,
230 3324 305 3383 quas
332 3310 362 3368 in
385 3306 532 3389 jndicienn
551 3304 701 3369 adductae
717 3311 781 3387 jam
802 3312 917 3383 essent,
972 3308 1011 3373 ad
1031 3309 1150 3371 moderna
1170 3312 1454 3372 statoGonritioenm
1479 3320 1604 3393 tempore
1622 3318 1775 3387 extracto,

111 3400 306 3477 cogniturum.
350 3400 446 3461 Erant
471 3402 519 3481 qni
547 3399 586 3459 ub
612 3399 850 3482 elrcbiepiseopo
876 3397 916 3460 ob
972 3405 1084 3481 ingenti
1111 3424 1176 3464 cerm
1206 3406 1336 3463 omnium
1360 3402 1476 3480 dolore,
1512 3402 1667 3467 humeto
1688 3424 1777 3485 prae·

111 3490 287 3571 templorum
323 3510 535 3572 sacrorumque
571 3491 761 3552 violationem
800 3494 916 3553 evocati
972 3500 1075 3558 sertim
1097 3516 1201 3558 ornnes
1212 3496 1393 3573 obtestante,
1413 3496 1465 3557 Lis
1473 3500 1561 3559 oniae
1577 3496 1684 3559 saltem
1696 3496 1779 3559 llus·

111 3580 243 3644 buerant:
270 3586 319 3665 qui
347 3603 384 3645 eo
409 3584 614 3645 vehementius
645 3583 705 3645 sibi
736 3584 917 3663 nretaebant,
971 3592 1094 3671 sineque
1116 3610 1216 3653 curam
1236 3592 1435 3672 susciperent,
1454 3610 1494 3651 ne
1511 3589 1560 3651 rel
1579 3590 1661 3652 iilam
1670 3610 1780 3671 magno

111 3674 192 3757 qnod
218 3695 317 3738 rumor
341 3696 396 3759 per
416 3674 482 3738 dies
503 3696 557 3737 eos
579 3696 704 3759 sparsus
723 3677 828 3751 inierat,
848 3697 917 3739 con·
972 3681 1085 3759 labore,
1106 3704 1143 3745 ac
1162 3686 1308 3763 sanmrine
1328 3704 1385 3745 sno
1407 3690 1521 3767 partam
1537 3686 1617 3745 omni
1630 3705 1780 3767 openunc

109 3770 248 3833 stitniase
267 3769 381 3849 Regem
400 3772 592 3832 severissime
607 3774 661 3852 jus
681 3769 719 3831 de
739 3774 777 3833 iis
788 3770 917 3833 dicerett
972 3768 1144 3837 destitutam
1164 3796 1279 3837 uersum
1300 3780 1484 3838 amitterent:
1503 3776 1551 3838 vel
1574 3777 1654 3839 bane
1673 3778 1780 3839 barba·

111 3865 339 3945 opinionemque
365 3884 430 3925 eurn
455 3862 522 3925 Rea
540 3870 677 3937 auxerat,
697 3862 777 3943 quod
797 3862 866 3925 dum
886 3866 916 3925 in
972 3872 1014 3929 ris
1036 3866 1231 3951 diripiendam
1258 3869 1435 3951 proderent3
1461 3870 1663 3931 Constantino
1692 3874 1780 3933 eiiam

112 3960 271 4017 vernatione
291 3978 350 4017 non
371 3956 475 4038 procul
497 3978 515 4017 a
535 3956 783 4037 possessionibus
792 3957 916 4020 Archie·
973 3960 1138 4040 Ostrogiae
1159 3962 1257 4035 Duce,
1278 3962 1415 4023 l’alatino
1427 3962 1583 4025 liioviensi
1606 3968 1780 4025 recerstissi-

110 4050 227 4131 piscopi
254 4060 354 4121 esset,
379 4050 529 4111 Levitinnr
556 4048 594 4111 ab
616 4050 855 4131 licebiepiseopo
874 4050 916 4108 in·
971 4074 1037 4115 mos
1048 4074 1183 4137 quosque
1193 4058 1314 4117 nrrntios
1333 4054 1372 4117 de
1384 4054 1574 4118 'farmarornm
1589 4056 1782 4139 expeditione

110 4144 222 4203 vitatus
242 4142 281 4203 ad
301 4163 367 4204 eune
389 4149 576 4215 accesserat,
603 4143 843 4223 larniliariterque
862 4162 917 4223 per
971 4147 1150 4228 proferente,
1169 4148 1240 4209 nibil
1260 4156 1358 4210 tanuen
1380 4158 1478 4211 actum
1492 4150 1556 4211 levit.
1597 4151 1782 4231 Appellatus

112 4234 225 4313 aliquot
250 4234 316 4296 dies
344 4256 409 4297 cunr
431 4236 482 4295 illn
507 4236 618 4301 lucrata
639 4256 696 4297 non
717 4239 806 4318 parnei
826 4238 914 4297 etium
942 4228 946 4343 i
971 4261 1026 4323 per
1055 4260 1108 4301 eos
1135 4239 1200 4301 dies
1220 4239 1390 4321 frequenter
1410 4262 1427 4301 a
1448 4242 1606 4305 Litbnanis
1626 4242 1698 4305 Rex
1718 4242 1781 4315 buit,

112 4325 160 4387 alii
184 4346 237 4385 sex
257 4331 359 4387 euersis
380 4334 494 4389 evocati
516 4350 582 4389 eunt
605 4328 744 4405 Ninnios,
765 4350 824 4412 qno
845 4330 915 4391 laci·
941 4351 945 4427 i
971 4334 1375 4397 ntltivouianrLitbnunicae
1396 4332 1539 4395 lormnlne
1560 4334 1687 4399 laceret.
1724 4335 1780 4397 Ubi

111 4417 169 4479 lius
198 4416 315 4497 judicio
347 4440 382 4480 sc
401 4421 619 4498 subducerent,
649 4426 743 4483 eterni
770 4444 805 4484 se
830 4427 915 4503 passi
942 4434 945 4461 ¹
972 4429 1077 4488 necin
1098 4430 1221 4503 Senatu,
1242 4430 1346 4487 necin
1368 4428 1496 4489 concilio
1517 4428 1703 4491 Nanniorum
1724 4449 1780 4489 ma·

111 4512 256 4571 iuvissent:
290 4516 387 4572 onurin
419 4516 507 4574 etiarn
538 4514 679 4577 tentarnla
713 4514 771 4575 sibi
805 4524 915 4575 statue·
971 4540 1104 4599 peroptare
1134 4542 1152 4581 a
1177 4538 1235 4600 quo
1262 4540 1348 4600 quam
1369 4520 1428 4581 illis
1449 4519 1732 4583 contradicebatur:
1752 4524 1782 4581 in

110 4614 194 4667 rant:
214 4625 272 4685 qno
306 4616 464 4685 aurtequatu
495 4607 656 4687 pericnlum
679 4627 789 4669 cartauc
811 4605 915 4667 dictio·
972 4612 1029 4671 boc
1048 4616 1149 4693 potins
1169 4632 1227 4671 non
1247 4608 1399 4687 deessent,
1419 4618 1469 4694 qni
1479 4635 1537 4695 quo
1547 4614 1711 4678 laitlrnanis
1732 4612 1782 4675 ad·

111 4720 166 4759 ures
206 4696 245 4757 ad
275 4720 310 4758 se
342 4704 525 4780 perveniret,
561 4700 619 4761 snb
659 4702 814 4763 Carneovii
850 4720 916 4781 per·
968 4706 1119 4785 jutoribns
1146 4704 1281 4781 lucilius,
1308 4726 1367 4786 quo
1394 4706 1630 4783 contendebant,
1652 4732 1672 4771 a
1694 4709 1783 4788 Rege

110 4812 185 4852 sona
208 4789 324 4872 jndicio
352 4814 456 4854 orienes
483 4796 674 4874 eriperentur.
727 4794 831 4873 ltaque
856 4795 913 4853 etsi
973 4804 1196 4879 extorquerent,
1220 4818 1279 4858 non
1304 4802 1388 4859 inviti
1415 4798 1569 4861 decessuri
1596 4800 1656 4863 illis
1687 4800 1727 4863 ele
1748 4820 1784 4861 ea

110 4882 313 4945 liberabantur
346 4894 423 4946 nutu
459 4906 511 4961 eo,
543 4906 609 4945 curm
637 4892 756 4966 practer
787 4884 916 4947 Carano·
972 4888 1158 4963 viderentnv3
1196 4890 1331 4953 Surrexit
1362 4891 1556 4967 Zanvoscius3
1587 4894 1785 4976 reliquosque

112 4977 216 5033 vianae
237 4998 362 5037 euersas.
383 4978 479 5037 inertias
499 4978 575 5039 alias
585 4976 786 5057 judicaturum
803 4980 916 5041 seRex
944 4970 948 5016 l
974 4985 1096 5045 intuitus
1117 5004 1174 5043 sno
1195 5006 1373 5065 suorumque
1394 4988 1622 5049 ‹ronrmiiitonum
1637 4988 1786 5069 perieulis

111 5064 300 5127 sustentaret:
330 5071 379 5147 qui
406 5080 534 5131 attunten
561 5071 654 5132 scnul
675 5076 715 5131 ita
736 5074 765 5131 in
793 5094 914 5135 carosam
944 5019 1128 5163 llaivoniam
1153 5078 1231 5140 bosti
1263 5088 1394 5159 ereptam
1421 5076 1510 5157 ‹lixit3
1538 5078 1575 5141 de
1596 5096 1656 5162 ipre
1683 5080 1785 5161 siqui

111 5162 241 5223 iereressi
265 5158 411 5233 luissent,
431 5172 462 5221 nt
484 5166 710 5225 existimationis
732 5164 770 5225 de
791 5188 826 5227 se
846 5168 916 5229 aiio·
945 5186 949 5205 ¹
973 5168 1176 5247 ambigerent,
1200 5169 1237 5232 ad
1258 5169 1396 5233 bloscunn
1426 5175 1521 5253 ipsam
1542 5196 1577 5237 sc
1598 5194 1784 5255 provocare:
