<?xml version="1.0" encoding="UTF-8"?>
<!DOCTYPE html PUBLIC "-//W3C//DTD XHTML 1.0 Transitional//EN"
    "http://www.w3.org/TR/xhtml1/DTD/xhtml1-transitional.dtd">
<html xmlns="http://www.w3.org/1999/xhtml" xml:lang="en" lang="en">
 <head>
  <title>
</title>
<meta http-equiv="Content-Type" content="text/html;charset=utf-8" />
  <meta name='ocr-system' content='tesseract 3.04.00' />
  <meta name='ocr-capabilities' content='ocr_page ocr_carea ocr_par ocr_line ocrx_word'/>
</head>
<body>
  <div class='ocr_page' id='page_1' title='image "./historiaeruthen00stargoog_0313.png"; bbox 0 0 3742 5626; ppageno 0'>
   <div class='ocr_carea' id='block_1_1' title="bbox 94 161 1140 239">
    <p class='ocr_par' dir='ltr' id='par_1_1' title="bbox 94 161 1140 239">
     <span class='ocr_line' id='line_1_1' title="bbox 94 161 1140 239; baseline 0.008 -19"><span class='ocrx_word' id='word_1_1' title='bbox 94 162 159 233; x_wconf 80' lang='lat' dir='ltr'><strong>xn</strong></span> <span class='ocrx_word' id='word_1_2' title='bbox 332 232 336 239; x_wconf 55' lang='grc'><strong>,</strong></span> <span class='ocrx_word' id='word_1_3' title='bbox 741 161 1140 228; x_wconf 72' lang='lat' dir='ltr'><strong>venerario</strong></span> 
     </span>
    </p>
   </div>
   <div class='ocr_carea' id='block_1_2' title="bbox 98 329 1796 3475">
    <p class='ocr_par' dir='ltr' id='par_1_2' title="bbox 98 329 1796 3475">
     <span class='ocr_line' id='line_1_2' title="bbox 105 329 1774 448; baseline -0.001 -33"><span class='ocrx_word' id='word_1_4' title='bbox 105 337 262 415; x_wconf 65' lang='lat' dir='ltr'><strong>tinnire*</strong></span> <span class='ocrx_word' id='word_1_5' title='bbox 281 332 437 433; x_wconf 64' lang='lat' dir='ltr'><strong>bellich,</strong></span> <span class='ocrx_word' id='word_1_6' title='bbox 465 329 696 409; x_wconf 77' lang='lat' dir='ltr'><strong>¹titusilior&#39;um</strong></span> <span class='ocrx_word' id='word_1_7' title='bbox 721 348 866 448; x_wconf 80' lang='lat' dir='ltr'><strong>suonam</strong></span> <span class='ocrx_word' id='word_1_8' title='bbox 878 330 1111 430; x_wconf 81' lang='lat' dir='ltr'><strong>administro,</strong></span> <span class='ocrx_word' id='word_1_9' title='bbox 1145 346 1248 432; x_wconf 86' lang='lat' dir='ltr'><strong>atque</strong></span> <span class='ocrx_word' id='word_1_10' title='bbox 1278 338 1451 411; x_wconf 87' lang='lat' dir='ltr'><strong>actionum</strong></span> <span class='ocrx_word' id='word_1_11' title='bbox 1483 340 1657 411; x_wconf 84' lang='lat' dir='ltr'><strong>omnium-</strong></span> <span class='ocrx_word' id='word_1_12' title='bbox 1674 340 1774 413; x_wconf 90' lang='lat' dir='ltr'><strong>socio</strong></span> 
     </span>
     <span class='ocr_line' id='line_1_3' title="bbox 107 481 1796 586; baseline -0.002 -19"><span class='ocrx_word' id='word_1_13' title='bbox 107 485 438 585; x_wconf 66' lang='lat' dir='ltr'><strong>tte-testrep&#39;etdem</strong></span> <span class='ocrx_word' id='word_1_14' title='bbox 472 487 547 560; x_wconf 80' lang='lat' dir='ltr'><strong>uti.-</strong></span> <span class='ocrx_word' id='word_1_15' title='bbox 584 481 684 579; x_wconf 77' lang='lat' dir='ltr'><strong>ssei,</strong></span> <span class='ocrx_word' id='word_1_16' title='bbox 704 495 843 582; x_wconf 85' lang='lat' dir='ltr'><strong>praeter</strong></span> <span class='ocrx_word' id='word_1_17' title='bbox 874 483 1083 583; x_wconf 73' lang='lat' dir='ltr'><strong>stipendium</strong></span> <span class='ocrx_word' id='word_1_18' title='bbox 1116 485 1331 584; x_wconf 86' lang='lat' dir='ltr'><strong>opulentum,</strong></span> <span class='ocrx_word' id='word_1_19' title='bbox 1370 486 1590 586; x_wconf 85' lang='lat' dir='ltr'><strong>praediorum</strong></span> <span class='ocrx_word' id='word_1_20' title='bbox 1622 487 1796 563; x_wconf 68' lang='lat' dir='ltr'><strong>tuomet·</strong></span> 
     </span>
     <span class='ocr_line' id='line_1_4' title="bbox 108 635 1774 741; baseline -0.004 -20"><span class='ocrx_word' id='word_1_21' title='bbox 108 641 280 741; x_wconf 75' lang='lat' dir='ltr'><strong>regalium</strong></span> <span class='ocrx_word' id='word_1_22' title='bbox 296 646 435 736; x_wconf 62' lang='grc' dir='ltr'><strong>πω,-</strong></span> <span class='ocrx_word' id='word_1_23' title='bbox 459 635 507 711; x_wconf 77' lang='lat' dir='ltr'><strong>ad</strong></span> <span class='ocrx_word' id='word_1_24' title='bbox 535 660 640 713; x_wconf 83' lang='lat' dir='ltr'><strong>omne</strong></span> <span class='ocrx_word' id='word_1_25' title='bbox 671 639 767 712; x_wconf 76' lang='lat' dir='ltr'><strong>ritae</strong></span> <span class='ocrx_word' id='word_1_26' title='bbox 798 644 936 735; x_wconf 89' lang='lat' dir='ltr'><strong>tempus</strong></span> <span class='ocrx_word' id='word_1_27' title='bbox 967 638 1143 713; x_wconf 81' lang='lat' dir='ltr'><strong>attribuit:¹</strong></span> <span class='ocrx_word' id='word_1_28' title='bbox 1169 662 1212 712; x_wconf 88' lang='lat' dir='ltr'><strong>ac</strong></span> <span class='ocrx_word' id='word_1_29' title='bbox 1242 638 1392 736; x_wconf 89' lang='lat' dir='ltr'><strong>denique</strong></span> <span class='ocrx_word' id='word_1_30' title='bbox 1424 639 1551 715; x_wconf 85' lang='lat' dir='ltr'><strong>nobilis</strong></span> <span class='ocrx_word' id='word_1_31' title='bbox 1588 639 1774 736; x_wconf 71' lang='lat' dir='ltr'>indigenae</span> 
     </span>
     <span class='ocr_line' id='line_1_5' title="bbox 105 783 1772 891; baseline -0.003 -18"><span class='ocrx_word' id='word_1_32' title='bbox 105 797 274 873; x_wconf 70' lang='lat' dir='ltr'><strong>mantem</strong></span> <span class='ocrx_word' id='word_1_33' title='bbox 294 791 724 891; x_wconf 78' lang='lat' dir='ltr'><strong>atque.juia·impertivit</strong></span> <span class='ocrx_word' id='word_1_34' title='bbox 748 856 753 863; x_wconf 88' lang='lat'><strong><em>.</em></strong></span> <span class='ocrx_word' id='word_1_35' title='bbox 775 783 858 879; x_wconf 76' lang='lat' dir='ltr'><strong>Quo</strong></span> <span class='ocrx_word' id='word_1_36' title='bbox 877 788 1054 886; x_wconf 76' lang='lat' dir='ltr'>Principe,</span> <span class='ocrx_word' id='word_1_37' title='bbox 1080 813 1167 865; x_wconf 88' lang='lat' dir='ltr'><strong>anno</strong></span> <span class='ocrx_word' id='word_1_38' title='bbox 1190 793 1466 887; x_wconf 69' lang='lat' dir='ltr'><strong>lassaturus,</strong></span> <span class='ocrx_word' id='word_1_39' title='bbox 1494 795 1551 866; x_wconf 89' lang='lat' dir='ltr'><strong>cui</strong></span> <span class='ocrx_word' id='word_1_40' title='bbox 1577 802 1772 868; x_wconf 81' lang='lat' dir='ltr'><strong>estnomeu</strong></span> 
     </span>
     <span class='ocr_line' id='line_1_6' title="bbox 104 937 1773 1039; baseline -0.004 -13"><span class='ocrx_word' id='word_1_41' title='bbox 104 945 249 1027; x_wconf 71' lang='lat' dir='ltr'><strong>Grodno</strong></span> <span class='ocrx_word' id='word_1_42' title='bbox 275 943 516 1020; x_wconf 84' lang='lat' dir='ltr'><strong>nd·l¹rus&#39;siae</strong></span> <span class='ocrx_word' id='word_1_43' title='bbox 544 951 586 1016; x_wconf 86' lang='lat' dir='ltr'><strong>et</strong></span> <span class='ocrx_word' id='word_1_44' title='bbox 609 938 819 1018; x_wconf 63' lang='lat' dir='ltr'><strong>Omrlmdiae</strong></span> <span class='ocrx_word' id='word_1_45' title='bbox 844 937 954 1016; x_wconf 85' lang='lat' dir='ltr'><strong>duces</strong></span> <span class='ocrx_word' id='word_1_46' title='bbox 979 943 1110 1015; x_wconf 85' lang='lat' dir='ltr'><strong>missus</strong></span> <span class='ocrx_word' id='word_1_47' title='bbox 1134 953 1207 1039; x_wconf 78' lang='lat' dir='ltr'><strong>est,</strong></span> <span class='ocrx_word' id='word_1_48' title='bbox 1240 956 1278 1018; x_wconf 90' lang='lat' dir='ltr'><strong>ut</strong></span> <span class='ocrx_word' id='word_1_49' title='bbox 1304 945 1348 1017; x_wconf 87' lang='lat' dir='ltr'><strong>ab</strong></span> <span class='ocrx_word' id='word_1_50' title='bbox 1385 947 1446 1039; x_wconf 88' lang='lat' dir='ltr'><strong>iis,</strong></span> <span class='ocrx_word' id='word_1_51' title='bbox 1487 946 1519 1017; x_wconf 88' lang='lat' dir='ltr'><strong>si</strong></span> <span class='ocrx_word' id='word_1_52' title='bbox 1541 943 1633 1018; x_wconf 80' lang='lat' dir='ltr'><strong>torte</strong></span> <span class='ocrx_word' id='word_1_53' title='bbox 1659 940 1773 1022; x_wconf 78' lang='lat' dir='ltr'><strong>Sneci</strong></span> 
     </span>
     <span class='ocr_line' id='line_1_7' title="bbox 106 1089 1772 1194; baseline 0 -22"><span class='ocrx_word' id='word_1_54' title='bbox 106 1101 292 1178; x_wconf 81' lang='lat' dir='ltr'><strong>Lirnniam</strong></span> <span class='ocrx_word' id='word_1_55' title='bbox 325 1099 475 1193; x_wconf 78' lang='lat' dir='ltr'><strong>agitare·</strong></span> <span class='ocrx_word' id='word_1_56' title='bbox 488 1091 711 1190; x_wconf 70' lang='lat' dir='ltr'>molirentur,</span> <span class='ocrx_word' id='word_1_57' title='bbox 742 1089 911 1169; x_wconf 84' lang='lat' dir='ltr'><strong>auxilium</strong></span> <span class='ocrx_word' id='word_1_58' title='bbox 941 1102 1089 1194; x_wconf 81' lang='lat' dir='ltr'><strong>peteret.</strong></span> <span class='ocrx_word' id='word_1_59' title='bbox 1141 1094 1223 1170; x_wconf 85' lang='lat' dir='ltr'><strong>lloc</strong></span> <span class='ocrx_word' id='word_1_60' title='bbox 1246 1095 1352 1191; x_wconf 87' lang='lat' dir='ltr'><strong>Rege</strong></span> <span class='ocrx_word' id='word_1_61' title='bbox 1366 1095 1459 1170; x_wconf 76' lang='lat' dir='ltr'><strong>datis</strong></span> <span class='ocrx_word' id='word_1_62' title='bbox 1484 1094 1666 1173; x_wconf 77' lang='lat' dir='ltr'><strong>defunctoz</strong></span> <span class='ocrx_word' id='word_1_63' title='bbox 1702 1093 1772 1174; x_wconf 84' lang='lat' dir='ltr'><strong>Si·</strong></span> 
     </span>
     <span class='ocr_line' id='line_1_8' title="bbox 105 1243 1770 1353; baseline -0.002 -25"><span class='ocrx_word' id='word_1_64' title='bbox 105 1249 297 1353; x_wconf 83' lang='lat' dir='ltr'><strong>gisnuando¹</strong></span> <span class='ocrx_word' id='word_1_65' title='bbox 315 1249 452 1346; x_wconf 61' lang='lat' dir='ltr'><strong>lertio,</strong></span> <span class='ocrx_word' id='word_1_66' title='bbox 478 1245 659 1321; x_wconf 86' lang='lat' dir='ltr'><strong>literarum</strong></span> <span class='ocrx_word' id='word_1_67' title='bbox 682 1248 813 1344; x_wconf 82' lang='lat' dir='ltr'><strong>pariter</strong></span> <span class='ocrx_word' id='word_1_68' title='bbox 837 1268 879 1318; x_wconf 88' lang='lat' dir='ltr'><strong>ac</strong></span> <span class='ocrx_word' id='word_1_69' title='bbox 904 1248 1059 1322; x_wconf 87' lang='lat' dir='ltr'><strong>virorum</strong></span> <span class='ocrx_word' id='word_1_70' title='bbox 1085 1243 1301 1322; x_wconf 77' lang='lat' dir='ltr'><strong>literatorum</strong></span> <span class='ocrx_word' id='word_1_71' title='bbox 1324 1247 1562 1347; x_wconf 87' lang='lat' dir='ltr'><strong>cupidissimo,</strong></span> <span class='ocrx_word' id='word_1_72' title='bbox 1588 1247 1686 1329; x_wconf 88' lang='lat' dir='ltr'><strong>idem</strong></span> <span class='ocrx_word' id='word_1_73' title='bbox 1709 1250 1770 1326; x_wconf 86' lang='lat' dir='ltr'><strong>ui·</strong></span> 
     </span>
     <span class='ocr_line' id='line_1_9' title="bbox 104 1395 1772 1498; baseline -0.003 -15"><span class='ocrx_word' id='word_1_74' title='bbox 104 1406 222 1483; x_wconf 84' lang='lat' dir='ltr'><strong>licium</strong></span> <span class='ocrx_word' id='word_1_75' title='bbox 248 1424 369 1497; x_wconf 85' lang='lat' dir='ltr'><strong>suum,</strong></span> <span class='ocrx_word' id='word_1_76' title='bbox 394 1409 486 1474; x_wconf 80' lang='lat' dir='ltr'><strong>tanta</strong></span> <span class='ocrx_word' id='word_1_77' title='bbox 520 1395 714 1494; x_wconf 74' lang='lat' dir='ltr'><strong>diligentia,</strong></span> <span class='ocrx_word' id='word_1_78' title='bbox 745 1395 1013 1496; x_wconf 85' lang='lat' dir='ltr'><strong>prudentiaque,</strong></span> <span class='ocrx_word' id='word_1_79' title='bbox 1047 1411 1150 1496; x_wconf 88' lang='lat' dir='ltr'><strong>atque</strong></span> <span class='ocrx_word' id='word_1_80' title='bbox 1181 1396 1365 1496; x_wconf 76' lang='lat' dir='ltr'><strong>fidelitate,</strong></span> <span class='ocrx_word' id='word_1_81' title='bbox 1394 1402 1623 1498; x_wconf 74' lang='lat' dir='ltr'><strong>approbarit3</strong></span> <span class='ocrx_word' id='word_1_82' title='bbox 1655 1415 1697 1477; x_wconf 88' lang='lat' dir='ltr'><strong>ut</strong></span> <span class='ocrx_word' id='word_1_83' title='bbox 1727 1404 1772 1478; x_wconf 84' lang='lat' dir='ltr'><strong>ab</strong></span> 
     </span>
     <span class='ocr_line' id='line_1_10' title="bbox 105 1528 1773 1659; baseline -0.003 -25"><span class='ocrx_word' id='word_1_84' title='bbox 105 1563 193 1659; x_wconf 91' lang='lat' dir='ltr'><strong>ipso,</strong></span> <span class='ocrx_word' id='word_1_85' title='bbox 220 1552 265 1630; x_wconf 88' lang='lat' dir='ltr'><strong>ad</strong></span> <span class='ocrx_word' id='word_1_86' title='bbox 288 1549 463 1628; x_wconf 71' lang='lat' dir='ltr'><strong>metanda</strong></span> <span class='ocrx_word' id='word_1_87' title='bbox 488 1549 678 1626; x_wconf 90' lang='lat' dir='ltr'><strong>Pruteniea</strong></span> <span class='ocrx_word' id='word_1_88' title='bbox 708 1552 846 1645; x_wconf 89' lang='lat' dir='ltr'><strong>negotia</strong></span> <span class='ocrx_word' id='word_1_89' title='bbox 874 1552 1046 1648; x_wconf 83' lang='lat' dir='ltr'><strong>maxima,</strong></span> <span class='ocrx_word' id='word_1_90' title='bbox 1079 1528 1400 1650; x_wconf 85' lang='lat' dir='ltr'><strong>componendosque</strong></span> <span class='ocrx_word' id='word_1_91' title='bbox 1432 1574 1516 1627; x_wconf 87' lang='lat' dir='ltr'><strong>eum</strong></span> <span class='ocrx_word' id='word_1_92' title='bbox 1546 1551 1773 1652; x_wconf 84' lang='lat' dir='ltr'><strong>Principibus</strong></span> 
     </span>
     <span class='ocr_line' id='line_1_11' title="bbox 103 1699 1770 1803; baseline -0.002 -18"><span class='ocrx_word' id='word_1_93' title='bbox 103 1711 230 1785; x_wconf 83' lang='lat' dir='ltr'><strong>vicinis</strong></span> <span class='ocrx_word' id='word_1_94' title='bbox 244 1705 334 1781; x_wconf 87' lang='lat' dir='ltr'><strong>lites</strong></span> <span class='ocrx_word' id='word_1_95' title='bbox 360 1700 596 1799; x_wconf 80' lang='lat' dir='ltr'><strong>difficillimae,</strong></span> <span class='ocrx_word' id='word_1_96' title='bbox 619 1704 658 1775; x_wconf 90' lang='lat' dir='ltr'><strong>in</strong></span> <span class='ocrx_word' id='word_1_97' title='bbox 681 1703 805 1799; x_wconf 88' lang='lat' dir='ltr'><strong>primis</strong></span> <span class='ocrx_word' id='word_1_98' title='bbox 829 1699 1051 1777; x_wconf 67' lang='lat' dir='ltr'><strong>adhiberetur</strong></span> <span class='ocrx_word' id='word_1_99' title='bbox 1077 1702 1260 1802; x_wconf 80' lang='lat' dir='ltr'><strong>Regisque</strong></span> <span class='ocrx_word' id='word_1_100' title='bbox 1292 1703 1397 1803; x_wconf 90' lang='lat' dir='ltr'><strong>hujus</strong></span> <span class='ocrx_word' id='word_1_101' title='bbox 1426 1707 1583 1801; x_wconf 92' lang='lat' dir='ltr'><strong>nomine,</strong></span> <span class='ocrx_word' id='word_1_102' title='bbox 1610 1703 1658 1779; x_wconf 91' lang='lat' dir='ltr'><strong>ad</strong></span> <span class='ocrx_word' id='word_1_103' title='bbox 1681 1728 1770 1782; x_wconf 86' lang='lat' dir='ltr'><strong>oon·</strong></span> 
     </span>
     <span class='ocr_line' id='line_1_12' title="bbox 104 1849 1767 1954; baseline -0.001 -18"><span class='ocrx_word' id='word_1_104' title='bbox 104 1871 247 1938; x_wconf 88' lang='lat' dir='ltr'><strong>vocatos</strong></span> <span class='ocrx_word' id='word_1_105' title='bbox 271 1857 443 1934; x_wconf 79' lang='lat' dir='ltr'><strong>Pnissiae</strong></span> <span class='ocrx_word' id='word_1_106' title='bbox 469 1849 640 1949; x_wconf 83' lang='lat' dir='ltr'><strong>Ordines,</strong></span> <span class='ocrx_word' id='word_1_107' title='bbox 672 1862 708 1925; x_wconf 92' lang='lat' dir='ltr'><strong>et</strong></span> <span class='ocrx_word' id='word_1_108' title='bbox 732 1852 964 1929; x_wconf 87' lang='lat' dir='ltr'><strong>Pomeraniae</strong></span> <span class='ocrx_word' id='word_1_109' title='bbox 990 1854 1130 1953; x_wconf 83' lang='lat' dir='ltr'><strong>Duces,</strong></span> <span class='ocrx_word' id='word_1_110' title='bbox 1159 1850 1290 1931; x_wconf 81' lang='lat' dir='ltr'><strong>Orator</strong></span> <span class='ocrx_word' id='word_1_111' title='bbox 1318 1856 1519 1954; x_wconf 76' lang='lat' dir='ltr'><strong>[requenter</strong></span> <span class='ocrx_word' id='word_1_112' title='bbox 1550 1855 1675 1934; x_wconf 84' lang='lat' dir='ltr'><strong>adiret.</strong></span> <span class='ocrx_word' id='word_1_113' title='bbox 1724 1857 1767 1934; x_wconf 91' lang='lat' dir='ltr'><strong>ld</strong></span> 
     </span>
     <span class='ocr_line' id='line_1_13' title="bbox 103 2002 1769 2115; baseline 0 -29"><span class='ocrx_word' id='word_1_114' title='bbox 103 2030 242 2115; x_wconf 74' lang='lat' dir='ltr'><strong>quoqtre</strong></span> <span class='ocrx_word' id='word_1_115' title='bbox 264 2010 367 2085; x_wconf 87' lang='lat' dir='ltr'><strong>nobis</strong></span> <span class='ocrx_word' id='word_1_116' title='bbox 392 2003 486 2082; x_wconf 86' lang='lat' dir='ltr'><strong>laud</strong></span> <span class='ocrx_word' id='word_1_117' title='bbox 512 2002 799 2104; x_wconf 88' lang='lat' dir='ltr'><strong>praetereundum</strong></span> <span class='ocrx_word' id='word_1_118' title='bbox 825 2028 909 2080; x_wconf 83' lang='lat' dir='ltr'><strong>esse</strong></span> <span class='ocrx_word' id='word_1_119' title='bbox 933 2003 1108 2104; x_wconf 82' lang='lat' dir='ltr'><strong>duximrrs,</strong></span> <span class='ocrx_word' id='word_1_120' title='bbox 1134 2006 1447 2106; x_wconf 84' lang='lat' dir='ltr'><strong>llejdenstcjnium,</strong></span> <span class='ocrx_word' id='word_1_121' title='bbox 1472 2031 1562 2086; x_wconf 89' lang='lat' dir='ltr'><strong>anno</strong></span> <span class='ocrx_word' id='word_1_122' title='bbox 1584 2012 1685 2085; x_wconf 78' lang='grc'><strong>1612</strong></span> <span class='ocrx_word' id='word_1_123' title='bbox 1709 2009 1769 2086; x_wconf 90' lang='lat' dir='ltr'><strong>die</strong></span> 
     </span>
     <span class='ocr_line' id='line_1_14' title="bbox 103 2153 1767 2260; baseline -0.011 -19"><span class='ocrx_word' id='word_1_124' title='bbox 103 2162 301 2245; x_wconf 73' lang='lat' dir='ltr'><strong>ossnlend</strong></span> <span class='ocrx_word' id='word_1_125' title='bbox 332 2161 431 2237; x_wconf 88' lang='lat' dir='ltr'><strong>Junii</strong></span> <span class='ocrx_word' id='word_1_126' title='bbox 464 2180 544 2233; x_wconf 88' lang='lat' dir='ltr'><strong>cum</strong></span> <span class='ocrx_word' id='word_1_127' title='bbox 575 2153 655 2231; x_wconf 88' lang='lat' dir='ltr'><strong>aliis</strong></span> <span class='ocrx_word' id='word_1_128' title='bbox 680 2158 792 2232; x_wconf 86' lang='lat' dir='ltr'><strong>tribus</strong></span> <span class='ocrx_word' id='word_1_129' title='bbox 818 2153 1079 2232; x_wconf 72' lang='lat' dir='ltr'><strong>Commissariis</strong></span> <span class='ocrx_word' id='word_1_130' title='bbox 1109 2161 1236 2255; x_wconf 89' lang='lat' dir='ltr'><strong>regiis,</strong></span> <span class='ocrx_word' id='word_1_131' title='bbox 1268 2156 1415 2238; x_wconf 80' lang='lat' dir='ltr'><strong>Simone</strong></span> <span class='ocrx_word' id='word_1_132' title='bbox 1446 2158 1644 2260; x_wconf 76' lang='lat' dir='ltr'><strong>lludnicki,</strong></span> <span class='ocrx_word' id='word_1_133' title='bbox 1675 2159 1767 2241; x_wconf 58' lang='lat' dir='ltr'><strong>Sta.</strong></span> 
     </span>
     <span class='ocr_line' id='line_1_15' title="bbox 103 2305 1769 2412; baseline -0.001 -19"><span class='ocrx_word' id='word_1_134' title='bbox 103 2315 215 2395; x_wconf 86' lang='lat' dir='ltr'><strong>nislao</strong></span> <span class='ocrx_word' id='word_1_135' title='bbox 262 2309 475 2412; x_wconf 82' lang='lat' dir='ltr'><strong>Ilzinlynski</strong></span> <span class='ocrx_word' id='word_1_136' title='bbox 518 2319 556 2383; x_wconf 88' lang='lat' dir='ltr'><strong>et</strong></span> <span class='ocrx_word' id='word_1_137' title='bbox 596 2306 799 2384; x_wconf 87' lang='lat' dir='ltr'><strong>Veneesleo</strong></span> <span class='ocrx_word' id='word_1_138' title='bbox 842 2305 1107 2406; x_wconf 78' lang='lat' dir='ltr'><strong>Kielczewslri,</strong></span> <span class='ocrx_word' id='word_1_139' title='bbox 1158 2310 1288 2386; x_wconf 86' lang='lat' dir='ltr'><strong>Joanni</strong></span> <span class='ocrx_word' id='word_1_140' title='bbox 1331 2307 1562 2407; x_wconf 73' lang='lat' dir='ltr'><strong>sigismundo</strong></span> <span class='ocrx_word' id='word_1_141' title='bbox 1607 2310 1769 2391; x_wconf 78' lang='lat' dir='ltr'><strong>illectori</strong></span> 
     </span>
     <span class='ocr_line' id='line_1_16' title="bbox 104 2426 1768 2563; baseline 0.001 -23"><span class='ocrx_word' id='word_1_142' title='bbox 104 2467 275 2547; x_wconf 63' lang='lat' dir='ltr'><strong>prusae</strong></span> <span class='ocrx_word' id='word_1_143' title='bbox 300 2465 479 2541; x_wconf 71' lang='lat' dir='ltr'><strong>enatam</strong></span> <span class='ocrx_word' id='word_1_144' title='bbox 505 2426 690 2536; x_wconf 61' lang='lat' dir='ltr'><strong>moneo</strong></span> <span class='ocrx_word' id='word_1_145' title='bbox 703 2455 765 2556; x_wconf 69' lang='lat' dir='ltr'><strong>a),</strong></span> <span class='ocrx_word' id='word_1_146' title='bbox 817 2454 958 2551; x_wconf 75' lang='lat' dir='ltr'><strong>ouon</strong></span> <span class='ocrx_word' id='word_1_147' title='bbox 990 2462 1184 2561; x_wconf 50' lang='lat' dir='ltr'><strong>nomen,</strong></span> <span class='ocrx_word' id='word_1_148' title='bbox 1222 2462 1656 2563; x_wconf 62' lang='lat' dir='ltr'><strong>momenmentum,</strong></span> <span class='ocrx_word' id='word_1_149' title='bbox 1701 2466 1768 2542; x_wconf 70' lang='lat' dir='ltr'><strong>san</strong></span> 
     </span>
     <span class='ocr_line' id='line_1_17' title="bbox 99 2606 1766 2714; baseline -0.005 -14"><span class='ocrx_word' id='word_1_150' title='bbox 99 2606 203 2700; x_wconf 59' lang='lat' dir='ltr'><strong>mam</strong></span> <span class='ocrx_word' id='word_1_151' title='bbox 239 2620 427 2694; x_wconf 72' lang='lat' dir='ltr'><strong>unimrsne</strong></span> <span class='ocrx_word' id='word_1_152' title='bbox 463 2609 652 2689; x_wconf 87' lang='lat' dir='ltr'><strong>Nobilitati</strong></span> <span class='ocrx_word' id='word_1_153' title='bbox 680 2608 857 2708; x_wconf 84' lang='lat' dir='ltr'><strong>Polonae,</strong></span> <span class='ocrx_word' id='word_1_154' title='bbox 894 2612 1081 2712; x_wconf 81' lang='lat' dir='ltr'><strong>Regnique</strong></span> <span class='ocrx_word' id='word_1_155' title='bbox 1120 2612 1367 2714; x_wconf 85' lang='lat' dir='ltr'><strong>Pontificibus,</strong></span> <span class='ocrx_word' id='word_1_156' title='bbox 1406 2626 1444 2691; x_wconf 91' lang='lat' dir='ltr'><strong>et</strong></span> <span class='ocrx_word' id='word_1_157' title='bbox 1475 2610 1620 2691; x_wconf 89' lang='lat' dir='ltr'><strong>alterius</strong></span> <span class='ocrx_word' id='word_1_158' title='bbox 1662 2618 1766 2692; x_wconf 90' lang='lat' dir='ltr'><strong>ordi-</strong></span> 
     </span>
     <span class='ocr_line' id='line_1_18' title="bbox 99 2763 1762 2865; baseline -0.005 -14"><span class='ocrx_word' id='word_1_159' title='bbox 99 2779 154 2851; x_wconf 84' lang='lat' dir='ltr'><strong>ais</strong></span> <span class='ocrx_word' id='word_1_160' title='bbox 202 2770 433 2864; x_wconf 80' lang='lat' dir='ltr'><strong>Proceribus,</strong></span> <span class='ocrx_word' id='word_1_161' title='bbox 478 2763 836 2842; x_wconf 83' lang='lat' dir='ltr'><strong>commendatissimas</strong></span> <span class='ocrx_word' id='word_1_162' title='bbox 874 2764 951 2840; x_wconf 78' lang='lat' dir='ltr'><strong>fuit.</strong></span> <span class='ocrx_word' id='word_1_163' title='bbox 1021 2763 1134 2864; x_wconf 85' lang='lat' dir='ltr'><strong>Apud</strong></span> <span class='ocrx_word' id='word_1_164' title='bbox 1175 2765 1402 2842; x_wconf 87' lang='lat' dir='ltr'><strong>Zamoscium</strong></span> <span class='ocrx_word' id='word_1_165' title='bbox 1442 2763 1595 2865; x_wconf 84' lang='lat' dir='ltr'><strong>quiden,</strong></span> <span class='ocrx_word' id='word_1_166' title='bbox 1640 2767 1762 2865; x_wconf 84' lang='lat' dir='ltr'><strong>Regni</strong></span> 
     </span>
     <span class='ocr_line' id='line_1_19' title="bbox 101 2915 1763 3018; baseline -0.005 -15"><span class='ocrx_word' id='word_1_167' title='bbox 101 2920 368 3015; x_wconf 75' lang='lat' dir='ltr'><strong>cancellatum,</strong></span> <span class='ocrx_word' id='word_1_168' title='bbox 395 2928 497 3016; x_wconf 89' lang='lat' dir='ltr'><strong>atque</strong></span> <span class='ocrx_word' id='word_1_169' title='bbox 524 2919 740 2991; x_wconf 80' lang='lat' dir='ltr'><strong>exercituum</strong></span> <span class='ocrx_word' id='word_1_170' title='bbox 766 2917 1026 3015; x_wconf 72' lang='lat' dir='ltr'><strong>Imperatorem,</strong></span> <span class='ocrx_word' id='word_1_171' title='bbox 1053 2915 1197 2993; x_wconf 89' lang='lat' dir='ltr'><strong>consilio</strong></span> <span class='ocrx_word' id='word_1_172' title='bbox 1224 2931 1260 2993; x_wconf 87' lang='lat' dir='ltr'><strong>et</strong></span> <span class='ocrx_word' id='word_1_173' title='bbox 1283 2921 1436 3018; x_wconf 88' lang='lat' dir='ltr'><strong>potentia</strong></span> <span class='ocrx_word' id='word_1_174' title='bbox 1461 2918 1577 2995; x_wconf 82' lang='lat' dir='ltr'><strong>ilortdt</strong></span> <span class='ocrx_word' id='word_1_175' title='bbox 1600 2922 1763 2994; x_wconf 87' lang='lat' dir='ltr'><strong>maxime.</strong></span> 
     </span>
     <span class='ocr_line' id='line_1_20' title="bbox 98 3064 1759 3175; baseline -0.002 -27"><span class='ocrx_word' id='word_1_176' title='bbox 98 3078 269 3175; x_wconf 87' lang='lat' dir='ltr'><strong>Ususque</strong></span> <span class='ocrx_word' id='word_1_177' title='bbox 293 3071 504 3147; x_wconf 80' lang='lat' dir='ltr'><strong>Zamoscius</strong></span> <span class='ocrx_word' id='word_1_178' title='bbox 529 3079 585 3143; x_wconf 85' lang='lat' dir='ltr'><strong>est</strong></span> <span class='ocrx_word' id='word_1_179' title='bbox 609 3071 699 3166; x_wconf 90' lang='lat' dir='ltr'><strong>ipso,</strong></span> <span class='ocrx_word' id='word_1_180' title='bbox 725 3065 768 3140; x_wconf 88' lang='lat' dir='ltr'><strong>ad</strong></span> <span class='ocrx_word' id='word_1_181' title='bbox 789 3064 1053 3163; x_wconf 75' lang='lat' dir='ltr'><strong>sigismundum</strong></span> <span class='ocrx_word' id='word_1_182' title='bbox 1067 3072 1228 3146; x_wconf 77' lang='lat' dir='ltr'><strong>&#39;l&#39;ertium</strong></span> <span class='ocrx_word' id='word_1_183' title='bbox 1252 3072 1406 3169; x_wconf 83' lang='lat' dir='ltr'><strong>Regem,</strong></span> <span class='ocrx_word' id='word_1_184' title='bbox 1430 3075 1621 3170; x_wconf 81' lang='lat' dir='ltr'><strong>interprete</strong></span> <span class='ocrx_word' id='word_1_185' title='bbox 1648 3073 1759 3169; x_wconf 89' lang='lat' dir='ltr'><strong>etjam</strong></span> 
     </span>
     <span class='ocr_line' id='line_1_21' title="bbox 100 3221 1761 3323; baseline -0.004 -18"><span class='ocrx_word' id='word_1_186' title='bbox 100 3239 224 3323; x_wconf 88' lang='lat' dir='ltr'><strong>aetate,</strong></span> <span class='ocrx_word' id='word_1_187' title='bbox 251 3246 357 3321; x_wconf 81' lang='lat' dir='ltr'><strong>aeger</strong></span> <span class='ocrx_word' id='word_1_188' title='bbox 383 3232 419 3296; x_wconf 92' lang='lat' dir='ltr'><strong>et</strong></span> <span class='ocrx_word' id='word_1_189' title='bbox 444 3244 607 3319; x_wconf 86' lang='lat' dir='ltr'><strong>corpore,</strong></span> <span class='ocrx_word' id='word_1_190' title='bbox 640 3230 677 3292; x_wconf 92' lang='lat' dir='ltr'><strong>et</strong></span> <span class='ocrx_word' id='word_1_191' title='bbox 708 3221 837 3314; x_wconf 87' lang='lat' dir='ltr'><strong>animo,</strong></span> <span class='ocrx_word' id='word_1_192' title='bbox 873 3245 893 3292; x_wconf 93' lang='lat' dir='ltr'><strong>a</strong></span> <span class='ocrx_word' id='word_1_193' title='bbox 926 3224 1022 3295; x_wconf 84' lang='lat' dir='ltr'><strong>curia</strong></span> <span class='ocrx_word' id='word_1_194' title='bbox 1055 3246 1137 3296; x_wconf 90' lang='lat' dir='ltr'><strong>sese</strong></span> <span class='ocrx_word' id='word_1_195' title='bbox 1169 3225 1401 3298; x_wconf 87' lang='lat' dir='ltr'><strong>subtraxerat.</strong></span> <span class='ocrx_word' id='word_1_196' title='bbox 1451 3221 1563 3322; x_wconf 87' lang='lat' dir='ltr'><strong>Apud</strong></span> <span class='ocrx_word' id='word_1_197' title='bbox 1595 3221 1761 3316; x_wconf 81' lang='lat' dir='ltr'><strong>Pnissos,</strong></span> 
     </span>
     <span class='ocr_line' id='line_1_22' title="bbox 98 3369 1761 3475; baseline -0.005 -18"><span class='ocrx_word' id='word_1_198' title='bbox 98 3401 234 3456; x_wconf 86' lang='lat' dir='ltr'><strong>summa</strong></span> <span class='ocrx_word' id='word_1_199' title='bbox 258 3377 336 3475; x_wconf 88' lang='lat' dir='ltr'><strong>ejus</strong></span> <span class='ocrx_word' id='word_1_200' title='bbox 361 3373 581 3468; x_wconf 84' lang='lat' dir='ltr'><strong>existimatio,</strong></span> <span class='ocrx_word' id='word_1_201' title='bbox 606 3371 861 3468; x_wconf 74' lang='lat' dir='ltr'><strong>auctoritasque</strong></span> <span class='ocrx_word' id='word_1_202' title='bbox 885 3369 960 3447; x_wconf 83' lang='lat' dir='ltr'><strong>tuit</strong></span> <span class='ocrx_word' id='word_1_203' title='bbox 1010 3371 1053 3448; x_wconf 83' lang='lat' dir='ltr'>A</span> <span class='ocrx_word' id='word_1_204' title='bbox 1078 3374 1214 3470; x_wconf 85' lang='lat' dir='ltr'><strong>quibus,</strong></span> <span class='ocrx_word' id='word_1_205' title='bbox 1239 3373 1285 3448; x_wconf 89' lang='lat' dir='ltr'><strong>ad</strong></span> <span class='ocrx_word' id='word_1_206' title='bbox 1308 3373 1551 3472; x_wconf 83' lang='lat' dir='ltr'><strong>corrigendum</strong></span> <span class='ocrx_word' id='word_1_207' title='bbox 1576 3375 1647 3451; x_wconf 90' lang='lat' dir='ltr'><strong>Jus</strong></span> <span class='ocrx_word' id='word_1_208' title='bbox 1665 3377 1761 3451; x_wconf 79' lang='lat' dir='ltr'><strong>&#39;l&#39;er-</strong></span> 
     </span>
    </p>
   </div>
   <div class='ocr_carea' id='block_1_3' title="bbox 96 3519 1759 3624">
    <p class='ocr_par' dir='ltr' id='par_1_3' title="bbox 96 3519 1759 3624">
     <span class='ocr_line' id='line_1_23' title="bbox 96 3519 1759 3624; baseline -0.004 -14"><span class='ocrx_word' id='word_1_209' title='bbox 96 3541 211 3610; x_wconf 78' lang='lat' dir='ltr'><strong>renue</strong></span> <span class='ocrx_word' id='word_1_210' title='bbox 237 3551 357 3622; x_wconf 75' lang='lat' dir='ltr'><strong>mum,</strong></span> <span class='ocrx_word' id='word_1_211' title='bbox 391 3526 543 3600; x_wconf 79' lang='lat' dir='ltr'><strong>interm</strong></span> <span class='ocrx_word' id='word_1_212' title='bbox 573 3525 796 3598; x_wconf 88' lang='lat' dir='ltr'><strong>unanimitate</strong></span> <span class='ocrx_word' id='word_1_213' title='bbox 822 3533 878 3598; x_wconf 86' lang='lat' dir='ltr'><strong>est</strong></span> <span class='ocrx_word' id='word_1_214' title='bbox 901 3519 1073 3599; x_wconf 73' lang='lat' dir='ltr'><strong>delectum</strong></span> <span class='ocrx_word' id='word_1_215' title='bbox 1123 3525 1220 3602; x_wconf 87' lang='lat' dir='ltr'><strong>Inter</strong></span> <span class='ocrx_word' id='word_1_216' title='bbox 1244 3524 1402 3623; x_wconf 84' lang='lat' dir='ltr'><strong>collegas</strong></span> <span class='ocrx_word' id='word_1_217' title='bbox 1428 3550 1530 3624; x_wconf 88' lang='lat' dir='ltr'><strong>suos,</strong></span> <span class='ocrx_word' id='word_1_218' title='bbox 1565 3526 1759 3603; x_wconf 78' lang='lat' dir='ltr'><strong>&#39;l&#39;ideuaan-</strong></span> 
     </span>
    </p>
   </div>
   <div class='ocr_carea' id='block_1_4' title="bbox 12 3675 1760 4689">
    <p class='ocr_par' dir='ltr' id='par_1_4' title="bbox 12 3675 1760 4689">
     <span class='ocr_line' id='line_1_24' title="bbox 97 3675 1760 3776; baseline -0.004 -16"><span class='ocrx_word' id='word_1_219' title='bbox 97 3707 163 3760; x_wconf 91' lang='lat' dir='ltr'><strong>nus</strong></span> <span class='ocrx_word' id='word_1_220' title='bbox 189 3677 324 3776; x_wconf 83' lang='lat' dir='ltr'><strong>Gisius,</strong></span> <span class='ocrx_word' id='word_1_221' title='bbox 351 3675 585 3752; x_wconf 86' lang='lat' dir='ltr'><strong>candidissimi</strong></span> <span class='ocrx_word' id='word_1_222' title='bbox 617 3677 674 3749; x_wconf 83' lang='lat' dir='ltr'><strong>vir</strong></span> <span class='ocrx_word' id='word_1_223' title='bbox 698 3677 819 3773; x_wconf 89' lang='lat' dir='ltr'><strong>animi,</strong></span> <span class='ocrx_word' id='word_1_224' title='bbox 850 3679 1118 3775; x_wconf 89' lang='lat' dir='ltr'><strong>suavissimique</strong></span> <span class='ocrx_word' id='word_1_225' title='bbox 1149 3689 1253 3776; x_wconf 87' lang='lat' dir='ltr'><strong>atque</strong></span> <span class='ocrx_word' id='word_1_226' title='bbox 1278 3677 1469 3754; x_wconf 83' lang='lat' dir='ltr'><strong>doctissimi</strong></span> <span class='ocrx_word' id='word_1_227' title='bbox 1501 3682 1648 3776; x_wconf 88' lang='lat' dir='ltr'><strong>ingenii,</strong></span> <span class='ocrx_word' id='word_1_228' title='bbox 1686 3691 1760 3754; x_wconf 87' lang='lat' dir='ltr'><strong>ante</strong></span> 
     </span>
     <span class='ocr_line' id='line_1_25' title="bbox 97 3823 1759 3930; baseline -0.005 -17"><span class='ocrx_word' id='word_1_229' title='bbox 97 3835 186 3913; x_wconf 86' lang='lat' dir='ltr'><strong>alios</strong></span> <span class='ocrx_word' id='word_1_230' title='bbox 211 3852 343 3928; x_wconf 84' lang='lat' dir='ltr'><strong>omnes,</strong></span> <span class='ocrx_word' id='word_1_231' title='bbox 367 3831 436 3929; x_wconf 87' lang='lat' dir='ltr'><strong>ipsi</strong></span> <span class='ocrx_word' id='word_1_232' title='bbox 461 3831 497 3903; x_wconf 87' lang='lat' dir='ltr'><strong>in</strong></span> <span class='ocrx_word' id='word_1_233' title='bbox 522 3827 700 3902; x_wconf 88' lang='lat' dir='ltr'><strong>amoribus</strong></span> <span class='ocrx_word' id='word_1_234' title='bbox 723 3827 800 3903; x_wconf 83' lang='lat' dir='ltr'><strong>tuit.</strong></span> <span class='ocrx_word' id='word_1_235' title='bbox 853 3823 979 3924; x_wconf 78' lang='lat' dir='ltr'><strong>Quem,</strong></span> <span class='ocrx_word' id='word_1_236' title='bbox 1004 3841 1118 3904; x_wconf 87' lang='lat' dir='ltr'><strong>morte</strong></span> <span class='ocrx_word' id='word_1_237' title='bbox 1139 3834 1323 3906; x_wconf 88' lang='lat' dir='ltr'><strong>immatura</strong></span> <span class='ocrx_word' id='word_1_238' title='bbox 1347 3831 1416 3905; x_wconf 91' lang='lat' dir='ltr'><strong>sibi</strong></span> <span class='ocrx_word' id='word_1_239' title='bbox 1441 3842 1677 3930; x_wconf 83' lang='lat' dir='ltr'><strong>praereptum,</strong></span> <span class='ocrx_word' id='word_1_240' title='bbox 1704 3830 1759 3905; x_wconf 90' lang='lat' dir='ltr'><strong>din</strong></span> 
     </span>
     <span class='ocr_line' id='line_1_26' title="bbox 95 3978 1759 4082; baseline -0.003 -20"><span class='ocrx_word' id='word_1_241' title='bbox 95 3988 195 4064; x_wconf 89' lang='lat' dir='ltr'><strong>luxit.</strong></span> <span class='ocrx_word' id='word_1_242' title='bbox 245 3981 472 4059; x_wconf 76' lang='lat' dir='ltr'><strong>Familiarius</strong></span> <span class='ocrx_word' id='word_1_243' title='bbox 496 3978 679 4076; x_wconf 87' lang='lat' dir='ltr'><strong>deinceps,</strong></span> <span class='ocrx_word' id='word_1_244' title='bbox 711 4000 799 4053; x_wconf 74' lang='lat' dir='ltr'><strong>usias</strong></span> <span class='ocrx_word' id='word_1_245' title='bbox 824 3989 880 4053; x_wconf 77' lang='lat' dir='ltr'><strong>est</strong></span> <span class='ocrx_word' id='word_1_246' title='bbox 903 3979 1082 4057; x_wconf 82' lang='lat' dir='ltr'><strong>Mattiaco</strong></span> <span class='ocrx_word' id='word_1_247' title='bbox 1107 3982 1333 4080; x_wconf 80' lang='lat' dir='ltr'><strong>Piseorevio,</strong></span> <span class='ocrx_word' id='word_1_248' title='bbox 1360 3982 1454 4058; x_wconf 91' lang='lat' dir='ltr'><strong>culto</strong></span> <span class='ocrx_word' id='word_1_249' title='bbox 1481 3996 1636 4079; x_wconf 88' lang='lat' dir='ltr'><strong>oratore,</strong></span> <span class='ocrx_word' id='word_1_250' title='bbox 1672 3992 1759 4082; x_wconf 74' lang='lat' dir='ltr'><strong>poti·</strong></span> 
     </span>
     <span class='ocr_line' id='line_1_27' title="bbox 12 4129 1757 4237; baseline -0.002 -23"><span class='ocrx_word' id='word_1_251' title='bbox 12 4147 28 4175; x_wconf 77' lang='lat'><em>⁶</em></span> <span class='ocrx_word' id='word_1_252' title='bbox 95 4149 197 4237; x_wconf 88' lang='lat' dir='ltr'><strong>teque</strong></span> <span class='ocrx_word' id='word_1_253' title='bbox 223 4129 464 4232; x_wconf 88' lang='lat' dir='ltr'><strong>extemporali.</strong></span> <span class='ocrx_word' id='word_1_254' title='bbox 515 4129 772 4229; x_wconf 79' lang='lat' dir='ltr'><strong>Adductusque</strong></span> <span class='ocrx_word' id='word_1_255' title='bbox 805 4141 860 4206; x_wconf 88' lang='lat' dir='ltr'><strong>est</strong></span> <span class='ocrx_word' id='word_1_256' title='bbox 890 4129 1126 4209; x_wconf 85' lang='lat' dir='ltr'><strong>aZamoscio</strong></span> <span class='ocrx_word' id='word_1_257' title='bbox 1157 4137 1253 4235; x_wconf 90' lang='lat' dir='ltr'><strong>ipso,</strong></span> <span class='ocrx_word' id='word_1_258' title='bbox 1284 4134 1492 4210; x_wconf 82' lang='lat' dir='ltr'><strong>Maecenate</strong></span> <span class='ocrx_word' id='word_1_259' title='bbox 1524 4132 1757 4231; x_wconf 85' lang='lat' dir='ltr'><strong>indulgentis·</strong></span> 
     </span>
     <span class='ocr_line' id='line_1_28' title="bbox 95 4281 1758 4388; baseline -0.003 -21"><span class='ocrx_word' id='word_1_260' title='bbox 95 4295 204 4388; x_wconf 87' lang='lat' dir='ltr'><strong>simo,</strong></span> <span class='ocrx_word' id='word_1_261' title='bbox 230 4289 265 4362; x_wconf 90' lang='lat' dir='ltr'><strong>in</strong></span> <span class='ocrx_word' id='word_1_262' title='bbox 291 4286 476 4360; x_wconf 86' lang='lat' dir='ltr'><strong>amicitiam</strong></span> <span class='ocrx_word' id='word_1_263' title='bbox 501 4281 852 4382; x_wconf 82' lang='lat' dir='ltr'><strong>consuetudinemque</strong></span> <span class='ocrx_word' id='word_1_264' title='bbox 877 4284 1025 4360; x_wconf 80' lang='lat' dir='ltr'><strong>Joannis</strong></span> <span class='ocrx_word' id='word_1_265' title='bbox 1047 4285 1287 4385; x_wconf 86' lang='lat' dir='ltr'><strong>Kochanovii,</strong></span> <span class='ocrx_word' id='word_1_266' title='bbox 1321 4290 1509 4362; x_wconf 88' lang='lat' dir='ltr'><strong>carminum</strong></span> <span class='ocrx_word' id='word_1_267' title='bbox 1542 4287 1758 4377; x_wconf 79' lang='lat' dir='ltr'><strong>latinorum,</strong></span> 
     </span>
     <span class='ocr_line' id='line_1_29' title="bbox 92 4430 1760 4536; baseline -0.001 -19"><span class='ocrx_word' id='word_1_268' title='bbox 92 4438 430 4536; x_wconf 87' lang='lat' dir='ltr'><strong>vernaculorumque</strong></span> <span class='ocrx_word' id='word_1_269' title='bbox 456 4437 632 4535; x_wconf 87' lang='lat' dir='ltr'><strong>principis.</strong></span> <span class='ocrx_word' id='word_1_270' title='bbox 685 4430 767 4525; x_wconf 78' lang='lat' dir='ltr'><strong>Quo</strong></span> <span class='ocrx_word' id='word_1_271' title='bbox 800 4434 983 4512; x_wconf 88' lang='lat' dir='ltr'><strong>demortuo</strong></span> <span class='ocrx_word' id='word_1_272' title='bbox 1014 4435 1173 4516; x_wconf 85' lang='lat' dir='ltr'><strong>Simonis</strong></span> <span class='ocrx_word' id='word_1_273' title='bbox 1205 4438 1427 4534; x_wconf 86' lang='lat' dir='ltr'><strong>Simonidae,</strong></span> <span class='ocrx_word' id='word_1_274' title='bbox 1459 4441 1596 4535; x_wconf 79' lang='lat' dir='ltr'><strong>poetica</strong></span> <span class='ocrx_word' id='word_1_275' title='bbox 1629 4444 1760 4515; x_wconf 85' lang='lat' dir='ltr'><strong>virtute</strong></span> 
     </span>
     <span class='ocr_line' id='line_1_30' title="bbox 91 4574 1760 4689; baseline -0.004 -17"><span class='ocrx_word' id='word_1_276' title='bbox 91 4594 370 4689; x_wconf 82' lang='lat' dir='ltr'><strong>eminentissimi,</strong></span> <span class='ocrx_word' id='word_1_277' title='bbox 418 4590 621 4665; x_wconf 87' lang='lat' dir='ltr'><strong>societatem</strong></span> <span class='ocrx_word' id='word_1_278' title='bbox 666 4574 810 4661; x_wconf 85' lang='lat' dir='ltr'><strong>maximi</strong></span> <span class='ocrx_word' id='word_1_279' title='bbox 851 4586 946 4662; x_wconf 81' lang='lat' dir='ltr'><strong>iecit.</strong></span> <span class='ocrx_word' id='word_1_280' title='bbox 1009 4588 1111 4664; x_wconf 81' lang='lat' dir='ltr'><strong>Mors</strong></span> <span class='ocrx_word' id='word_1_281' title='bbox 1151 4588 1346 4670; x_wconf 78' lang='lat' dir='ltr'><strong>Clarissimi</strong></span> <span class='ocrx_word' id='word_1_282' title='bbox 1385 4590 1564 4665; x_wconf 87' lang='lat' dir='ltr'><strong>Zamoscii</strong></span> <span class='ocrx_word' id='word_1_283' title='bbox 1609 4589 1760 4668; x_wconf 85' lang='lat' dir='ltr'><strong>vulnere</strong></span> 
     </span>
    </p>
   </div>
   <div class='ocr_carea' id='block_1_5' title="bbox 88 4991 1760 5173">
    <p class='ocr_par' dir='ltr' id='par_1_5' title="bbox 88 4991 1760 5173">
     <span class='ocr_line' id='line_1_31' title="bbox 163 4991 1760 5070; baseline 0 -17"><span class='ocrx_word' id='word_1_284' title='bbox 163 5011 167 5019; x_wconf 84' lang='lat'><em>&#39;</em></span> <span class='ocrx_word' id='word_1_285' title='bbox 240 5005 264 5068; x_wconf 83' lang='lat'><strong>·)</strong></span> <span class='ocrx_word' id='word_1_286' title='bbox 282 4999 361 5054; x_wconf 84' lang='lat' dir='ltr'><strong>llaec</strong></span> <span class='ocrx_word' id='word_1_287' title='bbox 381 4996 541 5050; x_wconf 72' lang='lat' dir='ltr'><strong>reluioneua</strong></span> <span class='ocrx_word' id='word_1_288' title='bbox 560 4995 664 5048; x_wconf 79' lang='lat' dir='ltr'><strong>auctori</strong></span> <span class='ocrx_word' id='word_1_289' title='bbox 685 4993 757 5049; x_wconf 87' lang='lat' dir='ltr'><strong>lroud</strong></span> <span class='ocrx_word' id='word_1_290' title='bbox 781 4996 819 5049; x_wconf 86' lang='lat' dir='ltr'><strong>ito</strong></span> <span class='ocrx_word' id='word_1_291' title='bbox 843 5006 908 5051; x_wconf 90' lang='lat' dir='ltr'><strong>noto</strong></span> <span class='ocrx_word' id='word_1_292' title='bbox 928 4993 1012 5051; x_wconf 76' lang='lat' dir='ltr'><strong>Felici</strong></span> <span class='ocrx_word' id='word_1_293' title='bbox 1034 4991 1159 5048; x_wconf 80' lang='lat' dir='ltr'><strong>Ftodicro</strong></span> <span class='ocrx_word' id='word_1_294' title='bbox 1178 4993 1298 5063; x_wconf 68' lang='lat' dir='ltr'><strong>«puidam.</strong></span> <span class='ocrx_word' id='word_1_295' title='bbox 1319 4997 1423 5052; x_wconf 81' lang='lat' dir='ltr'><strong>debeo.</strong></span> <span class='ocrx_word' id='word_1_296' title='bbox 1443 5000 1468 5051; x_wconf 91' lang='lat' dir='ltr'><strong>in</strong></span> <span class='ocrx_word' id='word_1_297' title='bbox 1488 4999 1563 5069; x_wconf 77' lang='lat' dir='ltr'><strong>eujus</strong></span> <span class='ocrx_word' id='word_1_298' title='bbox 1583 5015 1677 5070; x_wconf 82' lang='lat' dir='ltr'><strong>opere</strong></span> <span class='ocrx_word' id='word_1_299' title='bbox 1696 5000 1760 5067; x_wconf 73' lang='lat' dir='ltr'><strong>„lle</strong></span> 
     </span>
     <span class='ocr_line' id='line_1_32' title="bbox 88 5095 854 5173; baseline -0.016 -12"><span class='ocrx_word' id='word_1_300' title='bbox 88 5102 170 5161; x_wconf 73' lang='lat' dir='ltr'><strong>retur</strong></span> <span class='ocrx_word' id='word_1_301' title='bbox 188 5101 271 5173; x_wconf 79' lang='lat' dir='ltr'><strong>gartia</strong></span> <span class='ocrx_word' id='word_1_302' title='bbox 290 5096 403 5168; x_wconf 81' lang='lat' dir='ltr'><strong>liegiia“</strong></span> <span class='ocrx_word' id='word_1_303' title='bbox 423 5095 492 5150; x_wconf 80' lang='lat' dir='ltr'><strong>libro</strong></span> <span class='ocrx_word' id='word_1_304' title='bbox 510 5095 642 5161; x_wconf 64' lang='lat' dir='ltr'><strong>sectanda</strong></span> <span class='ocrx_word' id='word_1_305' title='bbox 660 5096 733 5151; x_wconf 80' lang='lat' dir='ltr'><strong>idern</strong></span> <span class='ocrx_word' id='word_1_306' title='bbox 750 5098 854 5152; x_wconf 79' lang='lat' dir='ltr'><strong>inveni.</strong></span> 
     </span>
    </p>
   </div>
   <div class='ocr_carea' id='block_1_6' title="bbox 0 0 1876 5626">
    <p class='ocr_par' dir='ltr' id='par_1_6' title="bbox 0 0 1876 5626">
     <span class='ocr_line' id='line_1_33' title="bbox 0 0 1876 5626; baseline 0 3"><span class='ocrx_word' id='word_1_307' title='bbox 0 0 1876 5626; x_wconf 95' lang='lat' dir='ltr'><strong> </strong></span> 
     </span>
    </p>
   </div>
  </div>
 </body>
</html>
