3742 5626
95 152 150 210 1⁸20
636 148 873 215 REJNROLDI
894 143 1219 211 iussuros'rsruu

95 311 218 373 iatiirum
240 313 426 391 Viinenseru,
447 324 477 376 et
495 314 690 377 Eustachium
709 313 896 375 Veiovieium
954 328 1033 385 rum,
1058 320 1148 392 atque
1167 332 1263 393 aequo
1284 320 1351 372 cum
1371 329 1516 392 responso
1543 329 1596 371 cos
1620 306 1760 370 dimissu·

99 406 301 467 Casteitauum
312 416 374 468 tum
386 406 568 469 'Proconsem
587 406 704 467 litteras
724 403 788 466 dari
795 402 898 483 iubete
955 421 1029 465 rum.
1050 400 1141 466 Haud
1159 403 1250 466 mutto
1271 412 1343 486 post
1361 401 1488 465 Moscrrs
1508 406 1574 484 ipse
1594 420 1661 463 eom
1679 402 1760 481 ejus.

100 500 174 559 t'um
193 501 414 562 controversiae
434 498 556 561 duorum
582 518 761 560 summorum
786 496 898 560 Princi·
957 493 1024 557 dem
1044 497 1208 574 argumenti
1231 495 1338 558 litteris
1365 495 1453 557 dirum
1480 494 1519 556 sd
1544 494 1661 575 Regem
1686 514 1751 555 nuc

98 611 167 671 pum
186 612 224 653 eo
243 611 423 673 progressae
440 592 510 665 siut,
529 600 562 654 ut
581 600 727 675 suscepto
746 589 826 653 betto
841 590 899 653 Po·
957 589 1029 648 tium
1048 590 1148 649 mittit.
1188 589 1352 651 Dimittitur
1378 592 1405 649 is
1424 608 1490 649 cnm
1511 586 1615 651 eodem
1635 608 1751 670 respon

99 682 197 744 ioniae
215 682 282 746 Rex
301 684 449 746 Poiotiam
476 688 667 766 expugnarit:
688 687 816 766 Magnus
836 685 898 746 Mo·
957 698 1007 753 so,
1035 679 1115 763 quod
1135 683 1216 762 prior
1240 703 1258 744 a
1279 682 1478 744 senatoribus
1498 690 1568 743 ante
1587 688 1761 762 acceperat.

98 777 219 838 scoviae
238 776 309 837 unx
328 779 461 839 uicissim
481 775 521 839 ad
541 775 743 840 ulciscendam
763 778 841 839 harre
858 779 900 838 in·
956 772 1053 835 Mittit
1072 774 1262 836 nihilominus
1283 773 1380 836 denuo
1407 775 1533 838 aulicum
1560 794 1648 841 strum
1667 771 1762 835 dosa·

95 870 204 948 jurium
223 876 287 930 tote
312 872 410 930 animo
436 873 595 948 exarserit,
622 892 657 933 se
686 891 751 934 cum
778 870 901 951 reliquis
957 884 1024 928 uem
1045 864 1267 928 Nasczohiuum
1293 888 1359 928 carm
1386 864 1490 927 iisdem
1512 866 1692 946 postulatis:
1712 870 1761 947 qui

98 960 274 1040 primoribus
293 958 333 1023 ad
353 963 502 1044 Principis
522 967 570 1025 sui
590 961 684 1046 pedes
703 984 738 1025 se
758 962 902 1046 projecis·
957 978 1024 1021 cum
1044 966 1075 1020 et
1093 959 1161 1040 ipre
1181 962 1211 1020 in
1231 958 1355 1033 eandem
1376 956 1554 1021 seutentiam
1567 958 1688 1041 publice
1699 960 1763 1039 ja·

97 1072 142 1122 se,
163 1051 300 1114 omnibus
319 1053 461 1134 precibus
479 1054 519 1119 ab
540 1077 576 1117 eo
588 1059 723 1138 petiisse,
741 1058 820 1118 nein
832 1074 900 1117 sau·
956 1070 1133 1133 responsum
1154 1055 1334 1134 accepisset,
1354 1048 1486 1113 ostendit
1504 1060 1627 1132 postea,
1647 1052 1710 1113 aiis
1729 1070 1764 1113 se

97 1146 215 1222 guinem
226 1144 426 1209 Christianum
446 1151 563 1211 saevire
580 1149 668 1212 vetit:
689 1152 728 1210 iis
742 1148 822 1210 iilum
836 1166 901 1231 per·
958 1152 1077 1226 praeter
1094 1147 1250 1226 superiora
1270 1143 1409 1208 mandata
1429 1142 1549 1214 habere,
1570 1164 1647 1225 quae
1667 1146 1762 1226 priva·

97 1244 207 1297 metum
238 1258 256 1300 s
286 1237 366 1301 heile
395 1239 493 1302 adhue
525 1241 582 1304 sihi
612 1250 794 1324 temperaret
822 1259 902 1301 nrrrrc
957 1239 1010 1298 tim
1049 1244 1193 1319 expeuat;
1233 1235 1313 1299 facta
1349 1245 1499 1318 potestate
1543 1246 1764 1311 commemorat,

97 1326 176 1389 idem
198 1332 275 1410 ipsis
294 1338 384 1411 atque
404 1332 473 1395 aliis
493 1333 588 1413 Regis
599 1333 744 1397 Potoniae
764 1331 901 1395 consiiia-
926 1288 931 1413 i
957 1330 1128 1409 Principem
1148 1348 1234 1389 suum
1254 1333 1365 1391 mereri
1387 1329 1542 1410 plurimum
1562 1326 1650 1391 chade
1671 1328 1764 1390 homi·

98 1422 151 1481 riis
173 1417 253 1501 apud
273 1441 358 1482 suum
377 1421 493 1504 Regem
514 1426 750 1490 contendendum
768 1445 849 1503 esse,
867 1431 903 1487 ut
927 1416 930 1435 ¹
958 1441 1027 1483 num
1047 1424 1246 1485 innocentium
1266 1422 1514 1484 Christianorum
1534 1442 1590 1503 qua
1612 1419 1652 1482 de
1671 1441 1765 1483 causa

99 1510 138 1571 ad
157 1517 262 1592 pacetn
281 1513 420 1578 stabilem
442 1537 507 1580 cum
525 1517 639 1599 Magno
653 1516 901 1582 MoscoviaeDu·
958 1516 1036 1577 etsi
1061 1518 1141 1576 sciat
1167 1522 1271 1576 contm
1294 1535 1382 1575 suum
1409 1517 1611 1595 majorumque
1644 1534 1764 1576 suoru·

99 1625 135 1665 ce
155 1604 394 1669 constituendam
414 1630 480 1671 curn
500 1610 636 1674 flectant:
653 1615 789 1695 inprimis
800 1613 827 1671 ei
837 1629 901 1692 per·
959 1627 1069 1671 norem
1089 1604 1121 1667 id
1140 1627 1158 1668 a
1177 1626 1213 1667 se
1233 1605 1311 1669 heri:
1334 1609 1527 1669 constituisse
1547 1615 1647 1668 tamen
1667 1603 1709 1667 de
1724 1604 1765 1667 di·

98 1694 255 1775 suadeant,
276 1708 308 1761 ut
328 1707 358 1761 et
377 1703 443 1782 ipse
464 1722 531 1765 cum
551 1704 644 1767 milite
658 1702 852 1785 regrediatur,
871 1710 903 1763 et
960 1701 1074 1780 gnitate.
1102 1719 1157 1760 sua
1180 1697 1318 1781 publicae
1343 1699 1520 1762 concordiae
1550 1698 1581 1760 id
1607 1697 1767 1770 dimittere,

99 1789 183 1850 militi
208 1798 268 1852 mm
295 1794 326 1853 in
353 1792 531 1858 Lithuaniae
556 1818 643 1881 qnam
669 1798 813 1861 Livoniae
838 1792 901 1856 fini·
959 1800 994 1855 ut
1013 1788 1052 1854 de
1068 1812 1144 1873 pace
1163 1794 1229 1873 ipse
1249 1791 1366 1872 legatos
1391 1790 1430 1854 ad
1450 1792 1567 1872 Regem
1591 1795 1709 1853 mittat:
1738 1790 1766 1852 id

98 1880 157 1943 bus
176 1883 310 1965 imperet,
331 1904 370 1947 ne
389 1886 535 1950 maleficio
554 1900 608 1953 aut
625 1891 734 1972 injurie
754 1888 816 1951 ulia
836 1886 902 1951 Mo·
960 1904 1049 1947 unum
1070 1884 1239 1967 postulare,
1259 1892 1292 1945 ut
1311 1882 1448 1946 induciae
1467 1886 1583 1945 interim
1610 1886 1691 1961 sint,
1713 1904 1767 1946 nee

98 1994 170 2036 scos
195 1974 342 2039 incusat:
371 1977 476 2042 eadem
502 1980 644 2061 Magnum
670 2002 758 2045 suum
786 1982 903 2045 Ducem
962 1977 1085 2040 ulterius
1106 1996 1173 2039 cum
1193 1979 1322 2039 exercitu
1349 1976 1416 2038 Rex
1440 1974 1663 2057 progrediatur:
1691 1977 1768 2057 tega-

100 2068 247 2151 recipers,
276 2088 462 2133 reversurum
482 2071 522 2135 ad
541 2073 633 2137 sedes
653 2094 743 2153 suas,
771 2094 904 2157 suosque
960 2068 1131 2133 tcsViinae
1151 2078 1304 2152 expectet:
1325 2068 1405 2151 quod
1426 2067 1456 2130 id
1477 2089 1494 2130 a
1514 2068 1681 2151 maJoribus
1700 2090 1768 2151 quo·

101 2182 119 2221 s
147 2162 177 2221 vi
207 2169 239 2223 et
268 2165 376 2244 injuria
401 2164 511 2248 ubique
537 2166 749 2230 cohibiturum:
790 2170 904 2231 interea
961 2149 1021 2245 que
1041 2166 1137 2245 ipsius
1156 2161 1334 2242 Magnorum
1343 2160 1520 2224 Moscoviae
1539 2162 1660 2223 Ducum
1680 2161 1768 2223 hono·

101 2255 237 2335 utrinque
266 2254 494 2335 elaborandum,
528 2268 562 2320 ut
591 2264 693 2323 missis
726 2259 905 2334 oratoribus,
963 2258 1128 2337 risemper
1149 2254 1249 2317 datum
1270 2254 1374 2327 tuerit,
1402 2264 1514 2317 utnon
1535 2258 1595 2315 nisi
1617 2258 1648 2315 ia
1669 2254 1767 2335 Regni

102 2365 236 2425 paceque
261 2356 293 2409 et
318 2349 478 2411 concordia
502 2352 680 2429 constituta,
712 2352 858 2434 depositis
887 2372 904 2413 a
931 2356 935 2419 ζ
963 2350 1075 2429 ipsius,
1105 2356 1157 2411 aut
1184 2346 1289 2427 Magni
1320 2347 1457 2409 lineatus
1486 2346 1666 2410 Lithuaniae
1697 2346 1769 2410 sede

102 2436 291 2518 Principibus
311 2444 413 2516 amris,
433 2451 512 2504 metu
533 2462 636 2505 omnes
656 2444 829 2507 liberentur.
870 2442 906 2506 ln
932 2438 935 2501 Ι
965 2448 1099 2502 oratores
1119 2460 1220 2502 eorum
1241 2438 1421 2502 audirentur.
1455 2438 1523 2501 Rex
1543 2436 1652 2500 eodem
1674 2444 1770 2501 ouria

104 2536 235 2591 extremo
254 2531 416 2595 iittcrarum
436 2544 591 2612 excusant,
611 2535 800 2617 quamobrem
820 2536 906 2599 Basi·
931 2526 935 2585 i
965 2532 1016 2595 iiia
1036 2536 1185 2615 pertinere
1206 2533 1393 2611 intelligens,
1421 2542 1456 2593 ut
1480 2540 1599 2613 tempus
1621 2531 1770 2611 gerendae

105 2620 161 2681 iius
182 2622 411 2705 Lopstinscius,
437 2646 597 2708 perquem
618 2628 728 2690 beilum
753 2626 822 2690 Rex
841 2626 908 2690 Mo·
932 2624 936 2677 i
965 2628 1009 2686 rei
1030 2624 1205 2697 extraheret,
1225 2622 1397 2705 respondite
1416 2628 1443 2686 si
1469 2642 1547 2705 quos
1566 2624 1689 2704 legatos
1710 2628 1769 2685 mit-

105 2732 159 2774 sco
179 2710 382 2794 denunciarat,
401 2717 499 2780 adbuc
518 2718 702 2783 detineaturt
732 2740 853 2804 operam
872 2738 910 2782 se
933 2682 937 2773 d
966 2727 1030 2780 tere
1050 2717 1137 2794 velit,
1166 2714 1284 2779 dicendi
1305 2736 1382 2796 quae
1402 2717 1510 2791 veiint,
1539 2724 1722 2797 potestaten
1741 2716 1770 2775 ii·

106 2803 228 2867 daturos
247 2807 425 2885 ostendunt,
453 2820 487 2874 ut
513 2816 725 2896 quamprimum
752 2812 792 2875 sd
817 2810 910 2875 sedes
966 2810 1073 2873 beuter
1091 2830 1126 2873 se
1146 2813 1184 2872 iis
1203 2808 1365 2886 facturum,
1385 2810 1572 2889 benigneque
1592 2807 1772 2873 auditurum.

106 2918 178 2963 suas
197 2909 323 2983 uterquc
340 2922 480 2966 reversus
500 2904 596 2978 fuerit,
616 2927 682 2969 curn
702 2904 851 2971 mandatis
871 2902 910 2969 de
970 2901 1061 2976 Quod
1081 2911 1161 2965 certo
1183 2905 1214 2964 in
1234 2902 1302 2964 loco
1323 2905 1471 2984 expectari
1497 2921 1515 2963 a
1534 2920 1570 2963 se
1588 2901 1709 2981 legatos
1728 2922 1773 2964 ee·

107 3012 181 3073 pace
201 2998 267 3056 sine
287 3015 369 3056 mora
387 2995 427 3057 ad
445 2996 560 3077 Regem
580 3003 754 3063 remittatur.
783 2998 912 3063 Fecerat
937 3044 939 3051 .
969 2998 1020 3073 iit,
1045 2994 1128 3057 nuiio
1155 2994 1187 3056 id
1207 3004 1372 3058 ceterorum
1391 2995 1562 3076 Principum
1589 2994 1774 3057 Christiano·

107 3084 165 3147 boc
184 3086 308 3148 Morcus
329 3089 463 3170 exemplo
483 3090 668 3170 Sigismundi
689 3094 817 3173 Augusti
840 3101 911 3153 tem·
937 3070 940 3149 i
968 3110 1032 3151 rum
1053 3087 1187 3169 exemplo
1206 3090 1284 3171 petit
1306 3091 1356 3169 qui
1376 3085 1612 3168 quandocunque
1632 3107 1706 3147 usus
1722 3090 1773 3159 sit,

108 3177 232 3257 poribus
254 3196 272 3238 a
291 3179 450 3243 Lithuanis
470 3183 657 3248 introducto:
684 3188 749 3266 qui,
774 3187 801 3245 si
822 3204 911 3265 quan·
938 3206 940 3211 ·
970 3200 1174 3264 quemcunque
1198 3183 1229 3241 in
1259 3181 1356 3241 iocum
1386 3180 1503 3260 legatos
1534 3182 1660 3240 mittant:
1691 3196 1769 3237 corn·

109 3268 148 3329 do
169 3268 285 3349 legatos
304 3270 370 3335 Rex
396 3272 435 3335 ad
459 3276 595 3337 Moscum
623 3280 739 3339 mittere
765 3274 911 3338 destinas·
970 3292 1056 3335 rrrune
1076 3272 1186 3353 ubique
1207 3292 1276 3334 esse
1293 3276 1346 3356 jus
1367 3273 1538 3351 legatorum,
1555 3288 1610 3331 nee
1628 3276 1713 3331 certo
1726 3269 1773 3330 io·

110 3371 165 3435 set,
185 3360 224 3423 ad
243 3362 462 3428 Mosceuiticos
480 3388 620 3447 proceres
640 3368 848 3451 litterasprius
863 3367 912 3429 da·
939 3394 942 3431 ι
971 3386 1007 3428 co
1025 3364 1118 3426 finiris
1144 3382 1237 3446 posse
1256 3385 1292 3426 sc
1311 3364 1480 3445 ubicunque
1505 3362 1617 3425 futurus
1639 3366 1700 3439 sit,
1727 3363 1777 3425 vei

110 3453 198 3523 bant,
223 3455 331 3534 quibus
349 3464 383 3516 ut
402 3478 420 3519 a
439 3478 496 3521 suo
515 3462 654 3543 Principe
680 3459 749 3523 idei
775 3460 914 3543 publicae
939 3436 943 3521 i
972 3463 1001 3519 in
1021 3460 1130 3520 castris
1149 3460 1241 3539 ipsis,
1271 3456 1428 3537 inquibus
1453 3460 1531 3517 inter
1554 3458 1714 3538 strepitum
1734 3476 1778 3517 ar·

111 3546 226 3607 litteras
247 3546 424 3621 oratoribus,
445 3554 494 3631 qui
515 3556 630 3613 venturi
651 3562 768 3627 essent,
790 3552 913 3616 confice·
972 3567 1095 3627 morum,
1113 3551 1162 3612 vel
1182 3554 1306 3616 maxime
1323 3549 1431 3628 tegatis
1451 3568 1528 3631 opus
1540 3550 1592 3620 sit,
1611 3545 1699 3608 adiri.
1722 3547 1780 3609 De·

111 3645 192 3707 rent,
221 3639 423 3719 postulabant.
472 3643 519 3705 Re
551 3642 731 3719 deliberata,
771 3648 801 3707 in
836 3646 915 3708 hanc
972 3652 1054 3708 tecta
1072 3642 1131 3705 sub
1151 3642 1241 3723 hujus
1261 3640 1420 3704 aduentum
1439 3660 1489 3703 res
1509 3640 1575 3715 fuit,
1596 3660 1676 3721 quae
1689 3644 1778 3709 omni·

111 3732 288 3793 senteutiam
309 3732 348 3795 ab
368 3735 573 3813 senatoribus,
599 3758 675 3821 quos
695 3737 838 3817 diximus,
865 3740 915 3803 Li·
973 3758 1023 3798 um
1044 3740 1159 3803 animer
1177 3735 1368 3797 vehementer
1395 3738 1425 3795 in
1450 3754 1486 3796 se
1507 3736 1666 3794 convertit.
1709 3732 1780 3795 Gre-

112 3824 231 3887 thuauis
261 3824 476 3907 respondetur:
510 3826 669 3909 diiigenter
705 3852 740 3895 se
772 3831 810 3895 de
840 3852 916 3915 paee
974 3834 1076 3909 gorius
1095 3828 1228 3890 Oscicus
1251 3827 1331 3889 claro
1351 3826 1420 3887 loeo
1440 3834 1544 3901 name,
1570 3834 1603 3886 et
1629 3834 1703 3887 ante
1718 3828 1781 3906 jam

114 3915 228 3997 Regem
247 3919 435 4001 appciiasse:
456 3920 537 3983 iiium
555 3932 589 3984 ut
612 3924 813 3986 Christianum
832 3926 916 3986 Prin·
973 3921 1032 3984 suh
1052 3919 1216 4000 interregni
1236 3930 1354 4002 tempus
1374 3918 1500 3980 consilis
1512 3936 1578 3978 eum
1589 3916 1703 3979 Mosco
1723 3920 1781 3997 agi·

115 4013 210 4091 cipem
231 4030 334 4092 pacem
361 4022 451 4094 atque
475 4013 663 4077 concordiam
689 4020 767 4080 inter
790 4020 916 4091 uicinos,
974 4021 1067 4077 tarot:
1097 4020 1129 4076 et
1156 4021 1219 4074 tum
1246 4032 1300 4094 per
1324 4012 1439 4073 litteras
1465 4012 1688 4072 communicare
1718 4030 1782 4073 cum

115 4122 152 4161 ac
185 4102 347 4165 Christiani
378 4110 554 4187 praesertim
591 4114 720 4171 nominis
758 4110 916 4192 Principes
974 4108 1026 4168 iiio
1048 4127 1107 4168 non
1127 4104 1352 4168 intermittebat.
1390 4103 1543 4165 Attulerat
1563 4100 1605 4162 ad
1631 4102 1716 4163 hune
1738 4102 1782 4165 tit·

116 4195 252 4257 ominbus
271 4196 361 4258 rebus
380 4202 525 4280 potiorem
545 4200 672 4264 hahere:
693 4203 801 4265 beilum
818 4213 917 4266 tamen
975 4211 1057 4262 teras
1076 4222 1094 4262 a
1114 4198 1221 4261 Mosco
1234 4194 1454 4272 Nasczolrinus,
1474 4214 1549 4276 quas
1570 4215 1639 4257 cum
1661 4196 1715 4258 ilie
1732 4214 1783 4278 per

117 4304 182 4344 cnm
203 4284 234 4345 id
253 4291 389 4351 maximis
416 4292 495 4353 iltius
523 4294 551 4353 in
580 4316 614 4356 se
640 4298 757 4377 injuriis
777 4316 920 4379 provoca·
977 4297 1109 4375 speciem
1141 4291 1277 4374 pellium,
1309 4288 1492 4368 aliorumque
1522 4291 1781 4351 mercimoniorum

116 4386 182 4449 tus,
213 4400 271 4439 nrm
292 4384 350 4442 nisi
372 4386 456 4463 pacis
477 4406 568 4448 causa
593 4392 777 4471 susceperit,
806 4387 919 4451 tamdiu
977 4386 1242 4448 Moscovitieorum
1260 4379 1467 4444 licitandorum
1487 4378 1569 4443 aditu
1590 4379 1630 4443 ad
1651 4380 1786 4444 Num

117 4472 205 4531 etiarn
226 4471 293 4533 alum
315 4494 428 4555 aequae
447 4480 531 4557 pacis
550 4490 689 4561 potestas
707 4503 725 4544 a
744 4482 858 4561 Magno
871 4503 920 4544 eo·
977 4477 1078 4541 hinum
1097 4480 1234 4559 quaesito
1255 4477 1441 4556 accepisset:
1467 4473 1608 4555 frequens
1629 4478 1787 4553 praeterea

117 4584 178 4624 rrrm
201 4566 284 4628 unm
303 4566 362 4628 sibi
384 4566 450 4645 fiat,
474 4570 637 4649 gerendum
662 4573 720 4635 sibi
740 4576 921 4653 inteiiigere:
978 4568 1083 4632 cadem
1103 4588 1195 4632 causa
1207 4570 1395 4649 interposita,
1413 4574 1786 4648 acseeretonenuuqusn

119 4659 234 4737 togatos
261 4680 348 4735 vero,
375 4670 411 4723 ut
440 4684 514 4743 quos
549 4662 587 4724 ad
619 4665 796 4747 Principem!
820 4686 919 4727 eorum
978 4663 1072 4745 petito
1099 4682 1165 4722 cum
1192 4681 1228 4721 eo
1254 4660 1360 4721 iuerat.
1407 4660 1574 4722 Enunciata
1593 4658 1675 4720 baec
1699 4676 1789 4721 ress

120 4756 230 4825 mittat,
260 4774 380 4817 causam
407 4758 515 4819 nuttam
541 4762 569 4820 ei
594 4756 704 4820 videris
733 4761 921 4839 potiusnon
978 4755 1103 4818 Mirexio
1128 4752 1256 4836 quodam
1283 4754 1417 4815 ministre
1444 4752 1549 4815 Oscici
1574 4750 1711 4813 Martiae
1740 4750 1793 4815 Ri-

121 4846 360 4909 comnittendum
379 4851 439 4913 sibi
460 4872 600 4925 censere,
629 4862 662 4913 ut
688 4872 765 4933 quos
790 4872 826 4913 ex
846 4854 932 4929 suis,
979 4849 1061 4911 binio
1081 4846 1150 4922 init,
1171 4850 1221 4929 qui
1241 4845 1382 4909 Andreae
1402 4843 1582 4909 Zehridovio
1609 4841 1807 4906 Peciiiatcri·

121 4938 364 5014 quemadmodum
385 4950 454 5005 autc
474 4943 592 5021 iecerit,
623 4946 740 5025 injuriis
767 4954 854 5027 atque
880 4946 921 5006 iu·
978 4939 1364 5022 Regionorueninmilitiam
1378 4936 1512 5000 dederat.
1524 4936 1556 4999 ls
1569 4956 1631 4998 rem
1644 4935 1796 5019 adblsgi·

121 5027 217 5087 dibrio
238 5032 305 5109 ejus
325 5035 464 5115 objiciat:
494 5042 520 5098 si
540 5039 590 5099 ilio
613 5038 729 5117 legatos
749 5036 786 5101 ad
807 5038 920 5119 Regem
978 5042 1101 5110 stratus,
1113 5032 1312 5114 Magistratus
1325 5029 1489 5110 adRegem
1503 5028 1617 5091 detulit.
1634 5030 1799 5105 Rhenus

121 5122 230 5181 mittat.
251 5126 398 5201 patienter
416 5126 546 5205 Regem,
566 5152 640 5210 quac
662 5128 776 5195 dicant.
807 5131 920 5195 anditu·
980 5120 1800 5210 qnipraemonitamrosaceidisectadbiberto-Ra·
