3742 5626
427 236 568 299 llutln'l
589 236 840 301 leSCOVlAli
859 234 988 299 lovels
1007 236 1297 301 nomenonii.
1690 240 1736 301 Ἀ,

74 399 216 477 lledrigis
237 400 447 461 rarrctlssimac
467 399 595 461 sentinae
616 399 705 473 filies,
722 418 788 459 enm
804 396 873 459 aliis
897 428 901 469 p
928 398 990 458 lrlio
1010 418 1076 473 sno,
1095 396 1231 481 ejusdem
1251 402 1387 475 nominis,
1406 400 1447 463 ob
1464 407 1598 475 matrem,
1618 402 1658 464 de
1670 424 1730 483 qna

73 496 244 575 permultis,
275 512 399 573 «perornat
419 492 560 573 sepulcra
584 491 683 553 adbuc
710 491 813 552 multis
842 492 872 553 tlt
928 490 1149 571 suspicionem:
1162 490 1297 552 adulterii
1332 504 1532 575 conceperat,
1561 498 1730 575 praeterito,

75 588 151 649 locis
172 586 403 665 conspiciuntur,
423 592 512 667 alpne
530 587 730 665 gregariorum
751 584 874 645 militnm
929 583 1066 654 moriem,
1086 583 1167 647 tratri
1178 582 1307 661 Georgia
1317 587 1516 664 gubernacula
1524 586 1660 665 tradidit,
1678 590 1731 669 qni

71 681 185 741 infinita
203 678 390 739 mullitudine
409 697 520 741 eaerns
539 684 597 749 est,
616 684 650 739 ut
667 676 807 739 auriculis
821 676 873 739 lra-
930 680 1067 755 nepotem
1088 676 1139 737 din
1157 677 1188 737 ie
1209 677 1339 738 rincnlla
1356 677 1495 741 detinuit.
1534 680 1670 745 Moriens
1687 688 1731 745 ts·-

74 782 156 843 xtes,
176 792 253 851 epuns
272 772 439 833 interiectis
466 770 672 846 absciderant,
699 790 805 831 norem
831 770 875 831 ie·
929 786 1008 837 men,
1028 770 1164 847 quamvis
1183 769 1261 831 dnos
1281 770 1406 833 baberet
1422 772 1500 833 lilios
1516 772 1679 847 Andrean,
1699 780 1732 837 ct

73 870 180 943 genter
202 886 313 926 saccos
339 864 534 943 impleverint.
573 864 624 925 Ad
645 864 798 925 victoriam
822 863 874 925 ob-
899 820 903 921 l
930 860 1122 937 Demetrium,
1143 864 1328 925 conscientia
1347 864 1425 926 lorte
1444 870 1605 945 permotus,
1617 866 1733 931 Basilio

72 957 233 1027 linendam,
253 958 380 1029 Tartari,
398 958 507 1039 capitis
532 956 651 1021 hermani
675 956 876 1025 simulacrum,
930 956 1031 1035 nepoti
1051 956 1203 1033 imperinm
1229 955 1359 1017 tradidit.
1399 958 1458 1019 Gni
1482 960 1635 1039 patmcles
1663 960 1733 1023 odio

74 1052 200 1122 uexillo,
232 1052 261 1110 in
282 1070 342 1131 qno
361 1050 458 1113 littera
476 1050 510 1109 X
530 1050 648 1129 depicta
668 1050 780 1120 inerat,
811 1054 875 1111 arta
930 1048 1054 1120 incitati,
1074 1046 1185 1111 bellurn
1203 1055 1333 1125 monent,
1350 1058 1382 1111 et
1401 1049 1521 1111 medem
1540 1056 1642 1113 astuto
1660 1060 1735 1115 stra·

73 1142 471 1223 blngieaimpositnm,lpnod
483 1143 876 1221 commotnmturpirsimnm
900 1188 905 1241 ἱ
930 1144 1081 1219 tegemate
1099 1140 1318 1223 deprehensum
1338 1142 1506 1205 exoculent.
1535 1142 1736 1209 Nihilominus

76 1236 219 1298 fractorem
238 1236 438 1307 exhalaverat,
457 1238 569 1297 nostris
587 1236 878 1311 obviamgestarnnt,
901 1264 905 1319 p
931 1232 1099 1317 Boianones
1123 1236 1182 1309 (lta
1206 1234 1392 1297 dioscoritas
1419 1236 1544 1299 nobiles
1568 1238 1735 1319 appellent)

76 1331 174 1408 iisque
193 1336 305 1390 tantum
324 1334 462 1389 terrorem
489 1332 695 1400 incesserunt,
723 1334 756 1389 nt
787 1328 876 1388 relnti
901 1326 905 1399 l
932 1344 1024 1387 caeco
1045 1325 1114 1387 duci
1134 1346 1200 1397 sno,
1218 1347 1307 1407 quern
1327 1328 1481 1412 Tiemnoj,
1513 1329 1544 1391 id
1568 1336 1633 1407 est,
1653 1336 1736 1394 teac-

77 1424 174 1503 eapitc
195 1422 342 1485 lllrrdnsae
360 1424 522 1503 perterriti,
552 1420 689 1483 imbelles
716 1422 878 1485 extiterint.
902 1452 906 1493 Ι
933 1419 1065 1485 brosnm,
1084 1419 1124 1479 ob
1137 1420 1311 1481 caecitatem
1329 1420 1527 1502 appellabant,
1548 1423 1634 1485 tidem
1652 1446 1736 1506 prae·

153 1516 272 1577 Exinde
290 1516 408 1584 Belius,
428 1536 494 1577 cnm
506 1514 571 1575 seir
593 1513 815 1591 inllnngariam
828 1534 878 1573 eo·
902 1498 906 1565 l
934 1516 1023 1571 stent.
1063 1512 1170 1575 Filium
1192 1510 1308 1591 reliquit
1325 1514 1471 1575 donnae·
1491 1514 1667 1595 Basiliden,
1686 1522 1738 1601 qui

76 1608 143 1669 dem
161 1612 261 1669 arrinro
281 1628 353 1669 sose
377 1608 520 1677 eontulit,
551 1612 583 1669 et
611 1605 718 1667 Delam
751 1604 878 1684 Regem,
934 1605 1024 1665 rebus
1045 1604 1225 1665 Rntbenicir
1246 1606 1384 1667 obscuris
1401 1606 1501 1669 adbuc
1519 1630 1657 1689 magnam
1678 1612 1737 1675 el..

77 1705 145 1783 ejns
165 1702 291 1762 nominis
312 1700 473 1771 Quartum,
496 1698 536 1761 ed
561 1700 790 1761 internecionem
816 1699 880 1761 l'ere
935 1698 1049 1757 ritatem
1070 1696 1177 1759 attulit.
1219 1695 1316 1770 Quid,
1336 1706 1369 1757 nt
1389 1718 1427 1758 eo
1447 1700 1631 1763 commodius
1655 1724 1739 1766 asse·

76 1796 195 1867 delerit,
215 1796 265 1873 qni
286 1794 442 1871 lagueum
463 1792 523 1853 lilio
543 1793 683 1871 elapsus,
703 1812 809 1855 manus
829 1791 880 1853 Ιιο-
935 1790 986 1869 qni
1006 1794 1122 1871 posset,
1141 1790 1326 1867 superiorum
1353 1788 1463 1851 ducum
1488 1792 1567 1855 lilios
1592 1802 1624 1855 et
1648 1816 1737 1879 nepo·

78 1890 136 1947 stin
155 1888 202 1947 rix
223 1886 334 1965 elingit.
356 1886 433 1945 Cum
453 1894 537 1945 tetus
557 1884 620 1945 lere
641 1885 733 1955 orbis,
753 1884 881 1947 cbbauc
905 1920 910 2003 p
935 1888 995 1952 tes,
1013 1902 1091 1962 qnos
1116 1884 1213 1963 potnit
1236 1902 1255 1943 ο
1281 1881 1377 1943 ιιιοιΙίο
1406 1884 1543 1955 snstnb‘t,
1571 1892 1603 1947 et
1633 1888 1739 1951 tillium

78 1982 283 2041 lorocissimae
307 1980 406 2056 gentis
430 1978 636 2055 irruptionem,
667 1978 697 2037 in
723 1980 881 2039 maximum
935 1974 1039 2053 Magni
1058 1974 1154 2037 Dneis
1174 1974 1375 2050 vindi-iriae,
1395 1974 1578 2049 llloecoviee,
1597 1986 1629 2039 et
1642 1980 1740 2043 Nore-

78 2082 218 2135 terrorem
248 2075 404 2155 conjectus
441 2075 546 2140 esset,
579 2068 697 2129 tarrdem
736 2068 881 2131 lrmocen·
937 2068 1057 2145 gordiae
1075 2069 1133 2128 sibi
1155 2088 1310 2149 nsnrpme,
1330 2088 1425 2149 seque
1449 2068 1645 2133 Monxrebam
1669 2077 1740 2149 (sen

77 2170 139 2228 tino
160 2166 210 2231 lv.
233 2166 375 2227 Summus
395 2162 550 2237 Pontifex,
576 2162 671 2223 elissa
697 2162 736 2223 ad
761 2162 880 2225 Delium
906 2214 910 2233 ,
938 2159 1079 2233 Taurum)
1100 2160 1193 2223 totins
1212 2160 1347 2222 {tussiae
1364 2162 1517 2243 appellare
1535 2167 1644 2246 coepit.
1684 2160 1740 2229 llr·

79 2260 242 2337 legatione,
273 2278 376 2335 paoem
410 2254 656 2336 pnlrrpnemmlom
695 2254 909 2337 impetraritxl
938 2254 995 2313 bes
1014 2252 1092 2313 duas
1111 2254 1277 2335 primarias,
1299 2254 1501 2331 Plesconiam,
1520 2266 1600 2335 qtae
1624 2258 1691 2321 sola
1710 2260 1739 2321 ln

79 2362 113 2413 ut
133 2372 201 2413 cero
222 2353 337 2411 relictis
355 2347 620 2431 superstitionibus
643 2345 881 2423 ethnicismum
907 2390 910 2427 ,
938 2354 1001 2407 tota
1021 2345 1175 2408 llloscaria
1202 2366 1282 2407 mnro
1313 2347 1412 2409 cincta
1442 2352 1499 2419 est,
1529 2358 1561 2411 et
1590 2350 1742 2431 Novegar·

80 2452 129 2505 sto
149 2464 255 2505 nomeu
275 2444 370 2513 claret,
401 2440 573 2523 persuaderi
597 2441 662 2521 ipri-
687 2460 745 2501 eon
776 2442 881 2523 potnit.
907 2432 911 2498 ἶ
939 2437 1027 2507 diam,
1047 2440 1086 2499 ob
1105 2440 1293 2501 mercimonia
1308 2440 1474 2501 ditissimas
1486 2452 1518 2501 et
1530 2443 1742 2523 amplissimas,

80 2538 244 2601 blelrometi
265 2538 342 2597 enin
362 2536 514 2615 dogmata,
540 2538 641 2611 utpote
672 2532 778 2595 feritati
808 2552 883 2595 snae
907 2548 911 2625 ᾗ
939 2550 1007 2591 cnm
1035 2530 1194 2595 lrilbnanis
1218 2534 1256 2591 eo
1285 2534 1404 2593 circitor
1427 2552 1525 2595 annos
1560 2538 1743 2617 paruissent,

82 2634 253 2693 barbaricae
273 2630 369 2707 magis
393 2628 566 2700 arridentia,
592 2626 807 2687 Saracenorum
832 2629 883 2687 im·
907 2633 911 2712 l
939 2624 969 2685 in
989 2625 1161 2685 servitutem
1181 2625 1305 2705 redegit.
1346 2624 1462 2687 Tantae
1482 2628 1565 2689 inere
1591 2628 1744 2709 Norogar·

81 2725 168 2804 pulsu
189 2722 345 2801 amplexus
364 2728 421 2795 cst,
441 2742 520 2800 qrrac
537 2722 567 2781 ln
587 2718 667 2779 bunc
688 2740 785 2797 nsque
805 2718 884 2779 diem
940 2716 1077 2777 densium
1097 2736 1188 2796 opes,
1207 2724 1241 2777 nt
1258 2724 1409 2777 trecentos
1425 2738 1545 2793 cerrus,
1565 2740 1638 2781 auro
1658 2728 1744 2784 etar-

84 2818 298 2889 'tartaricum
319 2814 480 2875 Turmrnm
502 2814 629 2873 colluvie
649 2812 815 2871 eommunia
834 2810 884 2871 br·
940 2814 1029 2887 gente
1050 2818 1187 2881 onustos,
1207 2808 1276 2869 inde
1294 2810 1458 2869 abduxisse
1476 2810 1601 2871 dicatur.

84 2912 167 2969 bont,
1018 2899 1136 2959 Primus
1167 2920 1285 2979 quoqne
1310 2900 1359 2963 llic
1394 2901 1520 2963 Polonis
1548 2908 1580 2965 et
1608 2904 1745 2969 Liveeiis

162 2998 267 3059 Filium
289 2998 391 3057 lralrnit
411 2996 632 3066 Temerlanem,
659 3012 747 3073 quem
767 2990 886 3053 llioxce·
943 2992 1050 3053 bellum
1075 2992 1181 3053 morit:
1222 2992 1349 3056 Potonis
1373 2994 1493 3075 pnidcm
1512 3016 1550 3057 eo
1576 3003 1746 3079 praetextu,

85 3096 163 3153 nilne
183 3090 365 3153 Temirlrntta
384 3088 549 3171 appellant,
577 3088 627 3167 qni
647 3088 778 3165 etipse,
797 3090 830 3147 nt
850 3106 886 3146 ex
943 3084 1023 3165 quod
1045 3084 1134 3145 liliarn
1157 3104 1247 3147 snam
1272 3086 1434 3163 Helenam,
1458 3108 1546 3169 qnam
1571 3091 1746 3153 Alexandro

85 3188 221 3247 historiis
240 3190 332 3265 petet,
352 3202 485 3261 magnam
498 3181 627 3241 neminie
640 3179 804 3241 claritatem
819 3178 888 3241 ade·
943 3178 1052 3256 blegne
1071 3176 1248 3241 Litbneniae
1267 3178 1356 3251 Deci,
1374 3188 1480 3261 postes
1505 3202 1577 3245 vero
1602 3182 1747 3249 Polonise

86 3290 158 3361 ptum
180 3289 238 3340 est.
278 3276 449 3358 Bejexotern
470 3276 548 3334 enim
569 3274 734 3333 Trrrearnm
759 3268 887 3351 Impera·
944 3270 1032 3350 Regi,
1053 3272 1082 3330 in
1103 3272 1316 3333 matrimonium
1337 3274 1506 3351 collocarat,
1531 3276 1609 3337 male
1633 3276 1748 3349 baberi,

84 3381 187 3442 turem,
207 3370 324 3429 eatenis
342 3368 442 3428 aureis
461 3368 597 3437 uinctum,
616 3367 647 3425 in
659 3383 753 3425 cavea
765 3366 889 3425 circnm-
912 3334 918 3437 l
944 3374 976 3427 et
994 3386 1015 3425 a
1033 3362 1176 3441 religione
1196 3364 1323 3442 Graeca,
1342 3365 1382 3427 ad
1407 3365 1563 3431 Romanae
1586 3370 1747 3434 Ecclesiae

86 3465 184 3534 eluxit,
209 3474 299 3543 etrpne
324 3460 460 3520 omrribns
488 3458 657 3519 hominibus
686 3456 813 3519 ludibrio
837 3478 888 3519 ex·
945 3458 1152 3519 caeremonias
1170 3456 1328 3521 abductare
1361 3458 1499 3521 diceret.-
1523 3462 1662 3527 lrivoeiis
1676 3484 1749 3527 rere

85 3560 195 3641 paruit.
946 3571 1005 3611 eon
1023 3550 1111 3611 allam
1142 3550 1181 3611 ob
1204 3572 1337 3623 censam,
1361 3573 1451 3632 quam
1477 3553 1558 3634 qnod
1582 3557 1749 3621 incredibili

126 3650 174 3711 rld
195 3647 363 3709 ltutlrcniea
393 3648 581 3705 revertamur.
622 3642 722 3703 (laeuo
749 3640 889 3719 Georgia,
945 3643 1117 3725 cupiditate,
1136 3642 1281 3705 dilatandi
1300 3646 1414 3725 imperii
1433 3648 1482 3707 sni
1501 3648 1628 3710 arderet.
1658 3650 1748 3723 Quae

84 3742 242 3805 larostanx
263 3740 353 3799 lreler
371 3738 532 3811 srreecsrit,
552 3735 666 3796 relictis
686 3756 725 3795 ex
752 3754 789 3795 se
809 3735 889 3795 eatis
945 3756 1015 3797 vero
1035 3736 1352 3817 causae-impulsione,
1372 3742 1403 3797 et
1414 3738 1525 3801 allius
1535 3740 1598 3801 lere
1607 3747 1748 3805 momenti

86 3836 260 3905 Theodoro,
279 3830 465 3901 Alexandro,
485 3834 516 3889 et
534 3826 667 3889 Andrea.
725 3826 890 3889 Alexandri
947 3828 1181 3897 intercesserint,
1201 3828 1333 3889 tortasse
1351 3830 1391 3889 ab
1417 3830 1483 3891 leco
1508 3832 1644 3913 pluribus
1670 3856 1747 3897 eom·

86 3930 165 3990 filins
186 3924 294 3985 Daniel
313 3925 423 4003 prinus
443 3922 548 3983 sedem
567 3940 653 3983 snam
667 3922 696 3981 ia
711 3920 812 3981 nrbcm
825 3918 889 3979 blo·
944 3922 1163 3983 memorabitur.
1185 3920 1356 4001 Aliquoties
1374 3926 1473 3983 tamen
1488 3924 1656 4003 insignibus
1666 3948 1750 4009 prae.

87 4022 220 4081 scoriam
240 4018 407 4086 transtulit,
438 4020 468 4075 et
491 4034 561 4075 arco
580 4012 738 4091 hueusque
761 4012 890 4073 ebsenm
944 4014 996 4075 liis
1013 4034 1033 4073 a
1046 4012 1267 4093 Plelteabergio
1286 4014 1406 4075 militiae
1417 4014 1600 4079 Teutonicae
1612 4020 1752 4098 magistre

89 4112 242 4189 magnilica
263 4116 408 4183 extructa,
428 4108 543 4169 titulum
561 4106 620 4167 sibi
640 4106 742 4183 Magni
768 4104 889 4167 Mosco·
946 4106 1118 4187 prolllgalus
1137 4111 1194 4177 est,
1214 4126 1291 4185 pune
1303 4105 1608 4187 plnribesadducere,
1620 4112 1750 4177 eliceam

88 4208 155 4265 riae
176 4204 273 4263 Duris
292 4203 456 4281 usurparit.
482 4200 577 4261 Filios
597 4198 701 4259 babuit
720 4198 890 4277 Georgium,
946 4200 1021 4261 lnrte
1041 4220 1061 4259 a
1079 4200 1225 4279 propositi
1244 4200 1380 4259 instituto
1400 4200 1496 4263 inerit.

89 4294 300 4363 Alexandrum,
320 4292 678 4372 Borissnm,()plreninm,
691 4292 889 4353 etloannem.
1024 4290 1239 4353 Matrimonium
1266 4292 1360 4373 primo
1385 4297 1531 4357 contraxit
1557 4318 1624 4359 οιιι
1644 4298 1751 4373 Maris,

88 4392 147 4453 lile
167 4391 243 4470 patri
273 4388 444 4459 successit,
474 4392 505 4447 et
523 4386 603 4466 pond
622 4384 747 4447 assidue
767 4382 807 4445 ad
827 4404 891 4445 ero·
948 4386 1045 4447 Ducis
1065 4384 1229 4445 Trecentis
1251 4386 1327 4459 nln,
1347 4406 1464 4467 exque
1490 4389 1579 4451 lilium
1604 4390 1751 4455 loannem

88 4483 205 4561 gendes
234 4482 463 4559 eleemosynas,
493 4499 592 4559 peram
611 4498 715 4539 aeerrm
749 4482 890 4555 gestaret,
948 4478 1099 4557 suscepit,
1132 4478 1179 4537 cni
1205 4478 1292 4539 rinus
1318 4480 1417 4541 adbuc
1442 4482 1596 4560 imperium
1622 4484 1752 4557 tradidit,

89 4574 253 4649 Koloenon
273 4575 351 4633 enim
373 4572 437 4633 vrrlt
457 4574 591 4633 vocabuli
612 4572 828 4653 interpretatio)
849 4570 891 4631 di·
949 4574 1038 4651 eique
1056 4570 1201 4651 Steplreni
1227 4571 1395 4635 llloldariae
1424 4574 1552 4636 Palatini
1583 4576 1671 4637 lil‘ram
1701 4578 1752 4639 de·

88 4680 157 4729 etna
176 4674 235 4727 eal.
275 4668 373 4747 liujus
393 4666 444 4725 lilii
464 4666 547 4727 luere
577 4668 716 4741 Simeon,
746 4665 891 4735 Joaeees,
949 4664 1079 4747 spondit
1118 4664 1167 4727 Ex
1187 4686 1255 4745 qne,
1275 4672 1431 4745 postquam
1451 4668 1544 4727 lilium
1564 4666 1752 4733 Demetrium

90 4762 239 4823 Anrlrcas.
279 4760 414 4819 Sinreoni
433 4770 519 4839 pater
537 4758 760 4835 Vlodimiriare,
780 4766 810 4819 el
828 4756 892 4819 llo·-
949 4759 1147 4835 snscepisset,
1166 4762 1237 4817 ante
1256 4766 1371 4837 patrem
1390 4758 1526 4819 Jeannes
1544 4760 1626 4819 obiit.

90 4857 223 4917 scoriam
243 4854 425 4931 assignarit:
452 4854 502 4913 cui
521 4854 637 4931 absque
656 4850 758 4911 liberis
778 4858 892 4911 mortno
1026 4850 1159 4911 Alteram
1191 4848 1301 4909 deinde
1328 4868 1451 4911 uxorem
1484 4850 1569 4912 duxit
1597 4852 1754 4931 Sopbiam,

91 4950 244 5009 arrceexrit
261 4948 396 5008 loannes
417 4945 514 5017 irater,
538 4946 587 5024 rpni
607 4945 699 5004 lilium
718 4942 822 5003 lrabnit
834 4942 894 5003 Dc·
952 4942 1372 5019 Tbnmael'aleeologibliam,
1385 4961 1506 5021 qnaeex
1518 4946 1755 5012 amadob'nmmi

93 5044 242 5113 melrinm,
274 5061 312 5101 ex
332 5060 391 5119 quo
414 5040 473 5101 oali
499 5043 570 5099 sunt
599 5036 725 5111 Daniel,
752 5034 897 5107 Basilius,
953 5036 1109 5096 Pantilicis
1128 5034 1228 5094 dotale
1249 5034 1369 5107 dieitur,
1395 5034 1476 5115 qnod
1501 5036 1582 5101 Ursa
1599 5058 1667 5101 cem
1692 5040 1753 5105 Ra.

94 5134 252 5212 Georgius,
272 5132 422 5207 Andreas,
443 5130 561 5207 Petere,
580 5130 731 5203 loannes,
750 5128 896 5191 Constan-
954 5148 1041 5191 mans
1059 5128 1201 5189 Ecclesia
1219 5130 1450 5191 consensionem
1461 5130 1609 5205 initurum,
1627 5132 1755 5199 blesens

94 5228 186 5287 lions.
227 5226 360 5287 Basillns
390 5230 457 5307 pest
486 5232 599 5305 patrem
625 5222 787 5303 imperarit.
838 5222 896 5285 llic
954 5222 1151 5307 puemisisset.
1173 5222 1248 5283 cen
1262 5220 1377 5303 sapen
1388 5224 1548 5287 excellenti
1559 5228 1657 5289 animo
1672 5248 1757 5305 prae-
