3742 5626
117 206 175 261 illlll

117 385 193 431 ιιιιιι,
220 382 257 423 ac
276 360 435 441 praecipue
455 358 537 434 ejus,
562 356 611 433 qui
630 371 709 412 nunc
729 371 824 413 rerum
845 353 918 431 poti·

116 468 172 527 tur,
193 456 341 533 Principis
362 453 504 511 animum:
530 455 564 506 ut
583 466 649 505 cum
667 448 716 507 vix
736 444 774 507 ab
795 444 857 504 ullo
879 446 917 503 ri·

115 550 199 613 ribus
215 568 250 609 se
260 546 393 625 sarpaerari
412 559 620 621 nonnunquam
640 540 850 607 existimasset,
869 556 917 597 ne·

115 648 224 705 ririrrenr
242 656 358 719 quoque
379 632 552 703 doctiorem,
571 640 623 692 aut
640 630 785 709 religione
803 632 918 691 veriore

115 736 256 798 imlurtum
276 734 402 811 putaret.
425 726 481 787 Cui
502 745 567 785 eum
588 728 655 805 ipse
673 721 819 785 interdum
835 720 917 783 Chri·

114 832 276 889 stianorum
297 822 469 901 Principum
495 820 673 879 mentionem
694 815 839 886 lacerem,
866 818 915 895 qui

113 922 238 983 maxime
260 917 388 979 caeteris
402 914 693 993 praestarrt;qrriuam
713 911 763 971 isti
782 908 916 984 sunt(in·

112 1010 248 1095 malebat}
268 1012 297 1070 in
318 1004 449 1067 mtmdoi
469 1004 745 1085 Comparationem,
765 999 916 1072 videlicet,

111 1125 172 1169 non
193 1102 309 1167 terebat
328 1099 428 1170 elatio,
448 1118 525 1178 eptae
544 1094 688 1178 quidquid
707 1095 792 1159 alteri
813 1094 914 1156 tribui·

112 1208 169 1270 tur,
190 1200 237 1259 sui
253 1194 479 1276 depressionem
488 1198 582 1272 prestat.
604 1186 678 1251 lude
698 1191 786 1267 igitur
805 1186 914 1249 laetum

111 1302 168 1364 est,
187 1288 333 1367 uthlagni
350 1284 526 1347 Moscoviae
546 1282 649 1343 Duces
669 1284 762 1362 purime
781 1300 852 1343 sese
872 1288 914 1341 to·

111 1390 171 1447 tius
180 1383 314 1445 Rmsiae
330 1378 478 1439 Dominus
498 1374 606 1463 verbis,
627 1376 743 1446 litteris,
762 1382 851 1454 atque
872 1375 914 1453 ip·

110 1484 176 1543 sius
196 1476 341 1559 pecuniae
367 1471 463 1549 signis
485 1473 663 1549 exprimant,
685 1470 819 1549 quamvis
837 1466 913 1527 llus·

109 1578 176 1637 siae
207 1569 315 1631 honam
346 1572 460 1647 partem
492 1561 638 1625 Polouiae
668 1560 735 1625 Rex
769 1558 912 1621 obtineat.

108 1661 229 1729 Deinde
247 1680 318 1723 uero
331 1657 390 1729 hie,
403 1658 453 1737 qui
465 1664 622 1737 superstes
642 1663 697 1727 est,
711 1652 844 1715 ,loannes
855 1650 912 1715 Ba·

108 1758 170 1823 silii
190 1754 279 1825 iilius,
297 1758 416 1835 praeter
435 1748 517 1810 illam
536 1746 688 1809 titulorum
707 1750 833 1817 seriem,
854 1766 912 1827 qrra

106 1850 171 1915 vult
189 1846 335 1931 appellari
356 1843 485 1915 Casani,
506 1850 537 1903 et
556 1842 717 1903 Astracani
737 1838 828 1911 czar,
855 1858 910 1900 seu

106 1944 237 2025 Regem
259 1940 474 2003 Germanorum
493 1954 610 2016 proque
632 1932 851 2015 Imperatorem,
871 1929 910 1995 ad

107 2038 236 2101 'furcam
261 2030 414 2104 scribens,
441 2031 540 2091 roeari
567 2048 602 2089 se
629 2024 788 2109 aliquando
805 2028 908 2107 iussit.

106 2132 145 2197 m
157 2150 231 2193 sene
244 2146 311 2189 enm
321 2125 466 2191 Lireniae
486 2122 640 2193 inhiasset,
659 2128 749 2199 atque
768 2118 808 2181 ad
820 2118 909 2181 Prus-

104 2231 202 2298 sianr,
232 2217 360 2303 prodam
391 2215 533 2279 Caesaris
558 2214 689 2295 Aragusti
709 2211 808 2274 iratris
828 2232 909 2295 prae-

106 2328 197 2389 textu,
209 2316 382 2395 respiceret,
394 2330 480 2392 quem
492 2306 637 2371 Prussum
649 2316 786 2367 vocatum
807 2306 909 2379 luisse,

106 2420 137 2473 et
157 2430 193 2471 se
212 2406 250 2469 ab
271 2425 307 2467 co
328 2402 525 2465 descendisse
544 2400 679 2463 dicebat:
699 2419 823 2479 eumque
843 2420 910 2461 cum

106 2501 217 2567 Carolo
237 2498 366 2577 Quirite,
388 2517 424 2557 ac
444 2490 633 2559 Perdiuaudo
654 2494 720 2573 ejus
740 2490 838 2563 lratre,
859 2491 909 2551 bu-

102 2602 213 2679 jusepre
232 2590 294 2655 lilio
319 2588 523 2652 Maximiliauo
547 2586 641 2646 videri
666 2583 792 2643 voluerit
811 2586 908 2644 amiei-

103 2694 176 2753 tiam
190 2685 298 2757 colere,
317 2682 442 2761 intelligi
458 2688 567 2762 potest,
587 2676 657 2757 qnid
673 2673 711 2735 de
722 2674 908 2751 Germaniae,

105 2792 136 2847 et
153 2778 331 2847 Occidentis
341 2776 482 2837 ulteriore
501 2780 598 2833 tractu
618 2772 647 2830 iu
667 2770 764 2829 auimo
785 2772 905 2829 coxerit.

104 2876 198 2957 Spem
230 2874 326 2955 ipsius
356 2867 477 2930 alebant
515 2860 641 2925 dissidia
672 2860 905 2921 Christianorum

104 2968 285 3049 Principum,
306 2963 406 3024 variae
420 2979 486 3039 qne,
508 2976 545 3017 ac
559 2952 736 3035 pestilentes
755 2954 905 3026 haereses,

101 3062 237 3127 bisontii
257 3072 430 3123 successus,
450 3050 614 3117 Cusanum,
637 3054 667 3106 et
687 3046 906 3108 distractionum

103 3163 192 3217 antea
217 3150 380 3218 deuictum,
410 3162 447 3204 ac
475 3139 609 3201 imbibita
634 3140 680 3199 sui
701 3138 781 3199 illios
802 3138 904 3203 Schis-

101 3251 206 3319 matis,
226 3244 327 3325 potius
347 3256 434 3318 quam
454 3232 621 3311 religionis,
642 3233 757 3312 opinio,
779 3252 835 3313 qua
856 3232 904 3294 ‹le-

100 3334 317 3403 lectumaDco
339 3350 374 3391 se
394 3326 581 3395 existimarit,
595 3324 680 3403 qrrasi
697 3323 795 3403 jubar,
826 3325 904 3406 quod

98 3436 269 3492 rrrriversum
288 3422 390 3483 orbem
412 3426 494 3479 esset
518 3416 766 3477 collustraturum.
808 3420 904 3481 Araxe·

98 3528 167 3583 nont
190 3522 297 3599 postea
322 3512 504 3588 Legationes
535 3518 690 3571 anteactae
722 3510 904 3588 quorundam

99 3610 139 3677 ad
164 3626 231 3671 eum
250 3604 438 3683 Principum,
461 3604 548 3683 cujus
567 3600 714 3677 studium,
735 3612 763 3664 et
784 3624 903 3688 operam

98 3698 297 3779 raqrrirehant,
317 3712 375 3773 maa
387 3694 563 3757 Polouieum
580 3695 717 3775 Regrrrrm
737 3696 798 3759 alio
818 3696 903 3759 cade·

98 3804 154 3857 ret.
184 3788 266 3869 Quin
293 3808 359 3850 cum
385 3786 465 3870 aliud
484 3809 550 3849 eum
570 3809 685 3863 essem,
706 3806 813 3868 resque
840 3790 904 3853 nlo-

98 3886 221 3949 scosiae
239 3886 315 3945 satis
335 3890 438 3943 essent
450 3884 576 3955 attritae,
596 3880 722 3945 necdum
742 3891 841 3947 tamen
861 3904 904 3944 re·

100 3976 234 4039 conlatio
253 3975 449 4055 Legationum
471 3974 586 4036 illarum
606 3974 794 4056 elanguerat,
827 3993 903 4053 qrrae

99 4070 231 4151 Spiritus
244 4070 340 4149 ipsius
354 4064 503 4129 lorebaut.
526 4065 619 4129 Pacta
638 4066 767 4144 denique
778 4068 816 4130 ad
836 4090 903 4131 eau-

101 4160 167 4225 dem
187 4182 272 4242 spem
292 4168 340 4223 est
355 4162 449 4240 maJor
468 4163 615 4231 accessio,
628 4162 742 4223 cumab
764 4164 902 4222 eminenti

99 4256 238 4333 Principe
262 4252 379 4315 litterae
398 4252 437 4315 ad
458 4274 523 4315 cum
543 4254 761 4327 scriberentur,
795 4255 901 4331 «prailius

99 4344 289 4411 lutheranae
320 4344 482 4407 haereseos
510 4350 752 4427 propagationem
786 4352 815 4409 iu
846 4368 901 4409 sua

99 4438 212 4503 ditione
244 4436 480 4499 commendabat.
518 4438 591 4499 lude
620 4444 696 4501 enim
728 4441 901 4503 catholicos

105 4532 116 4542 ’
156 4528 357 4595 osRomanos
377 4533 480 4606 vocat)
501 4551 603 4591 onrues
624 4535 652 4591 in
674 4532 819 4595 lraercsim
841 4554 902 4595 cor·

192 4644 208 4695 a
225 4622 361 4695 eredidit,
381 4644 418 4685 ac
438 4622 562 4705 proinde
581 4624 698 4686 lucilius
723 4646 792 4685 csse
811 4626 903 4707 subji-

204 4736 234 4781 Ι.
256 4714 308 4781 nd
319 4726 488 4790 extremum,
510 4721 656 4779 severitas
668 4720 697 4779 in
715 4739 818 4780 onmes
839 4719 902 4781 bre·

204 4814 269 4872 isui
284 4811 401 4871 consilii
421 4814 529 4872 exitum
543 4812 748 4891 pollicebatur,
768 4830 826 4889 qua
837 4834 903 4893 spe·

200 4948 204 4971 ,
234 4902 376 4982 quicquid
396 4902 486 4983 objici
509 4912 612 4985 posset
632 4904 848 4986 impedimenti,
868 4932 902 4972 se

179 5004 294 5069 iturum,
314 4994 433 5074 quando
453 4997 686 5071 iulrithuauiam,
706 5014 796 5078 atque
818 5006 902 5067 hir-0.

204 5090 247 5147 sic
267 5090 333 5167 ejus
345 5100 439 5151 terror
450 5102 654 5171 perretrurcrat
668 5103 699 5153 ut
721 5096 823 5157 eadem
845 5099 902 5159 sibi

233 5178 344 5241 aditum
358 5190 458 5263 patere
478 5180 516 5243 ud
538 5184 651 5261 reliqna
665 5208 722 5247 nou
744 5188 901 5253 elrrlritaret.

688 186 911 253 ANTONIUS
932 185 1205 253 possevinus

1053 354 1096 415 At
1115 351 1197 429 quod
1215 351 1257 417 ad
1274 352 1406 413 schisma
1434 354 1584 432 pertinet,
1616 346 1787 411 incredibile

976 452 1032 516 est,
1053 453 1236 527 qrrantopere
1255 466 1292 509 eo
1311 450 1341 507 in
1364 449 1449 507 risco
1463 446 1604 515 baereat,
1627 460 1668 501 ac
1689 440 1787 521 placita

975 557 1030 617 pro
1050 543 1179 601 aeternis
1199 539 1324 613 babeat,
1349 544 1419 617 qrrin
1443 558 1517 599 uero
1549 540 1663 618 potius
1685 534 1785 611 aliquid

975 650 1094 711 semper
1113 629 1219 707 addat,
1240 650 1327 711 quam
1348 632 1457 693 demat.
1490 630 1610 709 ltaque
1632 640 1669 690 nt
1689 632 1740 705 urai
1757 629 1785 689 al

974 743 1034 785 uuo
1056 722 1232 797 discedunt,
1258 742 1317 804 quo
1342 724 1581 807 progrediuntur
1601 722 1743 793 ulterius,
1758 744 1785 783 eo

973 819 1004 877 iu
1025 817 1109 899 plura
1130 818 1264 881 incidunt
1282 818 1378 897 (quod
1397 828 1429 881 et
1446 819 1544 899 hujus
1566 818 1695 881 saeculi
1715 838 1784 881 nore

973 910 1088 972 toribus
1109 915 1274 991 contigisse
1293 932 1379 975 uerno
1398 932 1458 973 non
1477 910 1590 987 ridet)
1610 916 1664 974 sie
1684 912 1784 977 ldosr'a

972 1002 1092 1076 accidit,
1113 1008 1162 1081 qrri
1183 1026 1201 1067 a
1221 1006 1349 1069 Graecia
1374 1009 1449 1087 ipsis
1468 1006 1707 1075 schismaticis,
1723 1008 1783 1070 aab

971 1094 1104 1159 schisma
1123 1096 1250 1161 hausere
1271 1097 1358 1161 divisi
1377 1108 1462 1173 surrt,
1493 1100 1667 1177 multaque
1689 1104 1783 1183 imperi

972 1191 1088 1251 tissime
1099 1188 1257 1263 blaterant,
1270 1190 1363 1263 libris,
1373 1190 1553 1270 studiisque
1565 1194 1740 1255 litterarum
1749 1216 1782 1255 ιι-

972 1290 1093 1355 rentes,
1127 1281 1207 1359 quod
1238 1288 1268 1346 in
1293 1285 1387 1347 altero
1415 1286 1662 1347 Comruentario
1682 1292 1781 1370 scripsi

973 1372 1033 1451 Qui
1054 1394 1124 1453 erpo
1144 1375 1327 1439 Graecorum
1346 1382 1550 1461 pertinaciam
1579 1378 1782 1451 observaverit

972 1470 1060 1544 quive
1079 1468 1257 1531 Donatistas
1279 1476 1419 1533 memoria
1434 1476 1617 1553 repetierit,
1639 1490 1780 1551 nunquan

972 1558 1022 1621 ubi
1041 1580 1111 1623 sese
1130 1562 1169 1623 ab
1189 1564 1327 1627 Ecclesia
1347 1562 1584 1647 praeciderunt,
1608 1566 1653 1627 ad
1677 1568 1779 1631 eandm

970 1662 1164 1733 aggregatos:
1194 1660 1245 1733 qui
1272 1661 1341 1719 item
1361 1659 1554 1741 Aethiopum
1584 1664 1713 1740 ingenia
1731 1682 1777 1723 eae

968 1744 1160 1821 siderarerit,
1191 1751 1344 1812 Satrianum
1376 1752 1448 1813 licet
1479 1752 1682 1815 Pontificem
1711 1774 1776 1835 agee

969 1844 1130 1914 scentium3
1148 1846 1257 1919 qrrique
1278 1842 1403 1907 eundem
1423 1866 1486 1908 nou
1510 1867 1576 1909 una
1600 1844 1647 1909 ad
1669 1850 1773 1929 Apso

968 1932 1055 1995 licam
1076 1932 1179 1995 sedern
1198 1936 1347 2015 legatione
1366 1938 1504 2001 confessi
1526 1950 1631 2003 stant:
1654 1938 1771 2019 quidest

968 2041 1027 2105 que
1041 2026 1183 2091 llussitas
1203 2032 1381 2113 inspexerit,
1412 2040 1473 2093 tam
1496 2052 1605 2115 saepe
1628 2032 1671 2095 de
1691 2040 1771 2097 ιιιιὶιιι

968 2128 1108 2199 agentes,
1129 2140 1165 2181 ac
1184 2140 1333 2199 ιιιιιιιμιιιιιι
1353 2122 1391 2183 ad
1411 2122 1598 2189 Ecclesiam
1622 2132 1767 2211 pertenire

968 2222 1024 2288 tes,
1044 2214 1133 2277 facile
1154 2212 1357 2297 deprehendet
1378 2224 1519 2279 araturam
1533 2218 1680 2285 Moscici
1699 2222 1766 2285 sets

968 2311 1066 2369 matis.

1044 2403 1145 2481 litiget
1168 2422 1257 2483 porro
1282 2405 1378 2486 ipsius
1406 2408 1621 2485 pertinaciam
1643 2428 1764 2493 praessa·

967 2502 1018 2575 pta
1040 2492 1124 2555 dese
1136 2499 1236 2576 opinio
1248 2500 1442 2568 constantiae,
1463 2502 1691 2577 existimantis,
1707 2500 1763 2583 qul

966 2586 1105 2649 Schisma
1123 2586 1204 2649 istud
1231 2592 1299 2651 siue
1317 2592 1451 2653 scissura
1473 2592 1642 2673 perduret.
1671 2596 1763 2659 Praete

964 2700 1017 2743 rea
1036 2679 1154 2743 aceedit
1165 2681 1356 2762 populorum,
1372 2686 1422 2761 qui
1441 2684 1522 2747 illud
1547 2708 1624 2751 οιιιιι
1644 2690 1717 2753 lacte
1730 2708 1762 2751 r*

964 2782 1078 2848 renunt,
1091 2792 1250 2853 eorumque
1263 2774 1499 2851 rudissimorum,
1511 2792 1699 2867 perpetrm·
1711 2802 1762 2863 erp

964 2865 1134 2949 Principem
1155 2866 1345 2945 obsequium,
1370 2878 1401 2931 et
1418 2874 1572 2935 servitus.
1612 2874 1686 2939 lude
1704 2878 1762 2937 εὴ

963 2958 1004 3034 lit,
1024 2969 1057 3023 ut
1076 2982 1142 3024 cmn
1162 2960 1334 3041 Principum
1349 2965 1480 3025 omnium
1500 2966 1636 3049 Legatia
1655 2968 1762 3031 collem

963 3063 1021 3128 tus,
1041 3054 1092 3117 ubi
1106 3055 1149 3115 illi
1163 3053 1384 3128 abscesserunt,
1404 3059 1434 3117 iu
1449 3058 1538 3139 pelui
1559 3074 1699 3143 argentea
1717 3080 1761 3122 na

962 3168 1019 3209 ntis
1039 3148 1129 3219 eluat,
1150 3150 1235 3225 qrrasi
1248 3147 1380 3211 sordium
1391 3150 1508 3228 aliquid
1534 3160 1716 3223 consuent,
1734 3174 1763 3215 ea

963 3260 995 3301 re
1009 3250 1192 3312 contestans,
1207 3240 1394 3305 Christianos
1411 3243 1554 3324 reliquos
1563 3248 1762 3325 nemim

962 3341 1053 3395 mata.
1087 3330 1178 3410 Quod
1204 3354 1269 3395 cum
1295 3354 1313 3395 a
1339 3354 1385 3395 me
1404 3335 1450 3397 illi
1471 3336 1581 3401 trahet
1605 3336 1763 3417 abjectum,

964 3428 1034 3504 (quc
1055 3428 1185 3487 exeneis
1206 3426 1313 3488 litteris
1334 3432 1411 3489 istuc
1435 3434 1548 3493 missis
1564 3428 1701 3508 liquidius
1721 3452 1763 3493 co

964 3523 1068 3599 gnosci
1088 3521 1204 3600 potuit)
1234 3541 1271 3581 ac
1296 3520 1334 3583 de
1359 3541 1395 3581 ea
1414 3542 1450 3583 re
1469 3544 1509 3587 se
1530 3524 1625 3589 vellet
1641 3544 1763 3609 pingere.

963 3632 1023 3673 non
1043 3612 1129 3675 diluit
1150 3618 1257 3673 lamen.
1279 3612 1383 3685 Porro,
1404 3634 1467 3677 nou
1486 3620 1572 3679 init
1582 3622 1762 3683 Annaei

961 3725 1018 3769 sua
1037 3706 1148 3788 templa
1167 3702 1291 3784 ingredi,
1311 3721 1387 3783 nares
1400 3705 1548 3773 Nestorii
1570 3711 1716 3775 haeresin
1733 3716 1762 3773 ait

963 3818 1033 3862 csse
1051 3808 1190 3859 secutos:
1210 3798 1337 3861 Graecis
1360 3808 1462 3861 autem
1478 3800 1513 3863 id
1529 3810 1696 3887 permittit;
1712 3826 1760 3869 e·

962 3891 1156 3963 Lutheranis,
1188 3900 1219 3953 et
1246 3892 1315 3953 aliis
1344 3891 1513 3957 haereticis
1547 3916 1651 3979 neqm
1682 3908 1759 3983 pates

962 3984 1078 4055 aditus,
1105 3992 1136 4045 et
1154 4000 1231 4061 quae
1249 3984 1307 4047 sibi
1328 3994 1571 4053 construxerant
1591 3994 1714 4077 templa,
1734 3992 1759 4051 al

962 4098 1006 4149 eo,
1029 4086 1215 4139 concremata
1233 4080 1303 4137 siut.

1040 4463 1355 4558 Quasnam
1389 4462 1572 4547 seras
1602 4472 1709 4551 sm

962 4624 1004 4669 ne
1034 4622 1176 4681 uosco,
1208 4624 1251 4669 ac
1288 4624 1330 4669 os
1367 4624 1455 4671 rsus
1494 4627 1711 4681 euourssrs
1728 4628 1751 4673 ιι

963 4732 1241 4779 esocaoaunuu
1273 4734 1309 4777 m
1335 4734 1460 4793 ιειιιιι,
1498 4738 1550 4787 xa
1584 4745 1677 4791 aero
1702 4742 1752 4787 sn

1001 4843 1206 4889 errssrxcn
1227 4842 1375 4889 cusrsrr
1395 4844 1540 4893 souare
1561 4852 1611 4899 ar
1632 4852 1733 4899 eroes

1038 5094 1104 5155 lam
1126 5091 1197 5170 quid
1215 5096 1327 5171 sperari
1348 5096 1447 5171 possit
1466 5116 1487 5156 a
1505 5098 1639 5167 Mosco,
1659 5108 1686 5167 si
1703 5118 1747 5175 eu

961 5187 1011 5249 ille
1034 5188 1148 5249 litteris.
1173 5184 1211 5247 ad
1232 5184 1267 5245 B.
1280 5184 1320 5244 V.
1341 5196 1431 5261 atque
1452 5188 1495 5249 nd
1519 5194 1607 5257 alios
1631 5196 1751 5267 Principe
