3742 5626
97 176 157 245 tta
693 196 696 201 ·
725 174 1142 245 raouluuultuoitllli

101 337 159 403 ssd
179 339 209 399 in
230 338 326 419 planis
339 340 455 422 campis
475 338 572 401 nudas
591 348 622 402 et
642 339 780 405 desertam
794 344 908 424 J'ecero,
935 342 938 349 ’
967 341 1024 405 lies
1048 343 1183 421 insignis
1229 345 1261 409 le
1285 345 1368 408 hosti
1394 346 1545 427 populanti
1572 346 1775 407 Astrsesnise

101 454 178 515 quus
202 440 313 514 potens
336 433 446 514 aliquis
472 434 567 495 victor
594 437 675 497 netu
692 434 802 497 esoidii
821 434 909 497 sanilo
934 462 938 499 a
966 455 1056 514 agros
1074 435 1114 496 sd
1136 436 1249 515 Volgne
1273 441 1352 518 ripas
1373 440 1512 509 occurrit,
1539 458 1671 518 eumque
1692 458 1771 503 eccs

101 524 141 588 sd
171 524 351 589 deditionem
379 527 543 608 perducere
567 527 676 606 possit.
713 525 780 589 Nec
804 528 835 589 ie
864 548 907 589 re
935 508 938 599 l
966 529 1082 591 donem
1102 532 1287 593 conserendo
1312 532 1423 612 proelio
1443 533 1653 612 prselmieset,
1681 533 1774 594 semel

103 621 225 701 pontino
246 619 435 682 'sanatorum
463 624 545 682 metu
562 619 707 682 medicum
728 627 908 683 momentu·
966 622 1132 702 iterumque
1165 645 1308 707 prnspere
1340 627 1498 687 dimicavit
1546 625 1624 687 Nam
1662 624 1774 689 tneo

104 714 244 776 victorine
264 713 338 789 iore,
358 716 509 794 enitente
529 713 908 794 apparetuheetinmper·
966 714 1167 777 alimentorum
1193 721 1292 802 inopia
1317 720 1472 797 segniores
1497 718 1621 789 redditi,
1654 718 1696 779 nd
1716 720 1771 781 hel·

105 806 181 869 culsi
202 808 307 888 jugum
331 807 420 869 facilc
443 808 603 869 assumturi
622 808 695 869 sint.
735 807 910 868 Accessere
967 807 1025 869 lum
1050 810 1140 870 etiarn
1167 814 1266 873 minus
1292 811 1393 873 idonei
1419 810 1596 873 videbantur
1623 832 1718 888 esse,
1742 822 1769 875 et

104 905 136 963 et
154 899 286 962 villarum
305 901 452 978 incendia,
471 906 503 963 et
521 901 710 963 castellorum
725 899 909 981 oppidorum·
967 920 1034 961 curs
1052 899 1102 963 his
1130 902 1310 966 Serebrinus
1335 906 1377 965 its
1396 924 1459 965 rem
1477 906 1620 987 gerebat,
1648 912 1685 967 ut
1709 905 1764 967 niel

105 1012 164 1075 que
199 995 425 1077 repugnantium
461 994 672 1076 direptionem,
709 999 773 1055 turn
811 993 909 1071 ipsius
967 995 1027 1055 eibi
1047 996 1229 1059 commodius
1249 1000 1445 1068 existimaret,
1469 1016 1557 1077 quem
1583 1019 1714 1059 serrare
1734 1016 1766 1060 st·

105 1088 303 1149 Astracselae
322 1088 518 1149 obsidionum.
553 1085 672 1158 Quibus
691 1087 829 1149 omuibus
849 1106 908 1146 non
967 1106 1027 1167 que
1044 1108 1156 1167 augere
1175 1092 1206 1151 in
1226 1093 1299 1152 urbe
1320 1092 1432 1171 copies,
1452 1092 1586 1151 cunctari
1605 1094 1640 1153 in
1661 1092 1771 1153 idoneis

105 1178 213 1242 Turcis
231 1184 344 1242 tautum
370 1184 401 1242 in
420 1179 479 1242 has
497 1190 619 1260 gentes,
645 1179 702 1241 sed
722 1188 754 1241 et
772 1181 803 1239 in
822 1180 909 1259 ipsos
967 1179 1057 1251 loeis,
1083 1202 1260 1263 omnemque
1285 1182 1460 1265 importandi
1486 1194 1674 1249 commutes
1700 1188 1772 1247 rien

104 1270 232 1336 hlosoos
249 1275 380 1335 mutiunt
397 1280 501 1356 patero
520 1274 609 1335 helle.
647 1272 802 1353 Nusquam
822 1273 910 1351 igitur
964 1274 1172 1338 intereludere.
1212 1276 1377 1338 inclinabat
1402 1278 1479 1337 enirn
1504 1297 1541 1337 sc
1558 1284 1726 1339 autumnus
1745 1278 1774 1339 il·

104 1366 175 1429 elihi
196 1367 313 1429 facilins
334 1368 459 1439 bellum,
482 1367 538 1429 sed
559 1366 775 1446 naupraedam
794 1366 909 1427 uberio-
966 1366 1006 1427 lis
1025 1368 1055 1429 in
1076 1369 1264 1447 regionibus,
1286 1368 1376 1430 hiemi
1397 1390 1485 1449 quam
1503 1373 1612 1432 aestati
1632 1370 1774 1433 similior:

106 1479 169 1521 rem
198 1461 324 1521 inueniri
350 1482 452 1542 posse.
507 1459 585 1522 Nora
615 1466 701 1541 capte
728 1459 910 1523 Astraeams
968 1480 1025 1521 neo
1050 1459 1158 1523 differri
1187 1468 1302 1542 peterat
1329 1461 1442 1523 diutius
1470 1462 1605 1535 obsidio,
1637 1466 1774 1544 quouis·

105 1573 212 1615 eunos
249 1552 459 1616 ditissimorum
498 1560 692 1615 mercatorum
737 1552 931 1626 messuros,
967 1562 1109 1631 vergonto
1129 1557 1159 1615 in
1180 1556 1311 1618 brumen
1329 1560 1461 1633 tompore
1479 1557 1599 1634 gravior
1620 1556 1722 1619 indies
1740 1577 1773 1619 se

105 1647 263 1728 ipsumque
295 1646 433 1726 Regnum
468 1649 632 1729 praemlum
660 1648 803 1708 uictorum
835 1645 910 1706 lore.
966 1648 1085 1709 saeuior
1113 1654 1278 1728 tenpestas
1307 1667 1379 1709 esse
1406 1654 1597 1711 consuesset.
1650 1648 1774 1713 Preces·

105 1738 237 1803 Gloriam
262 1750 345 1802 certe
370 1747 431 1803 tam
457 1741 604 1803 bonosius
627 1740 753 1802 militine
771 1741 800 1801 iu
820 1758 909 1801 omno
967 1747 1069 1801 serant
1083 1743 1148 1822 jam
1173 1741 1282 1803 hostes
1307 1741 1485 1803 vastabundi
1508 1762 1611 1823 uque
1630 1743 1663 1805 in
1681 1746 1774 1824 preri-

103 1852 210 1895 aernm
230 1832 370 1905 turum,
390 1840 423 1895 ut
441 1834 555 1895 dicatur
575 1854 630 1894 cos
649 1833 733 1895 solos
754 1833 909 1895 Ottosrnn·
967 1852 1046 1894 mun
1065 1833 1182 1914 angno
1200 1835 1286 1905 litus,
1318 1836 1429 1916 majore
1459 1835 1593 1913 prolecto
1614 1838 1773 1898 sni-ern·

103 1946 208 1989 norum
233 1948 321 2004 esse,
351 1929 403 2007 gui
434 1927 583 1999 dedecus,
612 1925 760 2007 quondan
785 1928 824 1988 nh
850 1924 909 1988 Ts-
967 1929 1129 2007 pervicatia
1148 1948 1237 2007 quam
1258 1926 1559 2000 bellicosortitudine,
1581 1932 1628 1991 ita
1648 1934 1683 1991 nt
1700 1929 1774 2012 pilse

104 2020 235 2083 nerlnrm
254 2028 422 2102 scoephrnr,
442 2020 481 2081 nd
500 2019 607 2082 hostes
625 2019 845 2090 transtulerint,
866 2018 908 2080 ul·
967 2039 1069 2081 eorum
1094 2023 1249 2083 tormentis
1271 2023 1402 2082 emissae
1427 2020 1466 2082 nd
1487 2023 1583 2100 ipss-
1613 2042 1715 2102 usgue
1732 2043 1771 2084 rr·

102 2120 208 2196 boene
226 2116 375 2177 inimicam
396 2120 515 2193 gentem
536 2113 719 2175 obsederint.
759 2111 909 2175 Omnibus
967 2113 1036 2174 bern
1066 2116 1263 2195 pervertimnt.
1302 2113 1372 2176 Non
1398 2114 1466 2177 tulit
1497 2134 1563 2177 ean
1585 2116 1771 2194 muman

103 2209 192 2287 igitur
215 2208 285 2270 lorti
308 2228 345 2269 ec
364 2208 454 2269 alacri
483 2210 580 2271 animo
604 2207 714 2269 bellum
740 2206 909 2277 ineundum,
967 2206 1165 2284 Serebrinus,
1190 2227 1255 2268 mm
1274 2206 1416 2271 ndvolsre
1435 2208 1541 2269 hostes
1560 2209 1696 2271 herbera
1715 2208 1772 2271 leri·

104 2320 163 2381 que
183 2302 296 2363 nullum
316 2300 396 2362 aliud
416 2302 527 2382 possit,
558 2310 610 2362 aut
637 2302 798 2382 praemium
818 2301 909 2361 victo-
966 2304 1028 2361 tate
1046 2301 1249 2379 conspiceret,
1272 2320 1388 2380 eosque
1413 2302 1471 2363 sub
1494 2322 1638 2365 sererent
1657 2303 1773 2381 prinam

103 2393 166 2455 risu
184 2394 322 2471 uberius,
341 2400 393 2455 ent
417 2396 505 2456 vietis
525 2400 745 2455 monumentum
764 2393 910 2454 illustrius
966 2412 1034 2453 eum
1053 2395 1119 2454 suis
1139 2392 1276 2468 memo,
1303 2394 1434 2455 concisis
1458 2393 1594 2476 undique
1620 2396 1722 2458 ebsi’m
1738 2398 1774 2456 its

103 2486 177 2549 deri.
217 2486 274 2549 His
300 2489 419 2567 quiden
444 2486 700 2549 adhortationibus
724 2487 813 2548 enimi
834 2485 910 2546 mill·
967 2487 1142 2561 conterruit,
1166 2491 1200 2546 ut
1224 2486 1365 2548 deserere
1389 2486 1623 2569 impedimenta,
1648 2496 1684 2551 et
1701 2494 1772 2551 nrt·

103 2592 164 2642 tusi
188 2582 392 2660 erigebantur,
422 2581 479 2643 sed
506 2582 638 2643 terrebat
662 2600 719 2641 eos
747 2579 909 2660 longinqua
962 2584 1114 2641 extrem
1133 2577 1313 2657 cladistugs
1333 2580 1392 2641 ribi
1410 2581 1570 2643 consulere
1589 2589 1771 2662 segnium.

103 2674 263 2754 prniemie3
301 2677 389 2758 culus
426 2676 570 2737 rationem
608 2695 669 2735 nen
700 2673 804 2735 minori
836 2690 909 2734 cura
965 2673 1009 2735 At
1040 2672 1221 2735 Sercbrlnus
1252 2673 1371 2751 iugenio
1400 2673 1481 2735 lomr
1503 2684 1534 2735 et
1553 2694 1773 2759 praeprnpu

103 2766 261 2849 Solymus,
294 2788 382 2850 qus·
409 2770 479 2831 belli
504 2767 664 2839 reddebat,
692 2766 845 2829 nllirmsne
870 2784 908 2826 ec
966 2784 1034 2828 eum
1052 2765 1201 2845 fugientes
1223 2766 1420 2829 coulldentins
1438 2775 1687 2848 persequeretur,
1704 2768 1773 2831 sdes

103 2881 169 2923 οοι
187 2862 350 2944 periculum
370 2868 483 2940 urgeat,
504 2882 603 2942 neque
621 2861 706 2939 ipsos
725 2861 836 2922 milltes
857 2879 907 2920 ns·
965 2868 1053 2921 caute
1071 2878 1108 2922 nc
1127 2858 1254 2921 feliciter
1273 2859 1421 2935 condixit,
1440 2866 1474 2921 ut
1492 2880 1561 2921 cun
1584 2864 1637 2925 ris
1656 2865 1772 2946 prim

102 2976 162 3036 que
182 2957 314 3038 ipsorum
341 2956 469 3017 salutem
500 2976 572 3017 osse
596 2954 807 3033 neglecturum.
851 2951 907 3015 lts·
965 2953 1190 3035 impressionem
1238 2952 1356 3014 Tureici
1408 2953 1527 3034 pedites
1580 2960 1773 3026 resument,

103 3068 162 3129 ene
180 3049 220 3111 sd
240 3048 408 3111 mandatum
429 3051 617 3131 imperaturis
637 3049 795 3109 universae
815 3066 907 3107 neves
965 3066 1070 3107 omnes
1089 3045 1290 3125 praedantium
1315 3046 1454 3107 cohortes
1479 3046 1573 3108 snude
1594 3049 1772 3133 diuipsree

104 3143 244 3213 bellisne,
264 3145 472 3203 consentiente
492 3144 622 3203 oxerdlu
641 3141 786 3201 militibus
806 3139 906 3220 imple·
965 3146 1012 3201 tur
1034 3138 1298 3220 caederenturque.
1337 3139 1459 3201 Periere
1478 3142 1508 3201 in
1528 3151 1655 3223 receptu
1670 3164 1769 3223 perun

102 3243 161 3309 tae,
180 3242 212 3297 et
230 3237 414 3297 lectissimae
433 3234 610 3314 validaeque
627 3234 846 3295 Jseiesarorun
867 3233 906 3294 le
964 3232 1072 3293 decoro
1098 3233 1146 3293 vel
1171 3233 1240 3294 dun
1260 3233 1359 3311 lugam
1384 3254 1506 3297 morum
1525 3237 1679 3303 metunt,
1703 3234 1766 3295 illn-

102 3332 207 3409 giones
233 3335 334 3390 contra
359 3329 504 3391 Tartarus
529 3330 657 3398 reims,
681 3333 766 3388 tanto
792 3333 824 3387 et
847 3332 907 3387 tan
965 3326 1166 3387 stresalsrum
1189 3325 1525 3402 deseseruisse-1
1546 3325 1771 3409 Mnill'u

102 3422 223 3483 terribili
244 3427 387 3501 apparatu
412 3429 445 3481 ut
466 3424 502 3481 lli
522 3418 665 3482 Calendis
684 3419 800 3500 Aprilis
818 3440 908 3500 supra
963 3417 1010 3480 Es
1038 3418 1143 3481 emes
1172 3440 1210 3480 en
1239 3421 1355 3499 gravier
1385 3426 1416 3481 ot
1443 3422 1612 3483 luctuosior
1634 3420 1771 3483 hostib.

101 3515 159 3575 3⁰⁰
198 3513 346 3573 hominurn
386 3514 476 3575 uillis
514 3513 661 3594 Byzantio
700 3513 905 3573 durassenut.
963 3511 1034 3584 suit,
1053 3511 1133 3593 quod
1153 3512 1308 3574 multorum
1328 3512 1442 3574 dierum
1467 3515 1628 3577 intervallo
1648 3515 1770 3577 classe

101 3606 290 3669 Addiderunt
315 3606 364 3668 his
394 3607 490 3688 copiis
521 3606 759 3687 Praecepienses
784 3605 906 3688 quadro·
964 3607 1112 3667 sociorum
1137 3607 1230 3666 maris
1255 3606 1358 3687 Caspii
1386 3606 1515 3670 adverso
1535 3608 1634 3669 lluctn
1656 3608 1770 3692 inpei

101 3704 184 3781 gintn
220 3701 311 3761 millis
346 3703 576 3779 sagittiriorum‚
615 3706 646 3762 et
686 3700 907 3762 selectissimss
963 3704 1024 3761 taur
1044 3699 1174 3761 nondum
1192 3697 1343 3771 viderant,
1365 3720 1421 3761 nec
1434 3702 1500 3783 jam
1518 3700 1682 3765 habebnt
1700 3702 1770 3765 aare

102 3797 230 3876 equitum
257 3796 333 3857 slas.
380 3793 496 3855 Tantae
521 3795 711 3855 barbarorum
740 3795 844 3874 eopisu
866 3794 905 3856 nd
964 3795 1066 3874 copias
1085 3797 1272 3874 repararent,
1290 3799 1336 3853 tot
1356 3796 1531 3873 praesertim
1552 3797 1713 3875 eqrdtihns
1730 3817 1769 3858 rs·

100 3888 261 3953 Maeotidis
289 3886 425 3969 paludem
457 3887 591 3958 deletae,
621 3888 723 3949 stetin
748 3888 906 3969 Azephuur
963 3887 1127 3969 taphractis
1164 3893 1195 3946 et
1228 3892 1273 3946 tot
1302 3886 1440 3948 Ducibus
1470 3889 1501 3948 in
1531 3891 1629 3951 unius
1662 3893 1769 3952 urrini

101 3985 256 4063 ingressae
277 3993 362 4044 sunt:
383 3992 476 4062 atque
495 3982 543 4042 bic
563 3981 672 4041 milites
690 3981 729 4042 sd
749 3981 905 4062 protectio·
962 3979 1067 4062 proelii
1085 3981 1255 4041 ems-itate
1279 3980 1410 4041 anissis.
1439 3981 1509 4047 ¹liis
1528 3984 1669 4061 coguitis
1688 3984 1769 4045 rein

101 4080 149 4139 uls
177 4078 388 4141 necessitatem
423 4077 514 4136 rebus
547 4076 686 4135 omuibus
717 4078 904 4157 comparatis,
963 4072 1158 4147 Serehrinns‚
1183 4074 1299 4134 tametsi
1319 4093 1386 4134 eoru
1406 4073 1522 4135 cladem
1544 4073 1680 4150 unroh,
1699 4076 1768 4159 gurd

100 4171 306 4249 fruerentoque
326 4174 357 4230 et
376 4169 524 4249 stipendio
544 4169 689 4239 instructi,
709 4172 801 4231 statui
820 4192 904 4253 prae·
961 4167 1089 4229 alienum
1114 4165 1251 4243 Regnum
1271 4165 1474 4242 slleetnssent,
1493 4169 1601 4229 merito
1623 4171 1770 4233 accidisse

99 4265 197 4324 sentis
216 4263 351 4323 sorhurae
370 4282 442 4322 seso
461 4262 727 4336 accommodarunt,
747 4270 847 4324 cotors
864 4267 903 4327 ab
961 4258 1166 4342 praedicabat:
1187 4258 1259 4319 nihil
1280 4268 1379 4320 tamen
1403 4281 1441 4322 en
1456 4262 1581 4323 victorin
1593 4262 1767 4328 hetshstu.

100 4356 188 4417 hoste
200 4356 318 4425 melius,
338 4375 426 4433 quarn
446 4375 465 4415 a
485 4355 790 4418 sociisconsecuturi.
810 4355 902 4420 Porro
960 4352 1092 4416 Dolebet
1118 4353 1195 4413 enim
1223 4353 1442 4416 crudelissimis
1461 4352 1645 4420 homiuibus
1665 4368 1771 4422 emt-

98 4450 261 4513 'l’urcarum
291 4449 441 4511 exercitus
470 4445 595 4528 Asopho
625 4448 780 4527 digresses
812 4451 852 4513 ad
883 4454 902 4513 5
961 4448 1092 4522 ermon,
1113 4451 1330 4526 extremamque
1350 4449 1534 4526 ignominiam
1556 4452 1771 4515 nondum

99 4545 288 4628 Septembris
301 4541 377 4602 diem
391 4542 600 4601 Aetrscsninm
622 4544 765 4621 pervenit,
785 4551 817 4604 et
836 4564 901 4607 enm
960 4540 1080 4601 illatam.
1119 4538 1169 4600 Ob
1194 4538 1225 4599 ld
1248 4547 1367 4600 secreto
1385 4540 1511 4602 Mesene
1534 4541 1574 4603 sd
1598 4544 1724 4626 Volgse
1740 4548 1771 4608 ri

98 4644 246 4704 civilatem
272 4637 450 4717 gravissima
475 4636 574 4693 statim
600 4634 756 4695 obsidione
781 4640 900 4715 pressit.
960 4652 1016 4713 pse
1045 4632 1215 4694 habitantes
1244 4632 1431 4709 hortabatur,
1462 4654 1499 4695 ne
1529 4638 1638 4700 enine
1668 4640 1772 4703 essm

99 4735 184 4798 Tune
204 4733 290 4812 igitur
308 4730 435 4792 Moesos
460 4736 565 4806 stupor
584 4733 615 4788 et
633 4727 787 4790 admiratio
806 4730 902 4793 inees-
961 4733 1042 4798 rent,
1067 4746 1213 4808 suamquc
1237 4728 1390 4805 pristinum
1415 4729 1560 4791 infractae
1589 4735 1718 4798 virtutis
1732 4740 1772 4797 a·

98 4831 152 4903 sit,
184 4829 266 4890 unde
293 4830 377 4886 tanto
406 4828 513 4883 conatu
542 4830 600 4883 tam
626 4823 757 4883 subitum
783 4824 901 4898 bellum,
960 4841 1020 4901 que
1049 4822 1236 4881 corretsntiae
1264 4821 1512 4882 existimationem
1535 4828 1621 4887 tueri
1654 4830 1773 4892 uellet

98 4926 271 5001 praesertim
291 4920 330 4981 ab
350 4918 439 4979 hoste
463 4923 552 4977 antea
571 4936 629 4975 non
649 4917 784 4995 cognito;
808 4917 901 4980 admi·
959 4913 1003 4976 Se
1034 4915 1111 4975 enirn
1142 4914 1327 4975 intellexisse
1357 4914 1484 4976 classem
1515 4915 1686 4984 ancieu
1714 4926 1772 5007 ju

98 5013 171 5073 ratio
190 5013 299 5073 deinde
318 5012 459 5094 paulatin
487 5011 517 5069 in
537 5017 720 5069 contemtum
739 5008 900 5073 Terenrun
959 5029 1039 5069 mere
1060 5008 1200 5087 Caspium
1220 5005 1441 5069 sumundissisra
1468 5016 1658 5093 tenpestate
1677 5020 1775 5079 mei,

97 5106 226 5167 vertitur.
265 5104 378 5166 Fuerat
396 5105 518 5164 relictus
536 5124 556 5164 a
575 5101 708 5164 Basilide
727 5103 757 5163 in
776 5107 898 5167 tutelam
957 5122 1060 5183 gesso.
1100 5101 1317 5163 l’rorideudum
1343 5103 1430 5179 igitur
1454 5124 1527 5164 esse
1553 5126 1596 5169 ne
1625 5130 1773 5175 σοι...

97 5196 196 5279 negui
217 5195 399 5258 δοκοήοοο
423 5198 545 5275 regalius
570 5196 629 5255 tide
653 5204 685 5257 et
709 5198 817 5259 virtute
837 5199 897 5259 bel·
957 5200 1020 5267 tus,
1046 5196 1238 5257 instrumento
1265 5195 1386 5271 bellica,
1412 5202 1443 5256 et
1467 5202 1590 5263 ceterae
1618 5211 1775 5269 ermen
