3742 5626
775 202 1010 261 mascarano.
1684 202 1717 257 li

54 365 194 435 dimittas,
205 363 551 439 Norogrodiaemagnne.
565 359 751 425 liment-iae,
764 354 858 415 Psco·

53 460 127 529 viae,
157 456 376 525 Smoienslriac,
397 455 533 519 'lucrina
558 452 697 521 Jrrmarinc
721 449 858 510 Permiae

51 549 206 635 VJatiriae,
228 548 402 627 Belgariae,
421 546 491 608 Rex
511 546 676 614 (lasnrriae,
696 541 858 605 Astracha-

53 646 137 715 niae,
157 642 295 703 dominus
315 648 344 701 et
365 660 489 715 nrnqnns
510 638 581 697 iius
593 636 799 715 Norogrodiae
817 636 859 694 in·

60 736 195 804 terioris,
228 733 456 803 Caerniirorine,
488 732 655 801 licaoniae,
687 728 862 807 Veiogdiae,

54 828 190 889 Rseviae
207 826 366 909 Bieliojae,
388 824 566 896 {instoriam
585 824 781 891 lumslaviae,
800 818 860 881 Pe·

55 918 192 989 iotzlriae,
216 918 431 985 Bieiiozieriae,
454 916 593 985 Udoriae,
609 914 770 986 Obdorine,
782 912 859 973 Con·

57 1012 178 1085 dimine,
199 1010 509 1079 ilenrinussereriae,
528 1010 740 1087 Livoniaeque,
759 1014 859 1069 etma-

57 1122 176 1183 gnarum
187 1100 357 1181 Regionum
369 1102 533 1174 Orientem,
552 1100 719 1171 Meridiem,
731 1099 860 1181 Septen·

56 1198 176 1256 trionem
197 1200 227 1253 et
246 1194 439 1255 Occidentem
459 1212 583 1264 versus,
601 1192 749 1255 Dominus
768 1192 860 1271 legiti-

55 1308 123 1347 mns
143 1286 251 1347 haeres
271 1294 301 1347 et
321 1307 492 1348 successor.

132 1379 220 1439 Nunc
246 1386 344 1441 antem
373 1381 452 1439 malti
472 1400 536 1438 eum
557 1376 747 1457 imperatoris
765 1376 863 1445 titulo,

55 1474 215 1555 praecipue
237 1493 306 1533 rere
328 1472 469 1533 Germani
489 1476 678 1541 venerantur,
704 1470 754 1549 qui
773 1466 863 1529 dedu·

56 1569 185 1627 ctionem
208 1566 288 1625 serbi
303 1564 379 1627 Caar
390 1564 569 1625 Stratonicae
587 1564 708 1641 linguae
728 1562 863 1641 igneran-

56 1668 120 1725 tcs‚
142 1681 192 1737 pro
213 1658 300 1737 Rege
321 1658 527 1739 Imperatorem
548 1660 670 1735 ponunt.
709 1652 792 1724 Quid
812 1654 863 1731 igi·

56 1758 104 1811 tnr
126 1753 183 1812 iroc
205 1772 310 1811 nomen
327 1752 404 1810 tizar
424 1752 453 1809 in
466 1748 629 1811 Siavenieo
649 1750 778 1817 sonaret,
798 1746 862 1807 bre·

58 1846 133 1905 riter
149 1838 343 1924 exponemus.
377 1842 468 1913 Cant,
488 1840 546 1901 hec
564 1840 686 1901 verbum
706 1840 735 1899 in
747 1836 864 1899 llutlre·

58 1940 125 1997 nico
139 1936 290 2005 idiomate,
311 1935 443 2015 Regem,
464 1934 703 2002 Czarstrerere,
722 1930 863 2011 Regnum

61 2030 222 2107 signifieat,
243 2036 273 2089 et
293 2030 351 2091 iroe
371 2024 863 2105 nomineliioscevitnePrineipem

59 2144 161 2191 sunm,
183 2122 296 2200 Regem
316 2124 410 2183 totius
429 2120 563 2181 Russiae
582 2118 742 2201 appellant.
788 2114 865 2177 Cae·

59 2216 115 2273 teri
135 2220 230 2275 autem
242 2214 391 2275 Sinvenes
402 2218 505 2293 utpote
518 2210 640 2282 Peleoi,
661 2208 797 2279 Bolremi,
816 2206 865 2269 Li·

59 2306 172 2377 tirnaui,
194 2313 224 2367 et
236 2308 354 2375 caeteri,
375 2306 424 2385 qni
434 2304 473 2363 ab
484 2302 623 2364 idiomate
633 2302 810 2364 Ruthenico
822 2298 863 2361 di·

61 2402 141 2459 versi
162 2405 250 2469 sunt,
271 2398 329 2459 aiio
350 2398 467 2459 nomiae
487 2395 603 2474 Regem
623 2396 788 2477 appeliant,
808 2394 865 2455 sci·

63 2492 232 2560 iicotiiroi,
253 2490 420 2559 aiiiKeroi,
443 2493 473 2548 et
483 2487 571 2560 Kral,
592 2488 648 2549 lroc
668 2488 865 2549 veronemine

62 2586 142 2642 Czar
167 2584 264 2645 solunt
286 2583 494 2663 imperatorem
519 2582 662 2663 appellari
688 2582 865 2649 existimant,

62 2676 143 2735 unde
164 2683 195 2737 et
207 2675 339 2738 liutheri
355 2676 413 2756 ipsi
424 2674 688 2753 Mescovitaeque,
708 2672 866 2737 audientes

61 2770 100 2828 ab
122 2772 253 2830 externis
274 2770 443 2831 nationibus
459 2766 516 2827 hoe
529 2768 645 2827 nomine
658 2768 867 2849 Imperatorem

62 2864 244 2937 ¹significari,
279 2868 309 2920 et
335 2862 391 2938 ipsi
413 2860 582 2939 Principem
604 2880 690 2919 sunm
710 2858 868 2939 Imperato-

65 2974 124 3010 rem
147 2952 280 3011 Rue-'sine
300 2952 450 3032 appellere
469 2960 647 3031 coeperunt,
669 2970 777 3010 nomen
790 2948 867 3011 Czar

63 3044 183 3123 dignius
205 3066 275 3103 csse
296 3065 382 3123 qnam
404 3042 499 3121 Regis
517 3044 602 3119 (iicet
614 3044 690 3103 idem
703 3044 868 3125 senet)pn-

67 3143 177 3197 lantes.
224 3136 289 3195 sod
310 3138 339 3195 in
361 3138 497 3196 omnibns
518 3134 721 3195 llutlreuerum
742 3142 801 3197 tam
821 3154 868 3195 sa·

66 3231 125 3287 cris
136 3248 221 3308 qnam
234 3228 396 3309 prophanis
408 3228 512 3299 literis,
534 3228 611 3288 Cznr
625 3229 731 3307 Regia,
751 3226 869 3289 Kossar

65 3320 336 3399 veroimperatoris
357 3342 462 3381 nomen
484 3326 698 3401 repraesentat.
733 3320 788 3383 Sic
797 3340 868 3401 que-

63 3436 122 3493 qne
135 3414 200 3471 ilex
214 3413 382 3474 Tirnuricac
395 3412 547 3483 Tartarus,
558 3412 868 3493 PraceopeusisCaar,

64 3505 94 3563 id
116 3518 179 3575 est,
202 3506 270 3567 ilex
291 3516 489 3585 nuncupatur,
511 3512 541 3565 et
560 3528 664 3567 omrrcs
680 3505 785 3585 Reges
799 3506 869 3567 Tar·

64 3604 190 3657 tannem
210 3599 266 3657 lroc
277 3600 392 3659 rronrine
405 3598 576 3669 eiieruntur,
597 3600 652 3659 scd
665 3600 779 3679 plurimi
790 3602 870 3679 iguo·

65 3694 161 3751 rantin
183 3690 272 3773 hujus
293 3696 376 3751 vocis
396 3690 528 3767 decepti,
562 3714 666 3752 omrres
687 3692 790 3769 Reges
811 3690 870 3751 hoc

66 3787 187 3843 nrrnrine
210 3787 286 3841 tizar
306 3790 446 3849 vocatos.
469 3782 636 3853 Caesares,
658 3782 717 3844 hoc
736 3788 793 3853 cst,
814 3782 870 3845 lm·

66 3882 222 3956 perniones
243 3894 315 3933 esse
335 3882 445 3954 putant.
487 3878 547 3936 Alii
568 3896 686 3957 quoquc
705 3874 871 3957 Principem

66 3966 188 4029 moseo
197 3968 243 4025 iae
255 3967 353 4025 aibnnr
367 3970 539 4037 Caesarem,
553 3968 710 4049 praecipue
721 3990 791 4029 vero
803 3970 871 4029 suta

67 4060 121 4117 diti
142 4060 188 4116 sni
210 4058 372 4136 appeliant,
403 4061 431 4119 id
454 4066 516 4129 est,
538 4062 653 4139 Regem
675 4062 724 4121 vel
745 4060 873 4143 Impera-

67 4158 163 4209 torem
183 4148 314 4209 ilnssiac
335 4150 430 4211 aliiae.
469 4152 583 4213 Russia
603 4154 711 4213 etenim
731 4158 876 4235 utsupra

67 4242 266 4311 dictumest,
301 4240 478 4305 dioscorum
500 4246 575 4305 Deci
596 4248 742 4327 snirjceta
794 4246 876 4307 Albo

68 4335 190 4404 dieitur,
220 4354 257 4394 ca
287 4356 356 4393 rere
383 4340 431 4396 cui
459 4340 635 4399 Pnienernm
658 4336 728 4399 Rex
754 4344 876 4418 praeest

72 4426 226 4505 (quamvis
247 4433 277 4485 et
291 4426 388 4487 Albae
407 4436 517 4509 partem
534 4428 709 4511 possident)
730 4432 813 4509 nigra
826 4452 875 4513 ap-

70 4518 196 4599 pcilatnr
217 4518 340 4579 {tussia
391 4518 448 4581 Vel
475 4524 563 4582 etiarn
584 4522 652 4583 ideo
672 4521 782 4585 dictum
805 4544 876 4585 csse

73 4610 186 4683 Regem
215 4612 322 4671 Aiirnm
349 4610 520 4675 dioscorum
542 4616 702 4695 Principem
728 4618 878 4689 existimo,

71 4702 151 4783 quod
172 4704 286 4765 incolae
307 4706 435 4767 emnium
451 4706 618 4784 Regionum
640 4709 735 4787 ipsius
755 4711 877 4791 imperio

74 4796 289 4877 subjectarum,
311 4800 446 4859 restibus
468 4800 546 4861 albis
567 4804 596 4857 ct
612 4800 878 4883 piiclsplcrumque

71 4892 200 4947 utantur.
242 4888 334 4951 i’orro
358 4890 489 4953 Basilius
510 4888 642 4951 moderni
663 4892 808 4969 Principis
827 4914 878 4975 ps·

72 4998 161 5047 rens,
182 4982 220 5041 nri
242 4982 406 5045 Romanum
429 4985 598 5043 Pontiticcm
620 4988 649 5041 et
660 4980 879 5063 imperatorem,

71 5072 111 5131 ad
124 5070 228 5149 lit-ges
248 5076 347 5137 itidem
358 5076 476 5137 Daniae
488 5082 516 5135 et
531 5076 671 5145 Snetiae,
690 5072 879 5157 Magistrum·

72 5184 133 5243 qne
155 5164 312 5231 hirenius.
343 5174 373 5227 et
393 5168 431 5229 ad
453 5168 580 5229 ‘l'urram
601 5168 753 5237 scribens,
785 5168 881 5247 Regis

915 354 1001 415 titnio
1021 356 1165 417 utebatur.
1196 354 1480 437 AdRegemautem
1492 355 1720 419 Poloniaennn·

918 466 1005 525 quam
1025 446 1136 525 Regis,
1155 450 1215 509 uisi
1234 451 1331 529 magni
1349 450 1448 513 Ducis
1466 448 1581 511 titulum
1601 466 1720 527 praesn-

918 540 1027 600 mebat.
1058 538 1146 600 Nunc
1164 560 1235 601 vero
1254 562 1398 623 praesens
1418 563 1543 623 mngnns
1562 540 1634 601 Dux
1654 538 1722 601 ilio·

918 633 1054 705 scoriam,
1085 638 1116 691 et
1142 630 1182 690 ad
1205 630 1320 712 Regem
1339 634 1483 695 Polouiae
1508 634 1609 713 (quod
1637 642 1721 715 pater

918 744 976 784 non
998 724 1148 801 iaciebat)
1166 722 1264 801 Regin
1282 727 1366 786 tituto
1385 728 1489 799 utitur,
1508 726 1565 789 sed
1579 726 1721 789 aPoione

918 836 1067 898 nunquam
1088 817 1146 877 nisi
1167 818 1263 897 magni
1284 817 1381 878 Ducis
1400 820 1486 879 titolo
1506 818 1673 883 honoratur.

997 908 1056 971 llic
1081 910 1224 991 Princeps
1249 908 1425 972 dioecesim
1443 910 1578 976 loannes
1597 912 1721 975 Basilia-

918 1002 974 1063 des
1001 1003 1122 1085 imperio
1144 1002 1224 1085 quod
1244 1006 1274 1063 in
1295 1022 1371 1064 sues
1390 1014 1528 1078 exercet,
1557 1026 1662 1067 omnes
1681 1006 1722 1067 la·

919 1095 977 1157 cite
995 1096 1126 1158 universi
1146 1094 1422 1159 orbisMonarelras
1437 1104 1574 1179 superat,
1594 1118 1662 1159 narn
1673 1120 1723 1159 aa·

919 1190 1054 1251 ctoritate
1074 1208 1133 1251 sua
1151 1187 1219 1265 (vel
1240 1190 1341 1269 potius
1355 1188 1529 1269 tyrannide)
1549 1196 1609 1251 torn
1620 1193 1651 1252 in
1664 1192 1723 1272 epi·

919 1280 1043 1343 rituales
1062 1300 1151 1361 qnam
1177 1283 1207 1341 in
1238 1282 1392 1343 seculares
1414 1290 1444 1343 et
1470 1284 1605 1366 cujusvis
1626 1283 1724 1343 eondi-

920 1374 1011 1434 tionie
1041 1371 1179 1435 hemines
1207 1376 1312 1447 utitur,
1351 1376 1446 1437 libere
1466 1382 1554 1437 etex
1574 1375 1724 1436 voluntate

921 1487 979 1528 rua
1003 1466 1043 1527 de
1068 1466 1196 1527 omnium
1222 1472 1253 1527 et
1278 1470 1340 1528 vitn
1361 1474 1391 1529 et
1411 1470 1498 1531 bonis
1519 1471 1654 1545 (nemine
1674 1470 1724 1530 eb·

922 1559 1095 1638 strepente)
1116 1560 1285 1630 constitnit,
1314 1560 1546 1625 consiliariorum
1565 1565 1641 1625 enim
1663 1563 1724 1624 nnl-

922 1653 970 1713 ins
991 1658 1038 1713 est
1058 1651 1139 1734 apud
1159 1672 1226 1712 eum
1246 1656 1349 1713 tantae
1368 1656 1565 1725 auctoritatis,
1595 1658 1645 1735 qui
1666 1656 1724 1717 dis

921 1743 1049 1807 suadere
1069 1750 1120 1806 out
1139 1744 1199 1805 sibi
1220 1746 1250 1803 io
1270 1764 1304 1804 re
1323 1744 1421 1823 aliqua
1441 1748 1574 1825 quamvis
1594 1750 1726 1829 injustis·

920 1840 999 1901 sima
1018 1840 1161 1899 resistere
1171 1836 1291 1897 audeat.
1323 1836 1439 1899 Omnes
1451 1838 1651 1919 deniquetam
1662 1860 1726 1921 pre·

921 1950 1008 1993 ceres
1028 1952 1114 2011 quam
1135 1930 1309 2002 consiliarii,
1330 1940 1361 1991 et
1376 1936 1457 1991 totus
1468 1933 1616 2011 equestris
1629 1938 1660 1993 et
1668 1934 1726 2013 spi-

922 2025 1037 2087 ritualia
1064 2024 1153 2095 erdo,
1184 2022 1312 2085 latentur
1336 2024 1454 2105 publice
1480 2024 1657 2085 voluntatem
1677 2028 1727 2086 eui

922 2114 1081 2199 Principis,
1094 2117 1271 2177 voluntatem
1284 2116 1344 2178 Dei
1355 2136 1438 2187 esse,
1450 2121 1481 2177 ct
1490 2118 1632 2199 quicquid
1645 2118 1726 2179 Priu-

922 2228 997 2290 ceps
1017 2210 1154 2289 quamvis
1169 2230 1320 2291 perperam
1332 2212 1438 2289 egerit,
1459 2230 1499 2270 ex
1510 2210 1659 2271 voluntate
1668 2210 1727 2271 Dei

922 2320 1019 2381 agere.
1052 2300 1102 2361 Ob
1123 2302 1153 2361 id
1174 2304 1262 2363 etiam
1283 2303 1460 2381 clavigerum
1475 2310 1507 2363 ct
1518 2304 1728 2365 cubicularium

923 2399 1170 2475 executoremque
1191 2396 1350 2457 voluntatis
1369 2394 1497 2456 Divinae
1516 2414 1585 2457 enm
1605 2396 1729 2457 credunt

923 2508 1004 2549 esse.
1039 2486 1128 2551 Unde
1150 2493 1181 2547 et
1191 2489 1333 2567 Princeps
1351 2490 1417 2569 ipso
1437 2490 1465 2547 si
1485 2488 1604 2567 qnando
1621 2510 1729 2572 preces

923 2581 1155 2643 consiliariorum
1176 2582 1398 2662 interponuntur
1418 2580 1456 2641 ad
1473 2602 1507 2641 sc
1520 2600 1574 2660 pro
1585 2602 1618 2643 re
1631 2584 1729 2661 aliqua

924 2673 1047 2745 idonea,
1076 2673 1258 2755 respondere
1278 2674 1373 2743 solet,
1404 2692 1471 2732 cum
1490 2672 1558 2733 Deo
1578 2674 1729 2752 placuerit,

925 2764 973 2825 rei
992 2766 1020 2825 si
1033 2765 1121 2827 Deus
1136 2766 1278 2849 jusserit,
1299 2764 1415 2825 faciam.
1448 2764 1492 2826 lta
1513 2784 1631 2843 queque
1650 2768 1678 2827 ei
1691 2765 1730 2826 de

925 2878 958 2917 re
983 2857 1084 2937 aliqua
1108 2859 1222 2919 incerta
1242 2862 1273 2917 et
1292 2857 1383 2918 dubia
1402 2856 1588 2917 dioscoritas
1609 2858 1729 2920 interro·

927 2950 1058 3029 gaveris,
1089 2952 1282 3011 communitor
1301 2948 1464 3011 secundum
1485 2950 1730 3013 consuetudinem

926 3040 1122 3123 respondent,
1157 3044 1244 3105 Deus
1268 3044 1349 3103 norit
1368 3048 1398 3103 et
1418 3064 1544 3123 magnus
1565 3044 1652 3115 Dux,
1683 3048 1732 3107 uei

927 3136 1014 3197 Deus
1034 3134 1079 3195 sic
1099 3134 1193 3195 noluit
1212 3142 1243 3197 et
1262 3154 1386 3213 magnus
1402 3134 1556 3215 Princeps.
1592 3137 1732 3219 Denique

927 3230 958 3289 in
983 3228 1252 3309 compotationibus
1278 3250 1356 3289 unus
1376 3227 1521 3291 adolium
1543 3230 1732 3311 praelibem,

927 3320 1021 3402 primo
1047 3321 1173 3381 satutem
1200 3342 1304 3401 magno
1324 3321 1420 3392 Duci,
1451 3324 1608 3405 omniaque
1632 3326 1733 3388 inusta

929 3420 960 3475 et
984 3412 1082 3474 leticia
1102 3415 1221 3475 nomine
1240 3415 1356 3495 proprio
1379 3434 1446 3475 eum
1466 3418 1668 3497 appellantes,
1701 3430 1733 3481 et

927 3507 1032 3569 titulos
1052 3506 1220 3587 Regionum
1241 3513 1450 3567 enumerantes
1470 3516 1628 3590 exoptant,
1653 3512 1733 3573 idem

928 3608 999 3661 ante
1019 3608 1050 3659 et
1070 3604 1137 3679 post
1157 3598 1311 3679 prandium
1332 3620 1436 3661 omnes
1457 3608 1487 3661 et
1506 3604 1616 3681 singuli
1631 3612 1734 3684 optare

929 3692 1037 3753 solent.
1090 3690 1158 3752 Etsi
1189 3690 1299 3771 aliquid
1327 3712 1466 3769 perverse
1491 3698 1684 3775 pessimeque
1704 3704 1735 3757 et

929 3806 997 3847 cum
1016 3782 1194 3863 Reipublica
1214 3782 1371 3863 dispendio
1390 3784 1537 3867 Princeps
1558 3786 1675 3859 lecerit,
1696 3790 1735 3851 ab

930 3878 1067 3939 omnibus
1086 3884 1225 3957 tanquam
1246 3896 1296 3935 res
1316 3876 1506 3937 felicissimas
1516 3882 1546 3936 et
1560 3878 1736 3945 utilissimas

932 3972 1060 4049 gesserit
1086 3968 1231 4031 laudatur.
1283 3968 1434 4027 dilinibus
1455 3972 1651 4050 cognatisque
1669 3976 1736 4037 suis

933 4082 989 4123 noc
1014 4082 1101 4123 arces
1127 4060 1167 4121 ad
1191 4059 1321 4137 legitime
1347 4060 1561 4141 possidendum
1586 4068 1736 4144 permittit,

934 4174 991 4215 nec
1010 4153 1145 4223 confidit,
1165 4152 1349 4213 seimnmodo
1369 4153 1486 4233 aliquos
1507 4156 1672 4221 secundum
1692 4182 1736 4225 ar.

932 4248 1049 4307 bitrium
1069 4264 1156 4305 suum
1176 4246 1225 4325 qni
1245 4244 1305 4307 sibi
1325 4244 1487 4325 placuerint
1494 4248 1614 4311 arcibus
1626 4256 1656 4311 et
1668 4273 1736 4335 po..

933 4336 1123 4403 sessionibus
1144 4338 1235 4399 certis
1247 4340 1400 4421 proponit,
1420 4345 1450 4400 et
1466 4340 1584 4403 taudem
1596 4341 1657 4405 iliis
1667 4368 1737 4425 qua-

934 4434 1007 4493 iibct
1027 4430 1066 4491 de
1087 4450 1179 4493 cansa
1198 4430 1349 4501 intensus,
1381 4435 1477 4493 omnia
1498 4446 1531 4493 ut
1551 4454 1607 4495 stra
1626 4436 1735 4497 adimit.

934 4524 984 4587 Ex
1010 4524 1137 4607 piebejis
1157 4526 1290 4605 equites,
1319 4524 1472 4585 Palatinos
1493 4532 1524 4585 et
1545 4526 1738 4589 Conciliarios

935 4620 1107 4701 piemmquc
1128 4617 1293 4679 secundum
1314 4618 1492 4677 voluntatem
1508 4634 1593 4677 suam
1606 4620 1738 4683 nrdlore-

935 4720 1084 4793 pugnante
1105 4710 1190 4781 iscit,
1212 4732 1249 4773 ex
1269 4709 1447 4770 consiliariis
1458 4708 1566 4769 deinde
1577 4712 1640 4769 sire
1651 4733 1739 4793 eqno.

936 4807 1007 4866 stris
1027 4804 1140 4865 ordinis
1161 4802 1331 4864 hominibus
1350 4802 1504 4882 piebejos,
1533 4802 1669 4861 omnibus
1690 4808 1740 4867 bo.

936 4898 985 4957 nis
1005 4896 1064 4955 iliis
1085 4894 1232 4975 ademptis
1253 4902 1284 4952 et
1303 4894 1462 4973 publicatis
1483 4890 1588 4953 reddit.
1624 4895 1740 4963 Eodem

937 4987 1025 5049 modo
1044 4986 1266 5065 Metropolitas,
1286 4984 1468 5067 Epircepes,
1488 4986 1639 5061 annates,
1661 4994 1740 5055 Prio.

937 5100 1047 5159 resque
1063 5078 1311 5171 dtrrnastmiornm
1332 5100 1389 5140 suo
1404 5076 1519 5161 judicio
1539 5080 1621 5159 eligit
1641 5096 1672 5145 et
1692 5088 1740 5147 do-

940 5172 1034 5249 ponit,
1055 5192 1159 5231 omnes
1177 5172 1264 5251 juata
1285 5170 1443 5233 clarissima
1465 5174 1607 5235 seruitute
1627 5182 1740 5255 premit.
