3742 5626
460 186 518 249 bs
537 182 774 249 sussosvst
792 182 1026 249 RELIGIONE
1044 182 1136 248 E'l'c.
1156 182 1391 249 domnulo.
1725 188 1762 255 tl

281 348 530 411 PUNERUM
553 346 721 413 RITUS.
960 345 1094 409 adfertur
1111 346 1222 409 ddnde
1246 354 1278 409 et
1295 352 1437 425 argentes
1460 364 1547 419 erus,
1570 366 1638 411 ean
1658 354 1765 433 espulo

963 441 1221 521 superimponunt,
1245 446 1277 499 et
1301 438 1483 501 tle-ortuo·
1508 449 1646 519 mouent,
1671 452 1705 507 nt
1725 458 1769 509 ns'

173 536 242 597 Jaru
275 534 316 595 do
351 534 513 617 Sepultura
544 540 724 595 mortuorum
759 530 902 612 quaeda·
961 552 1046 593 suan
1065 533 1190 611 patriam
1218 532 1248 591 in
1272 532 1489 595 consuetudine
1507 532 1683 599 coelestium
1702 542 1764 623 anl3

98 630 316 689 annotabimus.
356 628 501 689 llonines
528 628 618 689 rebus
643 626 780 687 bunonis
807 644 903 687 eren·
960 644 1073 685 rnorun
1093 624 1302 700 obliviscatur,
1328 622 1385 683 aed
1408 644 1463 705 pru
1481 645 1519 687 ea
1537 628 1618 710 apud
1636 632 1764 697 coelites

100 726 168 801 ptos
199 722 229 780 in
259 740 391 781 mensura
422 720 520 783 nudos
544 721 711 801 deponunt,
740 724 772 781 et
797 717 903 779 eeltdis
960 718 1086 779 assidue
1095 716 1280 799 deprecetur.
1302 716 1422 794 lingant
1433 718 1522 778 etiarn
1535 724 1765 789 utauteonnes

98 798 189 873 undis
208 832 261 891 per
285 814 426 893 integre·
447 812 546 875 boren
566 814 705 889 abluunt,
732 811 822 891 idque
840 816 905 871 tnu-
961 809 1001 870 D.
1015 808 1170 871 Nicolaum
1182 809 1241 870 sibi
1260 809 1409 885 eonciliet,
1431 808 1511 871 bnne
1524 830 1651 895 samque
1665 816 1765 883 bes.

98 912 158 965 tun
180 904 293 965 luriunt
311 918 410 967 nonu.
449 906 598 969 Sordibus
623 908 665 967 ita
682 904 846 979 abstersis,
871 904 902 963 in
961 923 1034 963 esee
1062 902 1217 965 brtnleren
1246 902 1376 963 orarium
1407 900 1586 965 Rorsoruro.
1630 906 1765 977 'landen

99 998 176 1057 seito
195 998 309 1061 nerliee
334 998 440 1061 donus
464 1002 649 1061 constituunt
673 996 813 1073 eosden,
838 1016 903 1078 pro·
961 994 1089 1055 raderer
1107 996 1137 1055 in
1158 994 1273 1055 losse
1283 994 1453 1064 denittitur,
1471 994 1498 1055 F
1499 996 1596 1057 lernen
1609 1018 1680 1061 veru
1690 1004 1767 1067 sieei

99 1096 202 1168 pterea
219 1092 367 1165 nirulnnn,
397 1100 431 1155 nt
448 1091 693 1175 patrenulonrilias
720 1092 811 1151 etia·
830 1108 905 1149 nor·
962 1086 1093 1167 pulveris
1123 1092 1239 1149 nutura
1267 1106 1361 1148 urnae
1389 1088 1590 1171 superinjieit,
1623 1098 1765 1175 quaeum

99 1190 182 1243 tunrn
202 1190 393 1259 reserentur,
412 1192 445 1245 et
461 1190 595 1247 metuant
612 1188 757 1266 quotquot
776 1184 836 1243 ista
854 1180 904 1241 de-
962 1198 1051 1239 nranu
1076 1184 1180 1240 tenere
1200 1182 1305 1258 potest.
1357 1178 1457 1247 Ceteri
1484 1179 1593 1245 deinde
1618 1194 1766 1253 nonnum

100 1280 172 1351 gont
195 1274 418 1337 inbabitatiuoe.
460 1276 530 1339 Vidi
559 1277 655 1339 semel
679 1282 771 1355 atque
789 1276 905 1349 iterun,
962 1270 1120 1351 sepeliunt.
1163 1270 1265 1351 Atque
1294 1272 1336 1333 ita
1366 1274 1529 1352 pinnataris
1558 1296 1647 1341 aem
1675 1300 1765 1347 suurn

100 1367 156 1427 sed
175 1370 331 1451 obstupui,
351 1376 558 1449 steteruntque
576 1388 692 1440 eonrae,
712 1372 744 1429 et
762 1388 820 1428 rea
840 1368 904 1427 lan·
962 1364 1123 1425 sortiuntur
1142 1362 1239 1423 doen.

100 1461 189 1521 cibus
209 1460 318 1523 bresit.
338 1462 445 1525 Funus
463 1461 581 1524 lunden
601 1463 689 1522 tertio
707 1460 757 1521 die
776 1458 905 1535 effertur,

100 1554 284 1633 preeeednrrt
310 1556 340 1615 ln
365 1556 469 1617 ordine
493 1554 683 1625 scholastici,
708 1554 740 1615 bi
765 1552 904 1613 tanente·

101 1646 162 1705 bile
192 1666 312 1707 earnren
344 1648 541 1727 ingeminant,
576 1650 664 1731 eujus
698 1666 811 1709 sensus
843 1648 903 1705 nst.
1091 1638 1253 1705 θθΝΝΙ
1261 1640 1291 1705 7
1294 1640 1345 1705 1A
1365 1642 1638 1713 FUNEBRM.

102 1738 240 1818 Aspicite
259 1760 279 1799 o
299 1741 383 1801 eires
403 1738 461 1801 boe
481 1740 611 1803 cadaver
633 1746 665 1801 et
684 1740 770 1801 robis
788 1747 903 1801 nnete.

101 1829 179 1891 Nara
199 1852 255 1893 nos
273 1852 379 1893 ornnes
398 1833 445 1891 aie
462 1833 580 1908 ibinus,
600 1832 691 1909 ibitis,
709 1832 803 1893 ibunt.
829 1832 905 1892 Ses-
1038 1824 1154 1889 &ds-
1173 1826 1224 1887 (lie
1244 1846 1367 1889 rosus·
1391 1829 1470 1891 satis
1487 1832 1608 1912 opipare
1627 1843 1659 1899 et
1677 1858 1767 1922 app..

101 1922 264 2005 depilarios
286 1931 350 1985 tres
378 1925 574 2005 insequuntur
597 1924 765 2001 Fla-lues,
790 1922 906 1985 nedlus
964 1928 1027 1981 rste
1045 1919 1195 1981 instruunt
1212 1917 1252 1980 nd
1270 1918 1350 1981 bane
1361 1919 1523 1987 Christiani
1541 1926 1765 2001 (itanendim

102 2015 264 2077 tburribulo
282 2020 393 2077 eireunr
413 2020 493 2080 eires
513 2017 616 2079 lurnat.
637 2016 906 2079 Existi-natenius
964 2011 1125 2094 rppellanl)
1145 2016 1296 2087 voantur,
1315 2020 1349 2075 at
1367 2016 1501 2077 ninirarrn
1512 2023 1652 2101 teapm
1671 2028 1767 2091 affl

103 2107 183 2171 buoe
202 2110 322 2171 odorem
349 2110 435 2171 natis
459 2112 557 2191 geniis
576 2112 618 2173 ita
636 2110 812 2171 eontrariu-
834 2128 907 2169 esse
963 2125 1017 2186 pro
1047 2108 1162 2165 nortus
1187 2104 1274 2167 liene
1297 2108 1465 2169 inula-ent
1509 2109 1664 2179 lt'leuleen
1693 2120 1767 2185 itm

104 2200 145 2263 Ut
169 2202 292 2281 perinde
324 2224 391 2263 eon
418 2202 545 2281 lugiunt,
575 2222 613 2263 ac
638 2202 771 2265 Senem
797 2202 906 2263 Crucis
964 2206 996 2257 et
1014 2216 1120 2257 onnes
1143 2200 1402 2276 eoonngninitate
1424 2202 1608 2284 propinquos
1631 2210 1766 2276 leniunt.

102 2296 230 2373 sigourn.
271 2296 346 2354 Cum
369 2298 433 2377 jorn
461 2302 579 2357 rentum
607 2294 714 2357 ested
735 2296 907 2377 sepulturae
965 2290 1101 2369 eoaque
1120 2294 1152 2351 et
1169 2289 1241 2351 nibi
1258 2288 1340 2352 laune
1358 2291 1503 2355 baberent
1512 2295 1654 2363 bonorem
1664 2302 1768 2368 labo..

102 2387 218 2457 locun,
249 2386 410 2447 Orciniana
430 2389 488 2449 ieta
509 2386 627 2469 sponda
645 2388 809 2470 deponitur.
849 2386 907 2448 Fe·
963 2386 1010 2443 ter
1027 2388 1146 2445 metor
1162 2402 1220 2445 eos
1237 2383 1314 2459 adii,
1337 2404 1377 2447 ea
1395 2388 1581 2466 potissimum
1606 2394 1646 2457 de
1665 2416 1768 2473 um,

103 2481 200 2541 minoe
226 2500 311 2555 uero,
343 2500 421 2559 quse
447 2492 480 2541 ut
505 2482 609 2541 llereut
637 2482 742 2543 oeulos
771 2479 906 2541 erudiere
963 2480 998 2536 ut
1016 2494 1114 2537 nores
1137 2494 1240 2537 eonrrn
1268 2480 1381 2541 sestius
1404 2484 1597 2565 ude-plari
1616 2494 1648 2551 et
1666 2492 1768 2555 m.

103 2592 187 2649 ιιιιιιιι,
208 2592 315 2651 mogon
334 2592 401 2633 euru
421 2571 632 2635 lamentatione
650 2574 689 2635 ad
709 2594 810 2635 urnarn
831 2572 906 2634 lers-
963 2588 1034 2629 rere
1052 2590 1185 2649 possen.

103 2666 177 2737 leur,
203 2686 280 2747 errae
300 2664 350 2726 bie
373 2667 505 2747 aperitur
521 2672 691 2739 nceurnrot,
720 2673 751 2729 et
769 2664 907 2728 cadaveri
1040 2660 1185 2742 Hospites
1203 2660 1309 2723 useulo
1333 2663 1528 2728 blandissine
1545 2672 1711 2752 excipiunt,
1736 2686 1770 2737 et

103 2759 209 2819 ossula
228 2762 329 2839 ligunt,
348 2760 389 2818 its
409 2758 619 2837 interoguotes.
652 2762 714 2821 Cur
732 2768 836 2821 nostro
856 2759 908 2818 ab.
965 2774 1121 2833 queisque,
1140 2760 1174 2814 nt
1191 2754 1316 2832 dignior,
1335 2757 1439 2819 ested
1456 2779 1591 2822 ruensan
1610 2766 1767 2831 eollooent.

103 2854 166 2912 iisti
192 2872 210 2911 e
234 2856 398 2931 conspeetu
424 2872 444 2911 o
474 2853 651 2913 eadent-el
681 2850 823 2931 numquid
849 2850 908 2911 ribi
966 2845 1032 2906 Sed
1056 2845 1107 2906 bie
1130 2848 1184 2907 tibi
1209 2846 1283 2907 illud
1310 2846 1349 2907 ad
1374 2854 1503 2911 ruente·
1527 2872 1652 2919 mones
1669 2860 1769 2939 sellu,

104 2950 136 3003 et
158 2950 248 3025 potus
273 2944 375 3023 inopia
398 2948 430 3003 te
454 2944 585 3005 oeeiditl
610 2943 753 3025 ournpuid
778 2942 907 3004 infelicia
966 2938 1089 2999 Rosos
1118 2958 1225 3001 omnes
1254 2938 1290 3001 S.
1315 2938 1472 3005 Nieolsunr
1502 2952 1643 3028 tanquan
1668 2950 1769 3017 Deum

105 3037 234 3119 eorrJ‘ugii
265 3036 398 3113 eepristro
433 3044 524 3119 eeprut
555 3038 731 3099 subtrahere
768 3034 909 3099 soluistil
964 3030 1099 3105 adorere,
1118 3034 1246 3117 ejusque
1264 3032 1466 3113 imaginenin
1481 3036 1620 3103 donibus
1637 3046 1768 3109 omniu.

103 3129 215 3190 Patere
235 3128 337 3203 nobis,
368 3148 445 3207 quse
470 3138 503 3191 te
527 3150 577 3191 ros
598 3150 716 3193 novere
735 3130 846 3213 potnit,
874 3132 908 3189 ut
965 3122 1066 3185 uideri.
1104 3126 1363 3189 Areu-bentibus
1380 3130 1516 3191 eenriris
1538 3131 1690 3199 ardente·
1707 3144 1768 3203 ata.

103 3242 163 3281 oon
183 3230 296 3281 tanturn
317 3222 526 3284 ausvissineru
540 3222 663 3285 tbelarni
676 3229 856 3297 consortum,
875 3228 909 3283 et
964 3217 1017 3277 ll!
1035 3216 1174 3279 adierunt
1191 3216 1348 3282 naudelu!
1373 3242 1501 3303 unique
1518 3222 1644 3289 Nloolao
1663 3248 1768 3295 muse

103 3312 214 3375 liberos
241 3312 431 3375 dulcissimos
450 3326 520 3375 tuos
540 3316 714 3385 desereres,
741 3314 799 3377 sed
819 3314 907 3376 etin·
966 3316 1066 3389 erent,
1091 3310 1289 3391 depununtur
1313 3312 1421 3376 sedulo
1445 3336 1500 3397 pro
1524 3321 1624 3381 salute
1648 3328 1681 3385 et
1699 3326 1769 3391 be..

104 3405 215 3467 delitiis
233 3406 397 3485 pulcerrini
421 3406 512 3492 bujue
531 3406 648 3480 mundi,
670 3410 732 3471 tuis
751 3416 909 3491 praeterea
964 3400 1090 3465 titudine
1120 3405 1209 3467 aniel
1237 3404 1394 3469 dennestrri.
1438 3406 1553 3474 Postea
1580 3413 1611 3475 in
1641 3418 1772 3484 seutella

104 3498 232 3559 fortunis
251 3504 282 3559 et
301 3498 493 3562 lanilieribus
507 3502 645 3563 omnibus
662 3499 908 3563 abrenuntiaresl
964 3502 1107 3577 argentea
1135 3496 1266 3561 nidu-
1296 3516 1363 3561 eun
1395 3504 1589 3585 superinfuso
1619 3508 1770 3577 uellem

104 3592 169 3653 Sed
194 3592 244 3653 bie
267 3612 368 3653 vernn
394 3600 443 3655 est
467 3592 549 3654 illud.
589 3592 690 3656 Surdo
715 3598 847 3655 narratur
866 3592 907 3653 la·
963 3594 1123 3670 apponunt

105 3685 184 3747 bula.
234 3684 396 3748 decedens
433 3687 520 3763 igitur
549 3688 722 3758 socrilieus,
758 3686 908 3767 plorantes
1041 3680 1467 3763 Singulllignlusunentes,
1484 3690 1770 3759 nauibusdal'eneti

104 3778 232 3839 semines
259 3784 341 3839 ercet
366 3800 385 3837 a
410 3778 536 3851 feretro,
562 3778 689 3860 [leoque
707 3778 838 3841 manium
857 3780 908 3839 in·
965 3794 1063 3836 rernm
1081 3773 1307 3849 abnndantia,
1325 3782 1358 3837 et
1376 3779 1536 3859 nepotibus
1554 3784 1771 3864 supellectile·

104 3877 197 3952 perat‚
215 3882 250 3931 ut
263 3890 301 3931 ne
315 3870 376 3931 ullu
393 3890 426 3931 re
438 3878 583 3933 mortuum
595 3872 737 3954 impediet
749 3870 909 3949 boninen,
965 3868 1119 3949 eopiossn
1136 3888 1198 3929 auo
1210 3872 1313 3945 optant
1330 3888 1391 3930 ore.
1411 3870 1650 3939 blorealixvino
1662 3880 1771 3943 adusta

104 3964 162 4024 sed
182 3964 274 4023 libere
294 3984 361 4023 euru
382 3964 465 4023 abire
477 3964 624 4045 permittet
641 3964 681 4026 ed
700 3964 797 4025 locum
818 3966 908 4026 istun
965 3960 1075 4044 plenus
1093 3958 1280 4032 obambulat,
1298 3966 1331 4021 et
1348 3960 1428 4023 bune
1445 3963 1589 4045 liquorem
1607 3988 1666 4031 nou
1684 3972 1772 4036 aliter

105 4058 258 4117 beatnurn
283 4054 439 4127 nentium,
472 4056 511 4117 ad
541 4076 628 4139 quern
656 4060 786 4139 majores
810 4058 908 4139 ipsius
967 4057 1088 4137 potant,
1119 4072 1209 4132 quarn
1233 4072 1347 4115 serene
1370 4054 1508 4135 algentes
1536 4060 1650 4135 undas,
1678 4070 1713 4127 nt
1739 4068 1771 4129 ie

98 4151 165 4232 jorn
186 4146 253 4205 olira
274 4150 512 4229 proecesserint3
537 4155 629 4231 utque
647 4150 827 4232 expeditur,
847 4158 909 4211 tan
967 4146 1121 4227 proverbio
1147 4144 1262 4205 dieitur.
1301 4144 1409 4227 Neque
1435 4154 1533 4212 tanen
1557 4151 1617 4217 boe
1640 4158 1773 4237 ipenrurn

103 4242 224 4317 longum
251 4260 307 4301 nee
330 4243 407 4303 satis
429 4248 522 4305 tntura
553 4244 609 4303 iter
634 4244 781 4305 eontieere
801 4244 909 4327 possit,
967 4240 1077 4301 laetula
1096 4244 1178 4299 eerta
1196 4238 1312 4301 ratione
1329 4246 1419 4305 eant
1458 4242 1521 4307 Vix
1540 4248 1619 4311 eninr
1643 4250 1713 4315 illos
1730 4254 1771 4316 ob

104 4332 248 4413 quidquid
272 4334 301 4393 in
328 4336 406 4395 orani
431 4336 500 4399 rita
515 4338 672 4419 preciosse
690 4336 909 4419 suppellectilis
968 4334 1098 4394 eiborunr
1116 4330 1398 4395 eruditntenrirere
1416 4338 1654 4417 possearbltror‚
1672 4346 1773 4409 sitan

104 4426 224 4497 babuit,
250 4426 323 4487 illud
349 4428 379 4487 in
398 4448 501 4490 urnnrn
525 4430 647 4491 lerolem
666 4431 815 4505 inserunt,
835 4430 911 4512 jen·
968 4426 1037 4489 torti
1060 4430 1133 4507 potu
1150 4422 1299 4487 eto-nebi
1322 4424 1513 4508 frigiditatem
1536 4452 1597 4495 non
1620 4439 1772 4519 propulsa.

106 4528 264 4599 queuntes
283 4520 448 4582 donisuoe
467 4524 637 4584 recentibus
656 4524 755 4584 meeis
773 4528 806 4583 et
823 4528 910 4583 reate
968 4528 1045 4583 rent.
1085 4516 1224 4581 lt'ereulis
1249 4518 1367 4583 denun
1391 4526 1539 4605 appositis
1563 4528 1664 4589 senior
1694 4532 1772 4593 inter

107 4634 185 4673 nora
203 4614 364 4674 obeuntem
383 4612 485 4675 berun
504 4616 669 4678 induerunt.
689 4616 810 4679 Mortuo
821 4617 909 4679 elien
968 4614 1122 4675 Flauinea
1143 4612 1249 4673 iterum
1266 4614 1487 4695 pingrietbura
1505 4618 1615 4692 adolet,
1633 4626 1666 4681 et
1682 4622 1773 4687 learn-

106 4706 236 4767 eerrieal
276 4708 487 4783 sulrsterount,
525 4712 607 4771 steca
645 4720 724 4771 terra
759 4708 909 4771 relertnn.
969 4728 1020 4769 res
1048 4706 1131 4789 ejleit
1159 4704 1241 4767 toras
1270 4712 1376 4787 postea
1407 4710 1520 4791 scripto
1548 4710 1657 4773 Omnis
1685 4716 1773 4798 signe

108 4799 244 4879 Cumque
258 4802 320 4882 jan
341 4801 433 4861 lerale
458 4822 587 4863 runrnur
605 4802 757 4863 Flnnines
776 4802 911 4863 absolve·
970 4802 1038 4861 eibo
1057 4797 1219 4859 benedicit.
1249 4796 1423 4877 Peregrinis
1439 4800 1609 4865 bominibus
1632 4806 1773 4891 elephas.

107 4898 191 4963 runt,
221 4892 354 4953 defuncti
381 4896 490 4977 eonjur
523 4896 627 4955 iterun
654 4914 815 4955 eeeurrens
843 4912 912 4954 euru
971 4898 1032 4953 tem
1050 4890 1174 4953 bonorls
1198 4890 1292 4969 gratia
1310 4892 1500 4971 praebibunt,
1526 4896 1654 4979 illosque
1672 4902 1701 4963 sl
1721 4902 1772 4967 ali.

107 4985 221 5067 ejulatn
247 4998 279 5047 et
304 4986 432 5047 elamore
457 4990 593 5049 moritum
611 4987 649 5049 sd
674 4988 764 5049 ritarn
784 4992 914 5048 uruat.
972 4986 1060 5067 eujus
1079 4989 1151 5045 sunt
1170 4982 1350 5061 dignationis
1379 4994 1411 5045 et
1436 4990 1683 5067 prae-inertius,
1710 5016 1773 5059 m.

107 5078 209 5159 liujus
234 5081 375 5155 gemitum
399 5082 459 5161 ipsi
487 5082 615 5143 sacritiei
644 5100 711 5141 curn
744 5080 914 5141 senioribus
972 5078 1095 5141 neribus
1118 5074 1262 5137 adficiunt
1285 5076 1454 5140 liberaliter.
1502 5082 1642 5167 Dumque
1666 5108 1773 5153 omnes

108 5171 275 5249 excipiunt,
295 5179 326 5235 et
345 5174 550 5253 serpulborara
571 5174 760 5237 rodlando
779 5170 913 5255 perdum,
971 5188 1026 5255 pru
1052 5168 1152 5233 salate
1174 5168 1223 5233 sni
1250 5166 1362 5251 lieg's,
1395 5194 1450 5255 pro
1478 5175 1662 5243 beantedtee
1685 5184 1772 5245 ..iet
