3742 5626
563 214 617 277 ΒΕ
636 214 777 281 BELLO
797 210 1103 291 MOSCOVl'l'lt'O,
1122 212 1248 279 LlllEll
1271 214 1324 277 ΙΙΙ,

100 380 181 453 licto,
200 380 369 441 interiorem
389 388 503 459 panem
524 382 590 459 ejus
610 382 687 441 satia
706 379 769 441 lato
788 396 910 459 aggere,

99 492 186 553 quern
207 470 342 533 cratibus
354 471 537 547 continebat,
549 475 708 545 a'estierat3
729 468 909 547 bebetinde,

100 574 133 627 ul
152 564 234 645 globi
256 572 448 644 pertenuem
469 568 613 645 parietern
634 564 734 627 subite
755 574 908 627 transeun-

99 668 147 719 tes
168 661 198 717 in
218 678 329 736 aggere
349 656 515 730 haererent,
535 656 636 739 ibique
655 678 712 719 auo
724 664 908 737 spontetan·

1717 224 1773 283 tte

968 373 999 431 in
1020 372 1197 437 Litbuarram
1223 398 1259 437 se
1279 378 1401 458 recipit,
1432 376 1558 441 dlescus
1583 400 1642 461 quo
1673 386 1771 453 animi,

967 467 1118 529 tristitiam
1139 468 1277 531 adrersis
1302 470 1393 533 rebus
1418 470 1575 535 collectam
1599 470 1773 551 discuteret,

967 555 1123 638 repudiate
1143 565 1241 643 priore
1266 582 1374 625 uxorea
1412 562 1493 645 qued
1518 566 1616 647 ipsius
1640 566 1772 629 moribus

967 652 1058 711 toties
1079 654 1107 713 ei
1129 653 1214 723 licet,
1238 659 1357 736 quoties
1378 656 1466 733 libet,
1487 661 1552 739 jarn
1571 666 1688 721 sextum
1709 668 1772 721 turn

100 748 438 833 deerrarrpprirnerentur.
478 750 622 813 lienteria
641 748 712 813 iride
730 750 907 813 Zamescius
964 742 1088 806 maritus
1109 742 1228 809 delectu
1252 749 1426 829 puellarium
1445 748 1568 831 publico
1588 750 1702 813 indicto
1721 772 1770 813 no-

100 856 206 905 teuens
238 842 353 923 Regem
382 846 516 924 proximo
543 864 622 907 nino
647 864 702 927 per
726 862 763 905 ea
790 841 858 902 loca
876 843 907 901 in

101 936 248 999 bosticnm
273 937 399 999 arlterius
425 935 564 1019 progredi
597 940 627 998 iu
656 940 754 999 animo
785 933 908 1009 babere,

100 1038 246 1093 tormenta
266 1038 298 1093 ot
309 1032 473 1109 grauiorem
487 1028 625 1092 militaris
640 1032 831 1091 bastrumenti
841 1046 907 1109 par·

100 1132 160 1183 tens
178 1122 359 1185 Zarolociae
387 1120 539 1204 deponere
563 1122 733 1185 coustituit:
773 1120 906 1202 Stepba·

102 1235 229 1297 nuauque
249 1215 387 1279 t'arelum
409 1236 477 1299 prm
496 1214 669 1295 Hungarice
688 1215 782 1277 milite
807 1216 838 1275 in
863 1232 907 1275 ar·

101 1328 166 1369 caru
185 1306 342 1371 traducere
362 1311 459 1371 omnia
476 1310 581 1391 jussit.
621 1306 679 1369 llic
699 1310 794 1371 veteri
816 1316 907 1389 ponte

100 1398 347 1479 quemadmodum
366 1400 570 1477 ostendimus,
588 1399 628 1462 ab
653 1400 794 1463 bentibus
821 1402 907 1460 inter·

100 1502 205 1575 rupto:
246 1503 326 1571 rate,
352 1515 411 1576 qua
438 1498 467 1555 iu
487 1498 708 1577 oppugnatione
728 1493 815 1555 miles
834 1512 908 1553 usus

100 1584 214 1658 leserat,
242 1586 417 1661 infirmiore,
445 1608 533 1669 quam
557 1596 592 1649 ut
616 1596 725 1649 tantae
745 1585 833 1647 nrolis
852 1594 909 1645 tor·

100 1688 200 1740 menta
211 1684 376 1761 promoueri
387 1702 442 1763 per
453 1702 519 1743 eam
529 1690 665 1763 possead,
683 1679 808 1742 alteriue
820 1682 909 1740 etiem

99 1775 201 1853 pontis
230 1781 291 1835 tam
317 1776 424 1853 exiguo
449 1784 584 1857 tempere
615 1770 764 1837 elliciendi
794 1792 910 1833 summa

101 1862 280 1929 difficultate
299 1870 463 1949 proposita,
483 1874 630 1929 tormenta
649 1865 838 1936 tinniasimis,
858 1867 908 1927 iis·

100 1978 158 2039 que
177 1959 313 2041 pluribus
334 1958 511 2022 rudentibus
536 1968 625 2042 apta,
649 1980 710 2041 quo
734 1980 794 2020 uno
811 1965 909 2039 rupte,

101 2050 151 2113 alii
171 2050 308 2115 subsidio
328 2064 442 2125 essent,
462 2073 517 2133 per
536 2053 630 2115 laeum
651 2057 761 2135 ipsum,
781 2070 839 2132 qua
856 2048 908 2111 du-

101 2146 251 2205 rissimum
268 2146 376 2219 solunt,
395 2155 427 2207 et
447 2148 571 2209 oratioue
590 2146 764 2227 argillosum
776 2144 908 2226 explera-

102 2246 157 2309 rat,
177 2238 350 2300 cohortibus
369 2239 484 2319 aliquot
502 2238 709 2319 llungurorunr
731 2242 761 2299 in
780 2236 908 2299 adversa

103 2330 167 2411 ripn
187 2330 353 2403 collocetis,
373 2335 402 2392 in
422 2352 521 2393 arcent
541 2330 909 2397 emunitionibusnestria

103 2420 241 2485 traduxit.
263 2422 298 2485 ln
318 2422 469 2504 praesidio
489 2424 654 2505 Georgium
676 2422 827 2487 Sibricuru
841 2442 909 2485 cum

102 2512 234 2595 llungari
255 2514 358 2577 militis
384 2526 469 2598 parte
488 2518 642 2599 relinquit:
673 2515 906 2581 Fureusbeliurt·

101 2628 168 2669 cnm
188 2608 268 2671 mille
287 2611 406 2671 circiter
425 2610 574 2691 equitibus
594 2611 699 2673 latiore
719 2612 845 2673 circuitu
860 2630 907 2671 ca·

100 2708 153 2781 pto
190 2700 327 2783 Opocem
356 2722 464 2765 versus
498 2702 664 2785 proticisci,
703 2722 908 2784 conversoque

100 2790 141 2855 ed
164 2796 317 2857 sinistram
342 2814 396 2875 per
420 2794 608 2857 Neaeerdam
634 2800 741 2859 iuuere
759 2794 800 2857 ad
818 2794 908 2858 Polo·

101 2887 172 2945 tiam
190 2904 306 2947 rursum
326 2904 483 2949 occurrere
502 2888 562 2950 sibi
584 2889 683 2969 jubet.
723 2888 801 2951 Nam
827 2886 908 2969 quod

103 2973 179 3035 inira
198 2974 238 3037 ed
257 2976 395 3037 Velicam
414 2998 531 3041 emnem
555 2984 616 3044 sita
640 3002 677 3043 ca
702 2990 802 3057 esset,
832 3001 909 3062 quae

102 3076 208 3131 aratura
229 3067 356 3133 lluminia
375 3080 469 3147 esset,
488 3092 691 3153 cognoscerer
709 3078 737 3137 ai
758 3078 909 3157 etiamop·

101 3160 261 3243 pargrranda
280 3167 415 3244 proximo
434 3185 514 3227 arrrre
537 3166 629 3241 leret,
662 3171 752 3231 situm
777 3170 845 3249 ejus
871 3188 909 3231 ee

100 3255 196 3333 magis
216 3264 408 3337 praeceptum
426 3268 497 3321 ante
517 3259 628 3323 babere
653 3260 809 3345 cupiebat,
828 3258 910 3342 quod

100 3344 208 3409 eedem
239 3350 270 3411 in
301 3350 369 3413 loce
394 3350 454 3413 sub
478 3352 675 3433 Sigismundo
694 3354 780 3437 Rege
799 3358 909 3417 incom-

100 3436 218 3501 modum
237 3452 393 3524 accepnrm
413 3450 555 3509 memoria
574 3456 700 3511 terrem
739 3446 855 3511 Eadem
865 3446 910 3509 iu·

100 3542 185 3595 turae
204 3532 403 3615 expeditionis
429 3558 501 3602 eura
521 3542 628 3601 itinera
652 3560 771 3623 quoque
795 3542 910 3623 reliqua

100 3628 214 3689 omnnia:
233 3626 353 3693 flumina
364 3631 447 3707 itere,
466 3635 585 3715 siquae
601 3632 782 3713 rraa'igabilia
794 3640 909 3709 ment,

100 3718 240 3801 pleraque
260 3730 294 3783 ut
312 3722 466 3805 explorate
486 3736 556 3787 ante
571 3726 705 3799 haberet,
724 3746 846 3807 operam
857 3724 908 3789 da·

100 3810 165 3885 bat;
184 3816 310 3875 maxime
332 3815 413 3897 quod
433 3818 529 3879 laeum
551 3816 674 3881 Usciarn
694 3820 908 3898 esseaecepis·

99 3912 162 3975 act,
189 3926 227 3967 ex
245 3926 305 3985 que
326 3907 462 3987 ejusdem
482 3912 611 3973 neminis
637 3910 745 3973 literius
770 3934 806 3975 se
831 3910 907 3975 deri-

100 4016 175 4059 vans
196 4000 226 4057 in
249 3997 398 4061 Usaiciam
418 4000 514 4063 lacurn
535 4002 678 4080 tribueret,
698 4004 826 4088 indeque
846 4027 906 4069 ruu-

100 4098 163 4151 tato
184 4093 301 4153 rioruine
320 4095 350 4153 in
369 4092 510 4157 llrissnm
523 4094 619 4159 lucum
636 4098 749 4161 ellnsus
770 4098 907 4183 ejusdem

100 4183 227 4243 neminis
248 4182 365 4247 florian
384 4186 527 4259 elliceret,
547 4211 706 4274 eanrrnque
718 4197 907 4274 potissimum

101 4278 321 4355 opportunitate
333 4281 472 4343 suculam
492 4282 629 4346 aMosee
639 4288 906 4361 cenrmcatu,aliis·

99 4388 158 4448 quc
177 4366 269 4429 rebus
288 4376 471 4435 necessariis
491 4381 657 4457 provisam,
676 4378 906 4457 diligentissime

99 4480 205 4521 enarres
226 4471 341 4525 meatus
360 4469 517 4549 exitusque
535 4473 602 4553 ejus
620 4472 835 4550 cognoscebat.
856 4472 905 4535 lti-

99 4574 170 4614 nere
197 4552 267 4617 iude
293 4556 332 4617 eb
358 4558 491 4623 imbrium
524 4584 563 4625 ac
589 4562 729 4644 lrigorurn
762 4568 905 4647 injurias,

98 4646 308 4730 silvarumque,
329 4672 384 4733 per
410 4674 487 4733 quas
516 4654 631 4729 ibatur,
663 4658 905 4739 magnitudinem,

98 4760 135 4801 ae
154 4746 287 4823 petatium
308 4744 459 4829 plerisque
479 4751 508 4809 in
529 4748 905 4836 locisinopiamaliquante

100 4834 339 4909 incommodiore,
358 4839 407 4901 lue
426 4843 618 4923 praesertim,
643 4842 682 4907 de
709 4866 767 4928 qua
793 4846 904 4911 dietum

99 4935 155 4997 cst,
176 4932 336 4991 exercitum
356 4932 520 5013 affligente,
543 4944 576 4999 ul
596 4942 711 5017 precatis
731 4950 830 5003 minen
851 4944 902 5003 eir-

99 5024 245 5083 curucirea
289 5023 365 5085 locis
395 5030 535 5091 narratibus
566 5040 631 5093 tuto
664 5054 718 5115 per
747 5034 906 5107 l'olutiom,

101 5112 218 5177 Vilnorn
249 5114 289 5179 ud
312 5116 431 5199 Regenr
450 5128 542 5187 uenit.
581 5122 660 5187 liuns
686 5128 752 5189 lies
771 5128 829 5189 bne
859 5151 903 5192 re·

99 5226 161 5267 rum
200 5228 346 5271 successu
380 5214 570 5295 expeditione
602 5220 735 5283 bucensi
770 5222 904 5297 perlecta

965 855 1029 895 ram
1051 836 1182 899 induxit:
1202 838 1340 922 idemque
1360 862 1400 904 ex
1419 843 1594 924 proceribus
1611 846 1717 917 etiam
1741 852 1773 907 ct

965 929 1145 993 consiliariis
1163 932 1230 993 suis
1250 933 1395 1009 quosdam
1416 934 1517 997 lacere
1534 938 1642 1017 coegit.
1681 938 1771 1001 Delo·

966 1026 1034 1083 etue
1053 1026 1131 1107 ejus,
1150 1026 1398 1106 quemadmodum
1419 1046 1458 1089 ox
1478 1028 1707 1111 nobiliquadam
1724 1052 1771 1093 oa·

966 1116 1057 1194 ptira,
1076 1138 1154 1198 quae
1173 1120 1241 1199 ipsa
1260 1122 1290 1181 in
1310 1120 1432 1183 delectu
1449 1120 1604 1199 soluerat,
1622 1124 1771 1201 cognitum

967 1206 1122 1279 osthane
1142 1220 1191 1273 est
1210 1214 1300 1275 ratio:
1342 1215 1486 1275 Proeeres
1518 1215 1694 1297 nobilesque
1712 1238 1771 1278 om·

968 1320 1032 1373 nes,
1052 1304 1102 1383 qui
1130 1304 1210 1367 tiliae
1234 1316 1286 1369 aut
1311 1308 1493 1389 propinquae
1523 1309 1642 1371 nubiles
1671 1308 1773 1389 aliqua

967 1392 1080 1456 tonnae
1106 1399 1361 1461 commendatione
1392 1401 1423 1461 ie
1453 1406 1604 1483 potestate
1632 1400 1773 1471 babeant,

967 1484 1066 1547 edicto
1086 1493 1250 1571 proposito,
1270 1502 1352 1553 certe
1380 1502 1514 1575 tempore
1546 1514 1653 1557 omnes
1681 1494 1771 1559 sddu·

968 1600 1037 1641 cero
1053 1584 1151 1663 jubet.
1172 1584 1221 1645 Ad
1243 1584 1320 1647 diem
1341 1592 1517 1667 praeparata
1531 1590 1596 1670 jam
1615 1594 1686 1649 ante
1704 1608 1771 1651 eum

969 1674 999 1735 in
1020 1695 1108 1736 usum
1134 1675 1222 1739 dome
1241 1680 1377 1759 spetiosa
1396 1684 1428 1739 et
1445 1680 1561 1761 ampla,
1580 1700 1635 1763 per
1653 1683 1773 1763 singula

967 1768 1130 1831 coenacula
1160 1770 1316 1833 duodenos
1345 1771 1443 1834 lectos
1469 1770 1622 1844 babentia,
1650 1776 1772 1838 totidem

967 1860 1086 1940 puellae
1104 1862 1334 1937 distribuuntur3
1354 1864 1421 1943 ipse
1440 1884 1500 1925 une
1519 1886 1594 1927 sens
1612 1870 1772 1931 comitatus

967 1956 1066 2015 enrrria
1085 1955 1188 2017 ordine
1213 1957 1357 2029 circumit,
1386 1963 1418 2017 ut
1447 1956 1587 2039 quodque
1616 1960 1772 2041 irrgressua

968 2053 1025 2119 cst,
1045 2048 1122 2109 aelio
1137 2052 1202 2129 jans
1221 2060 1293 2111 ante
1311 2051 1454 2111 instructo
1473 2050 1625 2127 censidet;
1653 2054 1772 2136 puellae

967 2139 997 2201 in
1017 2161 1124 2218 magno
1141 2144 1271 2203 omniurn
1287 2142 1417 2226 Principi
1436 2163 1494 2205 suo
1513 2144 1659 2224 placendi,
1677 2166 1716 2209 ac
1732 2148 1772 2211 ad

967 2252 1032 2293 eam
1052 2233 1198 2297 fortunam
1219 2236 1408 2314 perveniendi
1428 2236 1528 2297 studio
1548 2238 1772 2317 elegantissime

968 2346 1074 2387 eruncs
1092 2334 1229 2401 ornatae,
1249 2328 1288 2391 ad
1307 2350 1406 2409 genua
1425 2332 1494 2413 ejus
1512 2330 1616 2393 urdine
1634 2333 1772 2413 singulae

967 2418 1133 2496 advolutae,
1152 2420 1274 2483 sudario
1292 2442 1365 2483 auro
1390 2444 1428 2484 ac
1447 2424 1607 2487 unionibus
1632 2434 1772 2489 contextu

966 2513 1114 2589 ingenua
1134 2516 1244 2597 injecto
1263 2514 1437 2591 disceduut3
1456 2538 1545 2597 quarn
1565 2539 1605 2580 cx
1625 2518 1773 2583 bismaai·

967 2626 1014 2667 nae
1034 2608 1174 2688 probarit,
1192 2608 1291 2671 ducit:
1309 2616 1428 2673 ceterae
1449 2612 1496 2672 uel
1516 2612 1607 2690 agris,
1627 2612 1772 2694 volpecu-

968 2700 1016 2759 nia
1036 2699 1163 2763 donatas
1182 2701 1311 2763 dimittit.
1332 2702 1403 2765 Rex
1418 2702 1520 2765 l'ilnae
1539 2707 1645 2787 paucis
1663 2706 1772 2769 diebua

967 2804 1173 2865 commoratus,
1196 2794 1347 2857 Grodnom
1366 2796 1578 2877 proficiscitur3
1597 2818 1635 2859 ac
1648 2802 1714 2882 jam
1733 2800 1773 2863 de

967 2885 1066 2947 lutura
1084 2886 1276 2969 expeditione
1297 2892 1443 2968 cogitans,
1461 2888 1542 2968 quod
1561 2892 1675 2953 tardius
1683 2896 1772 2955 corni·

968 2980 1010 3041 tie
1030 2980 1087 3041 sibi
1107 2978 1261 3053 babendo,
1280 2983 1481 3063 tributumque
1505 2984 1534 3045 si
1558 2984 1638 3064 quod
1663 2988 1693 3047 in
1712 2988 1773 3049 illls

970 3073 1158 3146 scisceretur,
1178 3076 1277 3135 serius
1296 3081 1432 3139 exactum
1457 3077 1493 3137 iri
1517 3078 1708 3157 intelligeret.
1733 3102 1772 3141 ne

970 3164 1050 3244 quod
1069 3166 1219 3243 gerendae
1238 3168 1281 3227 rei
1300 3176 1419 3250 ternpus
1438 3169 1585 3233 dimittere
1608 3178 1772 3251 cogeretur,

970 3260 1101 3338 priuatas
1112 3261 1227 3321 iuterim
1247 3262 1378 3323 rationes
1396 3270 1519 3323 mutuae
1537 3264 1703 3327 sumendae
1721 3286 1772 3349 ps·

967 3353 1074 3415 cuniae
1098 3358 1161 3437 jan
1186 3364 1249 3417 tum
1274 3355 1376 3417 inibat.
1420 3354 1544 3419 Praeter
1567 3356 1773 3421 btsmbionem

971 3444 1133 3527 Georgium
1152 3448 1178 3509 F
1180 3447 1335 3511 tidericum
1355 3450 1384 3509 iu
1406 3448 1534 3512 Pruesia
1557 3450 1690 3529 Duceni,
1710 3452 1772 3515 Au·

968 3546 1086 3617 gustum
1105 3540 1269 3619 Senoniae,
1288 3548 1320 3605 et
1329 3542 1477 3605 Jonrrnern
1486 3542 1514 3605 F
1515 3544 1670 3607 ridericnm
1679 3546 1773 3609 Brau-

967 3631 1184 3713 deburgensem
1204 3636 1363 3715 Principes
1382 3636 1540 3699 Electores
1563 3637 1603 3699 de
1621 3646 1722 3701 mutua
1741 3642 1775 3702 ia

968 3725 1078 3787 beilum
1097 3725 1156 3789 boc
1168 3730 1347 3808 praestando
1358 3730 1504 3811 appellat3
1523 3751 1582 3811 qno
1594 3732 1684 3809 tecto,
1694 3733 1773 3795 duas

965 3820 1053 3881 simul
1073 3842 1124 3883 res
1142 3829 1370 3883 consecuturum
1388 3842 1425 3883 se
1445 3820 1576 3897 ridebat,
1593 3829 1670 3885 utet
1684 3846 1772 3889 suam

969 3932 1040 3991 erga
1060 3914 1129 3977 illos
1149 3916 1285 3977 omnibus
1311 3917 1340 3975 in
1366 3916 1457 3977 rebus
1476 3912 1613 3977 fiduciam
1632 3918 1770 3981 osteode-

970 4012 1024 4081 ret,
1038 4012 1069 4065 et
1089 4028 1189 4069 eorum
1208 4009 1239 4068 in
1257 4028 1291 4069 re
1311 4008 1411 4071 aliona
1433 4007 1534 4069 studio
1545 4006 1677 4071 Ordines
1699 4014 1770 4073 iuri·

965 4104 1045 4159 tates
1062 4100 1102 4160 ad
1121 4102 1291 4181 perficiendi
1310 4122 1364 4183 pro
1382 4103 1449 4163 auis
1467 4101 1631 4165 commodis
1640 4104 1710 4166 belli
1721 4126 1770 4167 ro·

965 4192 1108 4253 luotatcrn
1128 4214 1166 4253 ee
1184 4196 1280 4271 magia
1299 4194 1485 4257 accenderet.
1511 4196 1635 4259 Credita
1653 4198 1772 4259 abillis

966 4286 1091 4364 pecnnia
1111 4286 1150 4347 nd
1169 4294 1279 4349 certum
1299 4288 1389 4359 diens,
1408 4290 1584 4371 exactisque
1599 4292 1663 4375 jam
1682 4294 1772 4353 onmi-

965 4380 1017 4439 tiis
1035 4378 1141 4451 allata,
1167 4400 1203 4441 ac
1222 4382 1346 4444 ulterius
1364 4382 1474 4445 deindo
1492 4384 1543 4445 dis
1572 4384 1702 4466 prolate,
1730 4384 1772 4447 sd

967 4478 1084 4554 tempus
1104 4474 1206 4537 solutu
1224 4474 1287 4537 luit.
1305 4474 1424 4539 luterirn
1445 4478 1556 4539 Cosani
1576 4476 1692 4539 Nisnrii
1703 4497 1769 4539 cum

965 4567 1082 4630 donrnro
1099 4568 1238 4631 (triennio
1259 4572 1298 4633 nb
1316 4572 1410 4633 alteru
1431 4572 1564 4653 partein
1583 4568 1769 4633 dioscoriam

965 4660 1166 4725 Stareduburn
1196 4684 1294 4744 usque
1333 4665 1575 4747 populationibus
1606 4666 1771 4744 progressi,

967 4757 1047 4815 omni
1067 4776 1139 4833 agro
1158 4756 1248 4835 lenge
1267 4758 1387 4837 lateque
1408 4762 1542 4829 vastate,
1568 4756 1708 4835 oppidum
1733 4778 1772 4819 ac

965 4850 1090 4909 estinan
1111 4852 1291 4911 munitiones
1309 4852 1388 4913 arcis
1407 4850 1553 4931 quasdam
1565 4848 1769 4923 incenderunt,

964 4940 1092 5021 indeque
1118 4942 1158 5003 ad
1179 4942 1382 5025 Pocaeporarn
1404 4942 1580 5003 excursione
1608 4942 1705 5019 laeta,
1729 4946 1770 5007 ab

964 5056 1034 5095 areo
1055 5036 1177 5117 repulsi,
1196 5037 1306 5117 praedo
1324 5044 1421 5099 tamen
1442 5056 1551 5113 magna
1573 5044 1643 5099 aeta
1669 5060 1705 5099 se
1724 5060 1768 5101 re·

963 5134 1113 5207 oeperunt.
1152 5128 1393 5193 Proliciscentem
1422 5130 1544 5193 Greduu
1563 5130 1694 5211 Regem,
1718 5132 1768 5193 lli·

965 5222 1099 5299 qensiurn
1130 5224 1222 5285 nrrrrtii
1246 5228 1343 5287 secuti
1377 5226 1502 5287 luerunt.
1543 5224 1660 5285 Civitas
1687 5244 1723 5283 ea
1750 5246 1768 5283 a
