3742 5626
99 144 157 203 ill
673 144 895 209 ANTONll'S
916 144 1188 211 posssimus

103 307 180 365 sime
198 303 373 383 allegarem,
398 307 447 384 qui
468 316 499 365 te
518 304 556 366 ‹le
575 309 714 369 omnihus
732 312 851 370 sineere
870 308 912 371 la·
936 306 941 371 l
969 309 1080 370 bellum
1110 326 1347 391 quoquoversum
1382 302 1500 367 iul'erre
1535 304 1691 363 statuerit.

106 406 188 459 reret
209 401 376 459 certiorem,
416 398 539 459 Summa
564 403 654 479 igitur
679 423 779 463 earum
805 422 912 475 rerum,
970 414 1128 485 propterea
1154 422 1191 465 ex
1210 404 1330 463 civitate
1355 396 1453 478 Riga,
1493 414 1644 473 maguam
1664 396 1715 453 vin
1728 408 1752 453 tr

107 490 272 571 quaemihi
295 489 553 570 Stephanusllex
572 493 717 564 ostendit,
744 494 820 555 haec
842 494 912 555 luit:
969 500 1104 557 mentarii
1124 495 1271 577 pulveris,
1291 502 1321 555 et
1340 490 1508 571 globorum
1532 486 1651 551 advehi
1663 486 1755 567 unj-

108 605 144 645 se
169 582 272 665 (quod
301 592 389 644 autea
418 582 473 643 tibi
493 587 559 664 ipse
585 585 801 659 indicaveram,
821 584 912 666 quod·
968 592 1027 660 sit,
1057 609 1094 649 ae
1124 587 1332 669 supple-enta
1360 584 1422 646 alia
1447 582 1593 644 militum
1615 590 1755 640 uterum·

109 696 167 756 que
187 676 237 737 ille
254 686 404 757 postrema
424 697 480 736 sua
501 678 630 759 epistola
649 678 827 756 declaravit)
851 680 913 739 nul·
969 692 1039 742 ante
1059 690 1192 762 quartum
1209 677 1318 739 abhinc
1338 676 1419 739 dien
1432 682 1604 758 expectat.
1628 670 1704 735 lllud

111 770 148 829 lis
168 789 294 848 iiiiquam
314 773 399 850 pacis
419 767 656 845 conditionibus,
675 775 733 833 uisi
754 773 913 854 prioribus,
969 778 1156 835 verissimum
1175 782 1238 844 est,
1256 791 1316 831 non
1335 770 1435 832 solum
1446 768 1583 847 Regem
1607 785 1676 827 cum
1697 769 1731 845 p'

110 882 186 943 quas
205 861 260 922 tibi
281 859 479 933 indicaverat,
500 884 703 928 assensurum.
743 864 834 943 Qirod
854 870 915 945 qui·
969 871 1024 928 riis
1044 888 1121 949 pene
1141 863 1279 927 omnibus
1303 861 1411 925 domos
1441 861 1512 924 sibi
1549 858 1677 937 ligneas
1700 862 1725 917 iu

111 952 178 1015 dem
198 975 235 1015 eo
255 956 309 1016 tibi
332 958 426 1035 magis
447 954 613 1017 laciendum
633 976 704 1019 esse
723 957 835 1033 dieunt,
855 980 914 1041 quo
970 964 1043 1022 stris
1068 963 1235 1030 excitass03
1263 956 1371 1037 quibus
1391 957 1507 1035 ajunt,
1540 960 1647 1014 tota·
1676 950 1759 1011 hieh·

111 1046 212 1120 vides,
242 1056 353 1127 quanto
379 1047 446 1129 plns
475 1052 692 1112 restitutionem
718 1052 833 1114 illarum
870 1073 914 1114 ar·
972 1073 1048 1115 mem
1078 1054 1127 1130 (si
1147 1071 1224 1133 opus
1243 1051 1306 1127 sit)
1337 1069 1410 1111 sese
1441 1043 1681 1113 traducturos,
1708 1056 1763 1105 ets

111 1145 188 1201 cium
209 1139 366 1211 distulisti,
396 1150 479 1202 tanto
511 1142 627 1205 facilius
653 1166 789 1223 maguam
816 1166 916 1206 earum
972 1157 1042 1209 tuas
1073 1145 1232 1206 ulteriores
1264 1145 1405 1222 regiones
1446 1158 1669 1200 excursuros:
1704 1158 1765 1199 vers

111 1238 224 1315 partem
249 1236 370 1295 venisse
391 1237 420 1294 in
442 1254 547 1297 marius
567 1235 713 1318 Stephani
734 1239 838 1318 Regis.
858 1238 916 1300 Re·
973 1243 1061 1302 etiam
1082 1238 1205 1299 militem
1224 1235 1382 1317 reliquum,
1402 1233 1519 1295 fossas
1543 1231 1611 1292 sihi
1634 1252 1764 1293 creavere

111 1346 178 1405 gem
198 1334 296 1388 autem
314 1326 444 1388 Sueciae
457 1327 587 1389 Narvam
607 1328 658 1403 (de
677 1352 735 1412 qua
756 1352 832 1413 pene
852 1330 918 1392 sola
973 1354 1032 1415 quo
1051 1331 1144 1411 frigus
1164 1338 1254 1391 noctu
1279 1331 1455 1398 mrstiueat,
1483 1324 1580 1387 diem
1610 1334 1707 1386 autem
1721 1323 1766 1383 bsh

112 1428 177 1479 erat
196 1422 225 1478 in
245 1439 320 1499 pace
340 1419 523 1482 absolvenda
543 1442 609 1483 eum
628 1427 689 1484 tuis
705 1425 829 1503 legatis
848 1443 917 1485 con·
973 1424 1111 1487 laeiendo
1130 1428 1268 1485 insumat.
1308 1421 1377 1484 Jam
1400 1441 1479 1481 vero
1514 1428 1551 1480 et
1585 1416 1667 1477 illnd
1685 1416 1770 1478 addes

112 1514 270 1585 troversia)
290 1520 320 1573 et
343 1511 526 1586 lvanhorod,
556 1515 702 1597 Lapidem
722 1518 837 1592 allium,
865 1517 916 1578 ali·
973 1530 1004 1581 te
1024 1540 1079 1601 pro
1104 1527 1157 1579 tua
1181 1515 1339 1599 prudentia
1359 1513 1567 1591 intelligere,
1605 1510 1680 1593 quid
1707 1524 1772 1573 tum

113 1623 208 1683 asque
239 1608 366 1667 minuitas
392 1626 478 1668 arces
508 1611 643 1688 cepisse3
676 1613 725 1691 qui
751 1607 821 1669 dum
846 1618 918 1671 tua
973 1612 1069 1691 Regis
1090 1610 1234 1693 Stephani
1260 1611 1410 1672 exereitus
1437 1608 1604 1677 triennio,
1633 1608 1698 1686 jam
1715 1608 1771 1663 oni

114 1695 260 1757 Poloniae
285 1697 380 1778 Regis
407 1704 553 1777 exercitu,
589 1723 625 1762 ex
647 1692 744 1764 multis
765 1712 846 1763 certe
866 1725 916 1765 na·
943 1718 947 1771 Ι
975 1704 1033 1765 bus
1055 1703 1126 1764 belli
1146 1703 1315 1773 laboribus,
1336 1709 1366 1762 et
1384 1702 1535 1760 victoriis
1560 1708 1724 1767 assuetus,
1738 1696 1772 1755 eb

114 1788 246 1851 tionibus
267 1793 427 1870 instructo,
459 1797 487 1854 in
511 1794 568 1855 hac
588 1797 708 1873 regione
727 1799 918 1878 oppugnaris,
943 1786 947 1905 i
975 1819 1043 1859 cere
1064 1800 1176 1879 possit,
1198 1817 1264 1857 cum
1284 1796 1462 1876 praesertim
1474 1790 1687 1854 difficiliores
1704 1810 1774 1851 ons

115 1886 144 1943 in
172 1892 241 1943 tuas
267 1904 385 1966 quoqne
410 1886 475 1958 ille,
495 1887 554 1949 alia
580 1908 616 1949 ex
641 1896 741 1969 parte,
763 1893 919 1950 interiores
944 1912 947 1917 ·
974 1894 1041 1951 vias
1071 1894 1271 1970 superaverit,
1296 1895 1446 1950 tormenta
1479 1890 1626 1949 maxima
1658 1888 1769 1945 iuverat

115 1980 253 2053 regiones
274 1980 314 2038 sit
334 1998 564 2059 progressurus,
595 1984 651 2042 nisi
678 2004 744 2043 cum
764 1982 919 2063 Stephano
975 2002 1121 2063 arcesque
1140 1979 1284 2042 inditione
1303 1988 1400 2042 luatot
1420 1984 1569 2063 ceperit,
1604 1988 1641 2041 ut
1661 1976 1773 2057 undequ

115 2069 201 2147 Rege
220 2091 307 2151 quam
328 2074 451 2152 primum
473 2093 577 2155 pacem
596 2073 769 2137 firmaveris.
800 2074 921 2137 Praete·
976 2097 1033 2157 que
1059 2082 1260 2148 commeatus,
1286 2075 1469 2155 militemque
1500 2082 1673 2135 recentem
1701 2069 1735 2133 ad
1756 2090 1775 2127 a

117 2182 167 2223 rea
188 2162 371 2242 intelligunt,
401 2163 503 2227 videre
532 2176 563 2228 te
589 2166 777 2229 Pleseoviam
808 2186 948 2251 peram-t
977 2178 1066 2250 quirat
1085 2168 1278 2231 adsciscere:
1310 2167 1409 2228 soluto
1438 2186 1519 2226 vero
1555 2166 1635 2245 gelu
1661 2186 1719 2225 non
1738 2167 1775 2243 ju

117 2255 213 2335 plani,
233 2265 264 2317 et
285 2260 361 2319 inter
373 2278 477 2319 omnes
490 2263 627 2321 civitates
642 2270 711 2322 tiras
732 2265 921 2344 praecipuam
944 2236 949 2327 l
978 2260 1187 2332 menseJulio,
1206 2260 1255 2321 vel
1277 2261 1415 2339 Angusto
1436 2263 1511 2320 anni
1537 2262 1744 2341 irrsequentis.
1756 2276 1777 2315 a

118 2350 147 2405 in
170 2368 285 2409 summo
306 2352 438 2431 paericulo
457 2356 585 2428 versari,
614 2356 661 2415 cui
688 2357 745 2415 ruisi
766 2359 850 2435 pacis
871 2355 920 2417 bc·
946 2354 949 2403 5
977 2356 1119 2428 Polouia,
1148 2353 1345 2418 Lithnaniave
1374 2356 1415 2413 sit
1449 2360 1562 2414 castra
1600 2350 1778 2413 adversasn

119 2437 255 2499 neheinm
275 2445 313 2502 iis
333 2442 554 2506 conditionibus
573 2446 748 2518 admiseris,
772 2468 848 2529 quae
867 2448 921 2508 tibi
977 2458 1126 2520 moturus,
1146 2446 1249 2509 scdex
1261 2446 1379 2527 lmperii
1391 2448 1433 2506 tui
1455 2446 1657 2507 visceribus.
1683 2444 1715 2507 lu
1727 2464 1778 2524 qis

119 2542 335 2613 pmponnntur,
360 2540 566 2615 gravissimum
587 2538 706 2618 aliquod
726 2538 862 2602 dantium
882 2544 924 2601 sit
978 2562 1044 2603 eum
1069 2544 1136 2602 sine
1164 2540 1227 2600 ullo
1256 2538 1469 2621 impedimento
1504 2544 1706 2619 pervaserit,
1731 2532 1779 2617 qil

120 2634 312 2688 eventurum:
344 2648 408 2687 cum
439 2638 557 2710 praeter
585 2630 732 2694 trucidata
762 2632 922 2716 praesidia,
977 2635 1121 2699 facturum
1141 2636 1290 2714 inquiunt,
1320 2636 1347 2692 si
1365 2634 1427 2713 jam
1449 2635 1480 2691 in
1503 2640 1681 2713 patentes,
1713 2644 1739 2691 et
1753 2628 1780 2687 vl·
1810 2630 1812 2637 '

119 2738 197 2799 quae
217 2721 246 2779 iu
267 2718 391 2781 eandem
410 2725 558 2784 civitatem
578 2726 773 2802 immineins,
795 2736 922 2809 captum·
976 2738 1023 2791 tra
1043 2732 1127 2811 ipsos
1152 2726 1297 2789 Moscvae
1322 2742 1444 2806 campos
1478 2722 1627 2805 expediti
1658 2727 1781 2804 equitat*

120 2832 178 2893 que
209 2816 354 2893 insignem
392 2814 507 2877 Ducem
539 2816 676 2880 Mittam
714 2821 922 2882 Chrestovium
978 2821 1086 2883 bonam
1111 2829 1226 2902 partem
1251 2817 1380 2880 educere
1410 2815 1570 2879 voluerit!
1606 2816 1701 2897 Quod
1719 2817 1779 2877 illm

119 2906 222 2986 (quem
243 2926 299 2986 ego
320 2906 367 2968 his
388 2909 482 2970 oeulis
502 2909 579 2986 vidi,
609 2932 645 2973 ae
666 2911 703 2973 de
724 2934 782 2995 quo
802 2919 865 2995 egi,
891 2920 923 2974 ut
979 2935 1053 2975 sane
1073 2912 1216 2975 iacturum
1236 2909 1381 2983 inaudivi,
1402 2911 1522 2971 etiamsi
1541 2911 1730 2973 l'leseoviae
1746 2908 1780 2967 ob

120 3002 150 3059 in
173 3000 343 3061 honestiore
363 3001 500 3063 custodia
521 3024 655 3065 unacum
671 3006 780 3067 sarriulo
802 3008 923 3069 liberius
979 3006 1059 3068 sidio
1079 3006 1311 3088 protraheretur,
1344 3024 1439 3085 quani,
1461 3006 1716 3085 propugnaculis
1737 3006 1781 3082 qoi-

121 3096 311 3169 traetaretur)
332 3094 388 3155 hac
407 3115 524 3176 quoque
544 3106 647 3168 noete,
668 3097 737 3159 dum
757 3100 832 3162 haec
852 3102 923 3161 seri·
980 3098 1121 3172 busdam,
1152 3102 1271 3179 cingere
1292 3097 1442 3159 decrevit:
1464 3118 1664 3180 quamquam
1686 3112 1715 3158 et
1733 3114 1780 3155 eas

122 3183 177 3258 bo,
207 3186 314 3248 milites
344 3191 402 3262 tui,
433 3192 483 3269 qui
510 3188 702 3270 Nouogardia
720 3197 873 3254 venientes
894 3197 924 3253 in
949 3248 952 3267 ,
979 3193 1116 3254 omnibns
1134 3193 1249 3253 viribus
1268 3194 1590 3273 expugnarenitetur,
1616 3196 1678 3253 uisi
1691 3190 1781 3251 delata

122 3298 187 3338 eam
219 3278 332 3359 ingredi
366 3288 531 3357 tentarunt,
560 3283 668 3345 luerint
696 3284 859 3366 prolligati,
888 3306 924 3346 ac
980 3308 1011 3346 re
1040 3283 1269 3357 deliberaveris,
1306 3284 1434 3364 mihique
1465 3302 1666 3364 responsum
1693 3282 1783 3344 citissi-

124 3372 205 3431 mnlti
227 3376 317 3452 eapti,
342 3371 477 3453 Populus
497 3384 594 3435 autem
614 3379 680 3456 ipse
693 3378 924 3453 Plescoviensis,
980 3399 1057 3439 mum
1078 3380 1205 3439 miseris.
1228 3378 1305 3438 Nam
1325 3388 1358 3439 nt
1378 3377 1445 3437 Rex
1464 3375 1538 3437 hinc
1561 3382 1655 3458 prius
1677 3374 1785 3438 deducat

124 3476 155 3523 ut
169 3465 277 3523 midtus
297 3473 359 3538 est,
389 3486 425 3524 ac
437 3469 664 3548 circumquaque
675 3467 713 3528 ab
729 3468 823 3548 Regis
844 3491 923 3531 exer·
980 3473 1155 3543 exercitum,
1185 3491 1273 3552 quam
1302 3479 1334 3530 tu
1355 3467 1475 3531 aliunde
1497 3470 1665 3550 praesidia
1686 3472 1787 3550 reipsa

121 3560 182 3615 citu
211 3555 379 3627 obsessus,
409 3578 444 3617 ea
465 3562 585 3638 patitur,
607 3581 682 3640 qnae
702 3582 755 3643 pro
776 3566 924 3644 sapientia
981 3563 1156 3635 deduxeris,
1186 3564 1267 3625 nulla
1292 3566 1407 3625 ratione
1434 3565 1460 3622 ei
1488 3566 1579 3642 potui
1604 3560 1788 3644 persuadere·

121 3658 172 3709 tua
193 3658 281 3729 potes
301 3650 473 3730 intelligere.
515 3651 554 3712 m
573 3674 647 3714 sarie
667 3654 774 3716 multos
794 3654 927 3737 qnotidie
982 3657 1063 3735 Quin
1082 3676 1168 3717 vero.
1189 3676 1254 3716 eum
1268 3656 1349 3715 illnm
1361 3655 1423 3715 heri
1444 3653 1616 3733 diligenter
1636 3674 1790 3735 rogasses.

121 3740 357 3823 elisplosionihns
376 3752 586 3807 tormentorum
606 3746 782 3826 Regiorum,
803 3758 834 3810 et
853 3770 925 3810 uror·
981 3760 1014 3811 ut
1043 3772 1061 3811 a
1096 3753 1169 3810 tanti
1202 3749 1319 3830 populi,
1353 3757 1481 3829 quantus
1514 3747 1707 3810 Plescoviae
1744 3760 1792 3807 est.

121 3834 185 3907 his,
212 3838 361 3917 animique
381 3857 514 3899 moerore
535 3842 564 3899 in
590 3842 711 3901 civitate
735 3845 825 3917 mori,
853 3843 926 3904 rela·
982 3842 1076 3904 caede
1096 3842 1248 3905 abstinere
1264 3841 1398 3921 juberet,
1429 3843 1456 3900 si
1476 3838 1517 3900 ad
1550 3844 1693 3903 civitatis
1713 3860 1793 3922 expe

122 3938 182 3989 tum
204 3938 251 3990 est
262 3929 347 4004 mihi,
368 3931 446 3991 sient
465 3942 496 3993 et
513 3932 614 4013 plures
636 3934 665 3993 in
687 3937 768 4013 agris
789 3933 926 3995 hostilem
981 3939 1151 4016 gnmiouem
1182 3938 1330 3995 veniretur
1360 3931 1461 4015 (quod
1494 3936 1654 3994 innocenti
1684 3934 1794 4015 populo

122 4021 251 4099 gladium
271 4032 409 4103 expertos
430 4024 538 4096 luisse,
559 4025 606 4087 his
627 4026 723 4086 oculis
742 4024 813 4086 vidi.
855 4027 925 4104 Qud,
982 4037 1067 4090 esset
1086 4026 1284 4110 parcendum)
1304 4025 1335 4086 id
1360 4047 1395 4088 se
1415 4024 1536 4107 quidem
1566 4046 1741 4107 percepere
1760 4030 1793 4086 si-

122 4120 260 4194 quoniam
282 4115 394 4178 subditi
415 4121 456 4178 tui
476 4128 561 4193 sunt,
594 4139 752 4199 eorumque
777 4119 829 4179 tibi
849 4123 925 4180 ratio
982 4121 1146 4201 purificavit,
1180 4117 1236 4180 sed
1269 4118 1438 4200 (quadres
1460 4120 1529 4194 est)
1562 4118 1697 4179 lutnrnm
1728 4140 1793 4180 esse

123 4207 275 4268 reddenda
295 4220 341 4270 est
362 4210 445 4280 lleo,
468 4209 551 4283 vidc,
577 4233 614 4272 an
636 4212 716 4273 lacili
737 4216 857 4291 negotio
878 4233 925 4272 ve·
983 4214 1201 4287 ililfieillinmm,
1241 4212 1319 4283 dixi3
1361 4211 1439 4292 qnod
1473 4212 1561 4272 miles
1603 4216 1676 4293 ipso
1704 4232 1790 4294 oppu-

122 4297 162 4357 lis
181 4321 281 4360 eorum
301 4303 391 4363 saluti
406 4304 575 4375 consulere,
597 4326 711 4385 nempe,
732 4309 758 4365 si
771 4306 925 4386 Stephano
982 4311 1131 4385 girartinnis
1152 4304 1258 4368 ardore
1279 4306 1488 4376 inllammatus,
1521 4327 1559 4365 ne
1580 4307 1645 4366 sibi
1667 4304 1789 4387 quidem.

122 4392 197 4469 llegi
220 4414 274 4461 ea,
308 4416 384 4474 qnae
404 4418 420 4455 a
442 4405 471 4455 te
493 4400 582 4476 petit,
607 4396 721 4458 tradas.
753 4397 843 4474 Quod
864 4402 924 4479 qni·
980 4403 1006 4460 si
1029 4401 1113 4472 velit,
1145 4408 1233 4480 queat
1253 4408 1429 4479 temperare.
1452 4398 1678 4474 Qriarnobrem‚
1710 4398 1787 4458 obse·

121 4484 188 4545 dem
207 4506 353 4566 tritriqnam
374 4487 443 4553 tihi,
464 4500 495 4547 nt
514 4489 644 4557 laceres,
666 4510 877 4570 proponerem,
898 4493 924 4550 si
982 4514 1032 4552 cro
1049 4504 1089 4563 te,
1110 4494 1310 4552 serenissime
1332 4492 1492 4571 Princeps,
1512 4500 1545 4550 ut
1567 4496 1705 4570 cogites,
1726 4508 1786 4549 num

120 4580 196 4639 alins
218 4583 349 4641 erutiones
371 4585 540 4662 perspicere
561 4585 741 4661 potuissem,
766 4583 873 4662 ‹pribus
894 4587 923 4643 in
981 4594 1102 4665 propter
1120 4584 1186 4654 illa,
1218 4605 1293 4664 qnae
1310 4588 1373 4664 jam
1394 4584 1521 4664 amplius
1535 4605 1595 4644 nou
1620 4584 1726 4657 hahes,
1745 4604 1786 4643 ex·

119 4682 170 4733 tuo
192 4678 362 4753 proposito,
394 4695 460 4735 eum
481 4683 594 4734 luorum
615 4676 836 4747 incolumitate,
863 4685 923 4736 nn·
981 4675 1096 4757 pediat,
1127 4686 1158 4735 ut
1190 4678 1302 4757 reliqua
1327 4682 1355 4737 in
1377 4676 1535 4737 discrimen
1556 4697 1665 4737 voees.
1707 4676 1786 4753 Quae

118 4786 175 4845 qne
196 4787 260 4825 enm
284 4769 411 4826 numnis
421 4771 646 4840 existimatione,
666 4778 774 4830 stares.
798 4767 920 4829 Verum·
980 4767 1098 4850 quidem
1118 4773 1198 4845 (enm
1221 4774 1249 4830 in
1271 4780 1322 4832 tua
1342 4791 1428 4831 mann
1448 4773 1579 4850 positum
1599 4774 1660 4841 sit,
1689 4782 1720 4830 ut
1739 4768 1786 4828 illa

118 4867 216 4920 tamen
238 4865 325 4922 etiam
341 4859 370 4921 id
384 4869 413 4920 le
426 4880 543 4919 movere.
564 4865 687 4921 maxime
708 4861 812 4934 dehet,
834 4860 923 4943 quod,
979 4867 1093 4941 integra
1113 4866 1228 4936 serves)
1248 4868 1274 4923 si
1288 4861 1409 4933 eadem,
1431 4884 1577 4943 quaemus
1599 4884 1651 4933 es,
1674 4872 1786 4922 eurema-

119 4964 257 5030 quantnm
280 4976 315 5014 ex
336 4958 441 5015 arnicis
463 4957 551 5025 meis,
583 4952 718 5013 Pontiliei
741 4954 872 5015 lllaximo
892 4954 922 5014 li·
980 4958 1060 5016 tione
1095 4959 1122 5014 in
1156 4956 1282 5016 hostium
1314 4966 1428 5015 tuorum
1457 4976 1561 5015 triarius
1583 4962 1786 5035 pervenirent:

119 5043 294 5109 ilelissimis.
316 5048 481 5125 intelligere
500 5050 595 5126 potui,
617 5047 789 5127 Stephanus
807 5048 872 5109 Rex
894 5052 921 5108 in
981 5048 1089 5109 arrident
1111 5052 1159 5109 isti
1175 5050 1258 5129 llegii
1280 5049 1338 5108 sibi
1360 5049 1493 5129 polliceri
1516 5049 1664 5121 lentinum,
1689 5062 1720 5111 ut
1740 5071 1785 5130 po·

119 5136 402 5218 hlnsemimtnaipm
422 5142 533 5219 reliqua
553 5136 665 5199 ditium·
687 5150 716 5200 et
736 5140 920 5211 hiemare,et
946 5166 950 5199 i
982 5142 1040 5221 pnli
1064 5146 1104 5202 tui
1127 5164 1183 5203 mm
1212 5142 1308 5203 solum
1330 5146 1449 5202 urnmis.
1481 5165 1516 5204 ae
1538 5143 1709 5205 voluntate.
1744 5164 1785 5201 ve·
