3742 5626
444 246 571 311 neers
591 244 808 311 rnnouruu
827 240 883 309 ur
901 240 1155 311 sosoovrnn
1174 244 1313 315 uncus.
1376 340 1387 359 ἱ
1419 200 1428 219 ’
1688 248 1727 307 aa

56 423 146 491 metu,
166 434 203 477 se
223 409 317 477 caede
338 412 471 485 alierum,
490 431 551 473 nou
569 410 760 494 improbitate
776 411 862 471 terri·

55 517 114 582 tes,
128 503 326 590 jurejurando
345 526 417 568 sese
436 505 514 585 Regi
536 505 735 567 obstrinxisse
754 520 862 581 eogno-

55 608 186 662 seerent.
227 598 302 660 Tarne
329 602 359 659 in
379 598 555 661 decennium
575 596 698 659 decretu
718 616 791 679 pax,
821 595 863 655 al·

56 702 120 755 tero
141 692 180 753 ad
206 696 384 754 novennium
409 714 488 754 antro
512 690 627 753 addito.
667 690 763 752 blosei
793 706 865 748 vero

57 790 206 868 petierunt
224 792 434 848 tenuenterunr
455 786 584 857 nomina,
605 792 636 846 et
648 802 799 844 rrrrmeruru
815 801 864 843 en·

56 900 131 951 rum,
151 899 229 960 quae
248 886 353 941 essent
371 881 401 939 in
423 878 545 943 ardisus
563 897 581 940 s
597 875 685 955 Rege
704 877 812 956 esptis,
826 870 865 934 de

57 971 168 1054 quibus
186 980 275 1033 arrtea
295 971 392 1034 luerat
412 981 518 1034 aetum.
538 969 672 1048 Quorum
694 988 760 1029 mern
775 968 864 1027 erarius

58 1074 171 1127 teritum
191 1065 338 1127 Nereliae
355 1066 532 1145 tlataloqnm
553 1061 792 1145 deprompsisset
807 1059 864 1123 Pa·

58 1159 169 1220 latinus
189 1157 426 1233 lireslariensie,
453 1179 490 1219 ae
508 1158 607 1219 blosei
632 1167 694 1218 tatur
715 1163 866 1232 urgerent,

60 1260 94 1311 ut
113 1255 241 1313 ourrriunr
261 1250 438 1327 truderetur,
458 1248 707 1333 quemadmodum
727 1249 785 1328 ipsi
805 1266 865 1306 unr-

58 1348 138 1404 niuru
157 1364 278 1406 suorum
299 1346 476 1407 attulerant:
495 1347 580 1404 missi
601 1350 681 1414 stunt,
700 1343 750 1421 qni
770 1338 802 1401 id
818 1360 865 1399 ee·

56 1436 174 1497 lerriure
216 1446 425 1519 procurareutz
469 1437 590 1498 meliore
625 1432 744 1515 quidem
772 1453 864 1495 eausa

57 1527 172 1608 Regiis,
192 1528 250 1591 sed
270 1533 393 1604 nrirrore,
415 1550 501 1611 qnam
518 1530 615 1591 bleeei
637 1527 778 1599 lecerunt,
799 1545 864 1607 pro·

56 1620 204 1692 ridentia,
236 1633 267 1684 et
287 1620 456 1702 diligentia,
486 1643 546 1684 nou
572 1626 640 1684 sine
659 1640 770 1681 esrrsee
790 1621 865 1700 peri·

57 1715 135 1790 rulo,
156 1716 319 1778 utentibus.

165 2104 280 2179 neu
310 2101 400 2178 xv
427 2094 758 2192 annutante,

308 2319 438 2366 818810
466 2319 614 2366 virttis.

986 411 1430 489 colummanus
1459 411 1665 511 pacm,

922 558 944 605 u
975 544 1104 607 urano
1139 551 1353 602 uoscnvrnr
1384 552 1477 602 nucu
1513 554 1675 604 rurrrar
1709 561 1729 604 a

922 646 1234 697 senurouourns
1254 644 1561 695 nauasruruauo
1576 648 1731 697 concas

923 742 1000 802 sne,
1019 742 1065 789 ar
1083 740 1152 789 reu
1173 732 1370 787 sunourur
1390 738 1531 786 unsrun
1551 736 1730 789 recurunt

923 833 1170 884 rnnusacrnu
1189 833 1227 879 ru
1247 830 1628 893 zuenesoemrruuo,
1650 836 1678 885 e
1699 834 1730 882 u.

1094 913 1181 990 1582,
1199 924 1259 973 nra
1281 931 1313 971 rs
1337 914 1558 987 iduvum).

939 1098 943 1105 =
998 1067 1041 1131 Ut
1059 1067 1144 1129 Suae
1162 1065 1337 1150 blajestatis
1357 1066 1524 1137 exereitus,
1543 1066 1643 1128 soluts
1663 1065 1730 1127 Ple·

924 1163 1045 1223 seoviae
1057 1160 1215 1222 obsidione
1227 1179 1246 1221 e
1264 1157 1427 1220 ditionibus
1439 1157 1541 1220 llloaei
1554 1158 1728 1221 deducatur.

1001 1254 1142 1315 lucendio
1168 1259 1198 1314 et
1227 1270 1363 1332 agrorum
1397 1251 1606 1331 populationes
1636 1251 1731 1332 probi·

924 1348 1059 1409 beautau.
1433 1390 1436 1395 -

1000 1439 1042 1503 Ut
1062 1438 1245 1501 decennales
1264 1437 1402 1499 induciae
1421 1435 1538 1499 dentur.

1001 1532 1043 1595 Ut
1072 1551 1160 1593 eroes
1197 1533 1227 1591 in
1259 1531 1430 1606 dioscoris,
1466 1552 1546 1592 anno
1577 1531 1732 1612 superiore

924 1636 1033 1708 eaptae
1054 1624 1272 1695 l'elieolueunr,
1300 1622 1440 1693 Clreluo,
1464 1624 1647 1699 Zsroloese,
1671 1623 1732 1687 Ne·

923 1720 1010 1796 reiis,
1024 1730 1084 1782 ursa
1096 1725 1128 1779 et
1138 1737 1216 1798 quae
1228 1715 1287 1777 boo
1305 1734 1395 1785 anuo,
1410 1713 1542 1793 Oneon,
1563 1715 1734 1796 Crssnybo.

923 1812 1024 1890 rodee,
1043 1810 1217 1880 l'oroneeia,
1233 1807 1360 1878 Velieia,
1371 1812 1529 1888 ceteraque
1553 1809 1679 1871 castelle
1692 1808 1732 1869 sd

923 1903 1732 1987 Pleeunriampertiuoutieeutntnrsreutis,etappsrstu

923 2001 1049 2076 bellico,
1083 2017 1162 2079 quae
1197 2002 1325 2057 exustae
1344 2014 1403 2054 oon
1434 1993 1730 2066 esseutreddsntur.

1000 2092 1034 2153 ln
1060 2089 1221 2170 praeurium
1248 2087 1368 2158 bomin,
1400 2089 1529 2165 blegnus
1553 2086 1732 2149 bloeeorise

924 2185 1006 2257 llus,
1025 2184 1163 2245 omnibus
1181 2181 1303 2244 sreibue
1321 2185 1352 2240 et
1371 2180 1634 2258 possessionibus,
1655 2200 1733 2260 quas

925 2281 954 2339 iu
975 2277 1101 2339 hironio
1120 2293 1299 2355 quoeunque
1326 2274 1412 2335 nudo
1437 2275 1591 2356 quaesitus
1618 2272 1735 2345 babuit,

842 2386 855 2403 ··
925 2392 990 2433 en·
1016 2368 1173 2431 tormentis
1197 2366 1314 2427 bellicis
1339 2374 1370 2426 et
1391 2367 1640 2441 srmonentsriis,
1665 2386 1733 2427 euna

137 2555 212 2616 i'nnr
232 2575 269 2615 eo
291 2551 395 2626 biduo,
423 2549 503 2634 qued
528 2551 605 2614 bane
631 2550 708 2612 diem
729 2570 865 2633 praeces·

59 2655 157 2720 serat,
185 2650 310 2709 unxina
331 2649 436 2706 itemru
456 2648 533 2706 inter
555 2646 690 2724 largatos
714 2645 866 2705 coorientio

59 2741 183 2811 luisset,
215 2742 330 2802 Moseie
356 2743 387 2800 in
414 2741 480 2799 suis
499 2737 606 2799 saltem
627 2738 735 2799 litteris
754 2734 866 2796 adseri·

59 2834 132 2895 bere
158 2833 344 2905 uolentibus,
372 2851 449 2911 qrras
476 2829 556 2907 Regi
588 2850 675 2891 arces
705 2827 866 2899 truderent,

61 2946 116 2985 eae
134 2946 206 2986 men
226 2946 263 2985 es
279 2926 379 3001 bingen
393 2923 490 2982 l)ueis
510 2926 615 3002 putria,
635 2941 690 2983 seu
710 2928 789 2982 terra
810 2929 865 2982 tra·

61 3016 149 3078 dere:
177 3015 206 3077 id
231 3036 302 3077 reru
329 3016 418 3094 liegii
445 3014 561 3075 lortiter
586 3013 766 3086 abstraerent,
786 3010 867 3094 quod

60 3110 212 3184 dieereut,
238 3131 274 3171 en
295 3111 381 3189 quusi
405 3110 475 3188 jure
501 3106 582 3167 illurn
608 3126 729 3167 nuruum
749 3109 779 3168 iu
801 3107 867 3167 reli·

60 3224 118 3285 qua
136 3204 262 3266 Lironia
283 3199 436 3275 tentanda,
457 3218 545 3280 qnam
567 3199 643 3278 Regi
665 3198 745 3259 bared
766 3197 865 3261 dedis·

60 3304 125 3357 set:
156 3296 194 3358 ab
221 3295 329 3374 Regiis
349 3296 455 3354 iterum
480 3294 563 3372 jussi
589 3300 662 3353 aurit
685 3291 802 3366 Mosei,
834 3299 865 3352 ut

60 3388 216 3451 blesorum
235 3408 268 3449 re
287 3385 398 3448 iul'eeta
417 3385 544 3459 abirent,
566 3387 624 3446 arisi
644 3384 754 3446 uellent
772 3384 811 3445 ab
829 3404 866 3446 eo

61 3485 216 3565 proposito
237 3480 400 3542 abstinere.
431 3474 496 3539 seu
515 3497 583 3538 eum
603 3480 766 3542 Arttnuiuru
783 3478 867 3540 illus·

62 3578 89 3635 ei
110 3573 263 3655 supplices
283 3579 439 3654 rogarent,
464 3574 496 3631 ut
522 3591 608 3631 ettam
628 3568 726 3631 adbuc
746 3591 868 3650 operum

62 3687 99 3727 ea
124 3669 153 3727 in
185 3688 218 3728 re
243 3671 461 3747 interponeret,
490 3662 665 3744 Regiosqne
698 3659 868 3724 discessum

61 3764 257 3822 comminatus
277 3762 446 3819 rettineret:
468 3758 514 3817 sie
534 3777 571 3817 eo
591 3755 706 3827 alboin,
726 3764 868 3835 quantun

62 3874 138 3935 opus
160 3861 234 3927 erat,
254 3852 384 3924 lurrretus,
405 3849 531 3921 bloeeis,
551 3858 585 3909 ut
594 3848 683 3910 rerba
704 3848 754 3909 illa
774 3851 869 3911 esuis

61 3946 170 4006 litteris
191 3943 362 4015 eraderent,
388 3943 550 4023 persuasit.
604 3939 680 4002 Tun
704 3939 795 4001 simiel
814 3941 870 4004 Le·

62 4041 124 4116 gau
145 4039 369 4105 antevenientes,
391 4035 498 4094 litteris
518 4034 595 4114 ipsis
609 4032 708 4095 adbuc
718 4032 871 4114 perlectis,

62 4134 170 4208 iisque,
191 4127 468 4207 aoPlenipotentiie
487 4144 609 4187 suoruru
630 4124 802 4207 Principum
828 4130 870 4187 in·

61 4226 158 4282 tieem
180 4218 218 4279 de
239 4240 320 4279 nrore
339 4217 475 4296 traditis,
500 4228 534 4280 ut
558 4238 636 4299 quae
659 4228 745 4280 erurrt
763 4218 869 4298 Magni

64 4315 161 4377 lineis
181 4311 310 4390 Regiis,
337 4331 413 4390 quae
442 4312 532 4392 liujus
559 4319 664 4373 emerit
689 4312 806 4374 blancis
825 4332 869 4373 re·

63 4410 282 4488 linquerentur:
303 4400 426 4464 sebedie
446 4407 516 4467 ite·
538 4402 576 4465 de
589 4411 799 4466 tonneutorurn
819 4424 870 4467 uu·

65 4519 156 4574 mero,
175 4498 359 4577 reliquisque
379 4498 489 4557 areium
506 4496 728 4574 maturitiouibus,
749 4498 788 4561 sb
801 4500 871 4561 utri·

64 4590 321 4673 usquel'riueipis
335 4588 524 4663 Secretnriis,
544 4592 595 4670 qui
615 4601 763 4653 enerventur
784 4594 871 4653 inter·

65 4685 196 4756 luemrrt,
226 4682 373 4744 bliebaele
392 4680 586 4759 llsraburds,
612 4692 643 4745 et
667 4682 773 4746 niun
795 4684 871 4747 llas·

65 4798 159 4839 senes
178 4775 374 4856 subscriptis:
395 4795 462 4835 eum
482 4773 571 4853 Regii
589 4775 628 4837 ab
649 4778 783 4839 Antonio
806 4799 873 4859 pro·

66 4873 256 4932 testationem
276 4866 314 4928 de
334 4867 448 4948 reliqna
467 4866 592 4929 Livouia
619 4869 795 4949 petiissent,
821 4889 872 4949 ps·

66 4983 130 5023 cem
148 4958 359 5043 jurejurando,
388 4959 602 5041 ehirogrepbo,
632 4963 730 5023 erucis
756 4960 874 5035 osculo,

66 5075 166 5117 eoram
193 5056 342 5128 Antonio,
370 5056 399 5113 in
426 5056 495 5134 ejus
521 5051 668 5133 bospitio,
699 5062 871 5117 senserunt.

66 5145 159 5227 Quod
178 5144 219 5208 sd
238 5146 299 5208 bei
319 5146 444 5225 gloriam
465 5147 521 5221 sit,
541 5147 650 5208 Amen.
679 5144 713 5208 lu
734 5145 872 5209 Cbirero·

66 5262 103 5304 vs
122 5240 236 5315 unes,
253 5234 305 5299 die
324 5238 361 5297 lb
379 5236 515 5301 drausii
538 5237 621 5299 teta.

924 2466 1035 2546 quibus
1052 2484 1107 2525 eae
1126 2466 1248 2542 ceperat
1267 2457 1355 2519 cedit.

1000 2556 1069 2621 uon
1099 2560 1214 2636 repetet
1247 2573 1336 2614 arces
1374 2550 1530 2623 t'etistae,
1566 2550 1735 2621 Usriatunt,

924 2651 1126 2719 desierisese,
1144 2646 1303 2713 Soeoluu,
1321 2651 1499 2723 arensque
1520 2644 1598 2705 bello
1618 2649 1734 2724 eaptus,

925 2752 956 2806 et
974 2744 1013 2806 ad
1034 2742 1186 2803 Poloeian
1206 2743 1394 2820 speetonles.
1790 2744 1799 2757 ·

1002 2836 1100 2897 Arcen
1112 2835 1142 2893 lu
1161 2832 1287 2893 Lisonis
1298 2831 1398 2891 slstin
1409 2848 1446 2889 ac
1462 2829 1555 2909 prirnn
1572 2827 1638 2887 loeo
1660 2828 1733 2889 Der·

925 2940 1037 3012 pratum,
1055 2926 1200 2995 Feliuurs,
1219 2924 1377 2992 Petuaria,
1396 2930 1428 2983 et
1446 2918 1676 2993 Noroborodee,
1695 2941 1733 2982 es

924 3028 1009 3105 perte
1019 3020 1121 3084 Mosei
1126 3018 1287 3080 tradentur.
1306 3015 1454 3094 Reliquae
1462 3034 1532 3075 tero
1545 3033 1649 3073 enarer
1662 3019 1733 3074 suls

925 3116 1081 3194 prusinum
1095 3113 1175 3173 diem
1193 3115 1325 3190 quartas
1350 3106 1465 3179 blartii,
1491 3126 1614 3186 qusrun
1640 3106 1733 3168 ieries

924 3214 974 3269 est
998 3210 1066 3269 istu.
1107 3202 1344 3279 Celsenbousen,
1371 3201 1570 3277 Creutaborffl
1596 3198 1733 3276 bunden,

924 3301 1072 3375 Rositen,
1091 3298 1205 3373 Leaen,
1216 3295 1342 3365 Festen,
1360 3294 1553 3372 Sessvegan,
1566 3290 1733 3353 Sebrants·

925 3397 1033 3474 baurg,
1053 3389 1301 3464 Marionlrsnsen,
1322 3387 1510 3465 liuntsborg,
1535 3383 1649 3457 Adaei,
1669 3384 1734 3447 Tri·

926 3493 1031 3563 esten,
1060 3485 1265 3563 llarieuburg,
1297 3481 1420 3551 l'olnur,
1453 3477 1598 3553 l’ereltel,
1629 3477 1731 3553 Sales,

926 3581 1017 3642 Stura
1027 3579 1173 3648 l'ernar-r,
1193 3576 1298 3639 Auder
1315 3574 1411 3645 Filtel,
1430 3572 1595 3651 Mergens,
1615 3572 1734 3633 Cukeu·

927 3673 1019 3747 brim,
1051 3670 1143 3741 beel,
1173 3670 1274 3740 Lede,
1304 3666 1434 3746 idapem,
1461 3666 1574 3727 Sernota
1599 3664 1734 3743 Brigiltu,

929 3766 1112 3844 Fegsseser,
1131 3762 1215 3833 biel,
1235 3760 1411 3833 llorebulrn,
1443 3757 1598 3829 Neisslos,
1617 3756 1735 3818 Falcul-

928 3860 989 3928 len,
1008 3856 1097 3936 Bialy
1118 3856 1252 3927 Camleo,
1271 3853 1391 3927 Narem,
1415 3850 1580 3921 Talkinon,
1596 3848 1734 3919 i'orlretb,

928 3951 1087 4028 Keserupe,
1107 3948 1291 4019 0ldeutnrn,
1312 3944 1464 4015 Neilraus,
1484 3940 1631 4022 Odeum,
1650 3940 1735 4001 Sum·

928 4042 1050 4122 merprl,
1069 4039 1240 4115 Carelielrt,
1261 4039 1387 4106 Ultaeu,
1406 4034 1577 4109 i‘urttztetlr,
1598 4032 1735 4101 liaudeo,

928 4138 1062 4215 llingen,
1089 4133 1276 4213 Oberpolen,
1297 4131 1387 4206 Lais,
1407 4128 1556 4203 terr-ees,
1577 4125 1737 4199 isenrartlr,

928 4228 1088 4292 Asseratb.

1003 4321 1055 4384 Ex
1079 4324 1163 4403 purte
1187 4316 1307 4379 uorem
1331 4325 1363 4377 et
1387 4317 1508 4377 aliarum
1528 4317 1657 4385 areium,
1682 4333 1737 4395 por

930 4417 1164 4479 Sereuissiruunr
1184 4411 1301 4492 Regem
1320 4412 1452 4471 Sueeiue
1479 4420 1646 4489 enptsrurn,
1671 4426 1736 4488 prn

928 4510 1030 4573 testati
1054 4512 1126 4570 sunt
1155 4504 1261 4583 Legati
1287 4503 1481 4566 serenissimi
1507 4501 1651 4561 l'olnniao
1678 4497 1737 4557 Re·

929 4608 977 4686 gis
1001 4623 1088 4665 susm
1113 4599 1321 4681 majestate-3
1350 4618 1409 4658 nou
1438 4597 1578 4657 obstante
1602 4592 1737 4672 preities·

929 4702 1020 4769 tione,
1035 4699 1089 4778 jus
1108 4712 1196 4755 suun
1217 4697 1450 4768 prosecuturum.

1005 4781 1397 4866 Anteprseseriptsudiem
1417 4783 1549 4859 quartam
1568 4775 1680 4845 blartii,
1701 4794 1739 4837 es

929 4909 1082 4928 μ

1007 4966 1026 5017 'l
1046 4969 1132 5013 (isses
1158 4974 1253 5021 opero·
1280 4960 1376 5007 aaroni
1403 4958 1528 5006 rosseum
1553 4956 1673 5003 editiores
1698 4967 1738 5002 rs·

932 5064 988 5107 rest
1006 5060 1051 5103 bec
1070 5057 1184 5114 usticula,
1204 5054 1320 5113 sedspud
1333 5053 1444 5099 Josssem
1465 5049 1582 5099 bsslsiusr
1603 5051 1647 5103 (lte
1667 5049 1739 5095 uuas.

931 5154 1039 5201 mucor.
1067 5151 1094 5195 et
1119 5149 1185 5195 tart.
1205 5146 1271 5195 ritu.
1291 5150 1339 5193 ete.
1358 5158 1383 5204 p.
1406 5140 1565 5195 ars-ars)
1581 5143 1630 5197 tau
1650 5142 1741 5197 exerat,

931 5245 993 5293 mdo
1012 5254 1063 5289 ess
1086 5239 1191 5289 smmi
1211 5242 1236 5287 st
1256 5243 1302 5287 sse
1321 5238 1404 5287 retuli.

1370 5326 1397 5381 'b
