3742 5626
129 212 183 271 lbi

130 396 196 435 rurae
215 372 331 453 legatus
352 391 418 432 euru
439 368 572 431 l‘olonls.
614 368 727 431 llostes
746 364 785 431 ad
806 370 931 449 primum

129 464 259 549 praedae
278 474 432 547 aspectum
453 483 520 524 nrox
540 470 711 544 errrmpunt:
738 463 881 541 protracti
903 462 932 520 in

130 560 226 621 locum
248 556 420 618 insidiarum
441 554 479 616 ab
499 554 650 633 ssrarrgaria
665 554 802 616 celeriter
812 572 932 615 sorssor-

130 651 268 731 gentibus
289 648 491 731 profligantur.
521 646 639 723 Potoni,
661 650 710 727 qui
730 649 879 708 remotiori
892 644 930 705 ab

130 748 167 805 iis
188 744 255 803 loco
275 748 368 815 erant,
388 748 567 821 propterque
587 748 776 823 praeruptum
802 760 857 821 per
881 758 931 819 op·

67 858 72 869 ·
129 838 246 919 positos
267 834 361 895 colles
380 852 549 907 ascensum,
567 832 707 895 arnbitum
728 853 835 915 capere
845 852 931 911 coge-

129 928 245 1003 boratur,
259 924 436 1006 coralligendi
450 947 516 987 cum
531 925 618 988 bosle
628 925 771 989 laccrltatc
782 946 840 987 non
851 924 931 999 dato,

128 1042 148 1083 a
167 1020 270 1083 dextra
288 1022 399 1101 impetu
419 1020 450 1079 in
470 1038 537 1079 enm
556 1017 646 1093 lacto,
666 1018 878 1081 inclinatamin
891 1016 931 1079 el-

127 1112 268 1175 lusiorem
279 1112 593 1194 lugampraecipitant,
613 1114 852 1192 conjunctimque
865 1130 931 1171 cum

127 1206 279 1286 Herragaris
298 1203 337 1266 ad
357 1206 473 1265 amunia
499 1224 595 1285 usque
621 1207 824 1287 insequuntur.
863 1204 931 1266 Etsi

127 1301 177 1381 qui
196 1302 290 1380 prium
310 1298 379 1359 loco
398 1294 596 1359 consederant
612 1296 755 1377 llungari,
775 1296 931 1357 lectissimi

128 1394 245 1473 equites
265 1399 385 1461 essent,
415 1410 452 1451 ac
480 1392 510 1450 in
537 1390 585 1451 bis
614 1388 723 1451 Petram
748 1388 928 1460 llatlroreos,

127 1484 280 1565 Georgius
293 1482 439 1559 Sibe-icus,
459 1503 496 1544 ac
507 1480 643 1545 loannes
654 1481 801 1564 Collnjus,
812 1504 928 1545 omnies·

126 1598 184 1659 que
203 1578 447 1659 generosissimis
460 1578 545 1657 equis
566 1574 722 1637 'l'braeieis
741 1576 928 1653 reiterentur,

124 1670 388 1733 bloscociticorum
401 1678 500 1731 manen
517 1687 667 1749 eqnmum,
682 1672 817 1749 qnannis
831 1671 851 1730 ii
869 1688 927 1731 ma·

124 1784 213 1843 gnam
232 1770 346 1845 partem
366 1765 448 1845 parci
468 1782 505 1822 ac
523 1758 672 1823 deformes
696 1770 776 1838 sunt,
803 1765 927 1843 pernici·

124 1864 215 1917 tatem
236 1856 358 1937 assequi
378 1858 427 1917 cix
446 1862 620 1937 potuerunt3
640 1854 735 1936 primo
755 1863 853 1917 tamen
875 1858 926 1916 im·

124 1955 196 2030 peta
215 1950 335 2027 triginta
356 1950 476 2009 circiter
507 1944 672 2024 interlecti,
701 1968 739 2009 ac
768 1944 925 2009 duodecim

123 2040 256 2123 Bojarici
280 2042 415 2120 generis,
442 2043 472 2101 in
496 2040 594 2120 iisque
618 2042 744 2103 maxime
774 2049 925 2117 succinus,

122 2155 159 2194 ac
179 2132 355 2196 militaribus
373 2131 556 2195 facinoribus
576 2130 691 2213 aliquot
709 2141 798 2196 notus
814 2132 925 2195 Petrus

124 2226 324 2289 Coltociscius
349 2228 429 2305 eapti
455 2224 584 2285 luerunt.
624 2224 658 2285 ln
686 2224 841 2287 conmmdo
867 2226 925 2287 boc

123 2326 248 2399 accepto
258 2318 416 2397 Serszcins
427 2336 533 2377 aversa
543 2326 628 2398 porta
639 2318 803 2399 majoribus
813 2320 926 2401 aliquot

121 2410 277 2471 tormentis
296 2428 404 2487 magno
424 2408 535 2481 labore,
555 2406 595 2469 ad
614 2410 691 2471 imas
709 2413 784 2471 aerari
810 2420 841 2471 et
859 2432 925 2493 pro-

121 2499 354 2584 pugnaculorum
374 2500 523 2563 lerncstms
542 2498 700 2566 demissis.
726 2503 852 2584 locoque
872 2524 923 2585 op·

120 2602 248 2675 qrortuno
269 2614 328 2655 non
347 2595 451 2675 procul
470 2614 488 2655 a
507 2592 604 2655 fossis
613 2592 697 2657 urbis
709 2614 815 2675 magrm
824 2596 922 2677 sclop-

119 2690 297 2769 petariorum
317 2706 406 2747 manu
426 2686 586 2763 occultata,
606 2686 735 2749 subinde
753 2692 922 2769 viginticir·

118 2780 194 2841 citer
212 2782 345 2861 equites,
374 2780 424 2861 qni
448 2788 570 2841 nostros
595 2782 640 2845 cis
665 2778 772 2841 flumen
797 2782 920 2843 l’leseo·

117 2876 193 2933 riam
213 2874 243 2932 in
263 2870 443 2933 stationibus
468 2875 584 2953 positos
611 2872 810 2948 incesserent,
829 2884 920 2957 atque

118 2968 147 3025 in
163 2960 291 3023 insidias
307 2963 528 3045 pertraherent,
548 2964 716 3039 emittebnt3
734 2988 835 3027 vemm
853 2988 920 3029 eum

118 3058 294 3119 eamrrsionc
320 3054 450 3116 bostium
483 3058 622 3117 nunciata
641 3056 819 3121 Zaraoscius
852 3062 919 3141 ipse

118 3168 184 3209 enm
203 3146 298 3209 tribus
322 3150 427 3209 turmis
452 3150 582 3229 equitum
607 3148 714 3211 brunnen
738 3154 919 3229 barrsiisset,

117 3244 225 3325 quique
244 3242 274 3299 in
288 3239 404 3301 insidiis
416 3238 624 3315 consederant,
643 3240 682 3303 ad
698 3244 821 3323 primum
831 3246 919 3307 canius

117 3334 226 3411 equitis
244 3340 446 3411 conspectum,
465 3352 553 3413 quem
573 3336 697 3415 propius
716 3332 756 3397 ad
766 3336 863 3397 locum
877 3340 919 3399 in·

116 3422 258 3484 sidiarnm
279 3420 424 3485 accedere
448 3422 625 3487 Zamoscius
647 3428 796 3505 jusserat,
821 3428 917 3511 sclap-

116 3522 204 3597 petos
224 3511 264 3577 ad
289 3534 378 3575 unum
401 3534 504 3577 omenes
529 3520 680 3580 incassum
706 3520 916 3601 explosissent,

115 3607 182 3669 sola
203 3606 264 3669 lere
284 3606 366 3669 urbis
385 3609 601 3691 propinquitas,
621 3620 652 3673 et
664 3610 747 3674 lossa
762 3618 852 3695 equiti
865 3614 916 3676 ob·

110 3702 205 3781 jecta,
225 3719 284 3782 quo
304 3702 402 3762 mineus
432 3702 667 3775 conciderentur,
699 3704 803 3769 hostes
830 3712 913 3771 texit.

115 3794 193 3855 llum
214 3790 290 3855 baec
309 3792 348 3857 ad
366 3793 630 3875 urbemgeruntnr,
650 3794 914 3863 adveneruutinte·

113 3889 167 3947 rim
187 3886 294 3965 legati
315 3906 333 3947 a
352 3884 462 3948 Mosco
482 3888 520 3949 ad
540 3888 719 3971 colloquium
740 3894 834 3967 missi,
855 3894 914 3957 lle·

114 3982 235 4041 metrius
260 3978 298 4039 P.
318 3976 397 4041 tilius
417 3980 566 4053 delectus,
589 3980 743 4045 Romanus
763 3986 801 4047 B.
833 3986 914 4048 lilius

113 4070 309 4152 (llpbirionis,
329 4092 442 4153 proque
460 4074 559 4137 scriba
580 4074 640 4135 illis
651 4074 813 4157 adjmrctus
824 4080 912 4141 Nico·

111 4164 177 4225 laras
198 4162 395 4225 Bassorecus.
435 4168 475 4227 lis
488 4166 654 4229 l’ossecino
674 4190 740 4231 cum
762 4170 912 4251 praesidio

112 4255 256 4317 l'olonico
277 4256 351 4315 ultra
370 4256 535 4319 Porcnvam
556 4260 672 4322 obviarn
698 4262 849 4345 prolecto,
875 4288 912 4328 ae

110 4369 177 4409 nrox
197 4350 308 4409 nostris
333 4370 449 4431 qnoque
474 4352 585 4431 legatis
610 4354 798 4429 subsecutis,
822 4359 910 4439 paulo

109 4451 181 4525 post
199 4442 313 4501 initium
333 4442 440 4521 agendi
467 4442 505 4504 de
525 4466 599 4526 pace
624 4445 734 4508 lactum
754 4448 818 4508 luit.
859 4451 909 4511 alb

109 4538 192 4597 initio
210 4532 249 4595 de
260 4532 391 4597 Sneciae
404 4538 488 4616 llege
501 4536 621 4599 loedere
631 4540 909 4620 comprehendendo

667 200 902 271 ammittant
924 201 1250 267 lllilllliNS'l'Elel

990 386 1065 447 pace
1085 366 1395 449 comprehenderetur,
1415 367 1566 449 pollicitus
1586 370 1614 429 cl
1635 366 1801 431 lacerataac

989 460 1174 521 Passerinus
1195 480 1312 542 quoqne
1333 462 1421 521 lrorrro
1441 464 1517 523 inter
1536 460 1698 542 Principes
1717 460 1799 523 Cirri-

987 552 1105 615 stianos
1130 555 1215 635 pacis
1249 551 1454 615 conciliandae
1483 551 1712 635 cupidissimus,
1744 554 1798 617 boe

989 643 1067 705 idem
1088 666 1204 705 srrnrmo
1225 644 1328 706 stradin
1349 645 1565 721 contendebat,
1590 655 1625 707 nt
1644 648 1796 709 actionum

990 734 1029 798 de
1048 759 1124 819 paee
1145 740 1258 799 initimn
1278 738 1316 799 ab
1337 760 1374 799 eo
1394 738 1488 813 lieret,
1508 740 1619 817 legatis
1640 740 1796 801 mandare-

989 838 1045 892 rat·
1087 832 1155 909 Qua
1182 834 1213 891 in
1233 852 1266 891 re
1285 830 1353 891 darm
1375 832 1526 903 baccetur,
1551 830 1725 895 Bobdanus
1740 838 1785 915 qni

991 920 1058 984 dnm
1086 927 1215 985 omnium
1244 925 1402 1003 legationis
1429 926 1498 1005 ejus
1523 945 1705 987 arcanorum
1733 948 1793 989 cou-

989 1017 1111 1079 scinsm
1130 1016 1239 1096 legatis
1249 1018 1457 1078 lloscociticis
1471 1015 1510 1079 ad
1527 1018 1701 1080 Palatinum
1712 1018 1792 1081 Bras-

989 1108 1151 1171 lavienscm
1171 1108 1341 1189 transfugit,
1367 1110 1406 1171 ab
1426 1130 1522 1191 eoque
1541 1110 1581 1173 ad
1602 1110 1792 1175 Zamosciura

988 1206 1090 1265 statim
1110 1206 1248 1273 mittitur:
1278 1202 1317 1263 ab
1350 1224 1387 1263 eo
1414 1203 1489 1266 baec
1515 1204 1634 1281 legatos
1656 1204 1793 1268 marrdata

987 1294 1098 1357 babere
1117 1295 1295 1359 Zamoscius
1315 1300 1489 1373 cognoscite
1519 1299 1555 1357 Si
1575 1296 1699 1377 Regem
1719 1320 1792 1361 excr-

988 1390 1136 1471 citumque
1155 1410 1174 1451 a
1194 1388 1353 1450 l'lescocia
1372 1387 1556 1451 discessisse
1583 1390 1792 1471 intelligerent,

986 1502 1162 1564 quacunque
1184 1502 1276 1543 eausa
1301 1484 1476 1563 interposita
1503 1482 1690 1563 colloquium
1713 1486 1792 1547 tolle·

986 1582 1062 1649 rent,
1082 1576 1109 1635 si
1129 1573 1315 1637 obsidionem
1336 1574 1487 1637 obstinate
1512 1578 1685 1639 coratiuuari
1704 1582 1791 1641 seati-

985 1676 1059 1740 rent,
1079 1670 1146 1727 siue
1165 1666 1270 1729 lracrde
1288 1666 1327 1729 dc
1347 1688 1423 1749 pace
1442 1677 1575 1747 agerent.
1597 1670 1678 1733 Eam
1697 1680 1792 1733 aulem

985 1759 1043 1821 lroc
1062 1758 1102 1821 ad
1121 1768 1283 1823 extreruum
1304 1758 1528 1837 concluderent,
1547 1770 1582 1825 ut
1600 1766 1631 1825 si
1652 1762 1722 1827 Rea
1736 1766 1790 1829 lm·

984 1870 1039 1913 eos
1057 1852 1175 1933 aliaque
1193 1873 1270 1935 quac
1288 1852 1494 1937 superioribus
1512 1858 1602 1917 arenis
1627 1860 1789 1939 coepisset,

983 1952 1102 2025 praeter
1121 1946 1268 2009 Velisinm
1289 1968 1326 2009 ac
1346 1950 1514 2009 carricersum
1535 1948 1688 2011 Dacatnm
1708 1952 1789 2013 l'olo

983 2040 1122 2111 tiensem,
1143 2060 1220 2120 qnae
1239 2040 1316 2119 Regi
1337 2038 1534 2117 concedebat,
1553 2041 1614 2103 sibi
1641 2042 1788 2119 redderet,

982 2133 1120 2193 carricersa
1145 2132 1270 2194 livonia
1296 2135 1324 2193 ei
1353 2130 1543 2195 decederent.
1588 2136 1699 2215 Legati
1725 2158 1787 2198 cam

983 2222 1096 2303 Regem
1116 2222 1235 2305 quidem
1254 2224 1454 2300 discessisse,
1473 2222 1665 2291 obsidionem
1686 2230 1786 2291 nibilo-

983 2319 1080 2377 minns
1101 2320 1197 2395 urgeri
1217 2316 1501 2395 acrioradverterent,
1525 2334 1724 2385 accesserant
1749 2322 1785 2385 ael

982 2407 1170 2471 conditiones
1189 2411 1306 2491 aliquas
1327 2414 1429 2493 pacisa
1447 2409 1506 2473 sed
1524 2432 1591 2475 cum
1611 2412 1653 2475 ob
1671 2420 1786 2479 saeris

979 2504 1072 2562 simas
1091 2501 1197 2564 biennis
1225 2507 1350 2584 injurias
1378 2512 1617 2587 commeatumque
1641 2512 1725 2569 ourani
1747 2514 1786 2571 ri·

979 2596 1048 2654 cino
1067 2614 1140 2673 agro
1158 2604 1277 2657 vastato
1301 2600 1460 2677 urrgrrstias
1475 2594 1598 2659 subinde
1616 2600 1784 2662 incommo-

979 2684 1048 2747 dam
1068 2688 1195 2769 aliquem
1210 2710 1354 2751 rumorem
1377 2688 1417 2751 de
1437 2692 1558 2752 exercitu
1573 2700 1784 2771 aspectarent,

978 2782 1077 2841 varias
1097 2782 1213 2843 iuterim
1233 2801 1332 2843 moras
1352 2782 1585 2865 interponebant,
1617 2780 1723 2865 deque
1743 2786 1784 2847 le-

976 2873 1111 2935 cissimis
1130 2874 1299 2955 quibusque
1317 2874 1419 2952 rebus,
1437 2872 1478 2937 ad
1494 2874 1666 2956 Principem
1687 2880 1784 2941 mirai-

977 2964 1098 3040 tabaut3
1138 2970 1302 3049 scripserat
1331 2990 1368 3031 ca
1395 2970 1501 3031 itinere
1524 2964 1565 3029 ad
1589 2966 1779 3033 Zamoaciua

977 3055 1175 3135 Possevirms,
1195 3058 1367 3122 ostendisse
1385 3061 1445 3123 sibi
1463 3062 1591 3141 legatos,
1612 3080 1720 3143 magua
1733 3086 1777 3125 ee

977 3148 1102 3231 piditate
1128 3151 1268 3214 llloscum
1294 3153 1423 3235 alicujus
1441 3154 1489 3217 vel
1516 3156 1645 3234 exiguae
1672 3156 1772 3217 salte·

975 3246 1120 3323 portionis
1139 3247 1202 3325 agri
1222 3245 1357 3308 Lironiei
1369 3245 1409 3309 ad
1418 3246 1533 3309 titulum
1542 3246 1691 3311 Lisoniae
1700 3268 1776 3311 ur·

975 3332 1105 3416 pandum
1124 3336 1297 3401 retinendae
1323 3342 1428 3401 teneri.
1472 3338 1656 3403 Zamoseius
1681 3340 1773 3403 liora

975 3434 1121 3504 castrum,
1141 3428 1358 3508 Sereneacum,
1378 3429 1636 3513 Navogrodeum,
1662 3431 1775 3497 deserta

974 3540 1031 3581 nec
1050 3525 1148 3601 magni
1168 3522 1284 3587 lrrrctus
1309 3524 1436 3589 castella
1456 3546 1493 3587 ea
1513 3524 1694 3589 conditione
1717 3528 1774 3589 reli·

974 3621 1087 3675 eturum
1107 3636 1143 3677 ac
1164 3617 1205 3677 illi
1231 3622 1444 3701 rescripserat,
1474 3626 1507 3679 ut
1534 3638 1636 3699 peaes
1667 3620 1773 3701 Reges

973 3706 1058 3779 larci,
1077 3706 1246 3783 Zaroloeia,
1266 3710 1379 3773 Nevela
1399 3718 1599 3773 remanerent.
1643 3712 1773 3775 Caruili

973 3796 1011 3859 de
1032 3801 1125 3863 Lucis
1144 3802 1225 3863 nulla
1247 3822 1283 3863 se
1309 3801 1449 3867 marrdata
1475 3802 1589 3867 babere
1613 3810 1772 3869 reamtias-

970 3900 1049 3970 seut,
1067 3896 1134 3955 sinc
1153 3896 1247 3957 Lucis
1266 3916 1304 3957 ne
1324 3897 1453 3977 palumm
1477 3894 1601 3977 quidem
1627 3908 1727 3963 teme
1747 3902 1772 3959 ia

970 3984 1096 4047 livonia
1121 4006 1157 4048 se
1183 3990 1211 4049 ei
1235 3990 1445 4070 permissurum
1470 3986 1621 4053 ostendit.
1662 3991 1771 4055 lateris

969 4078 1146 4141 Zamoscius
1165 4102 1231 4141 cram
1251 4086 1356 4163 copias
1377 4078 1533 4162 quaedam,
1556 4102 1641 4163 quae
1660 4086 1771 4149 l’lesee

968 4170 1122 4233 rierrsilms
1155 4173 1293 4236 subsidio
1322 4178 1523 4251 mitterentur,
1553 4174 1770 4259 Nosagardias

969 4266 1102 4327 contrabi
1122 4287 1221 4327 nrrrror
1240 4266 1280 4329 ael
1305 4272 1466 4329 exercitum
1493 4268 1638 4349 perlatus
1662 4270 1773 4345 luisset,

968 4357 1142 4439 Spitcouem
1165 4360 1330 4423 lordonum
1355 4364 1448 4423 virum
1480 4368 1657 4440 strenuum,
1690 4366 1774 4445 cnjus

968 4471 1034 4511 cum
1055 4452 1141 4527 alias,
1160 4462 1221 4515 tum
1241 4458 1272 4515 in
1292 4476 1390 4535 pugna
1403 4455 1602 4517 Dersavieusi
1620 4456 1773 4537 praeclara

967 4564 1058 4623 opcra
1078 4548 1182 4617 extitit,
1202 4552 1308 4609 lacrmis
1327 4548 1440 4628 aliquot
1458 4552 1593 4629 equitum
1611 4548 1772 4607 eiatmilru-

109 4628 293 4709 propositum
314 4626 378 4689 luit.
419 4630 485 4692 Etsi
514 4632 592 4691 enim
619 4640 838 4713 praereptarum
864 4656 907 4696 ar·
964 4638 1005 4695 tis
1026 4657 1063 4696 eo
1088 4640 1176 4698 misit.
1217 4638 1275 4701 llic
1303 4641 1483 4703 stationibus
1518 4640 1657 4713 hostien,
1687 4658 1771 4719 quae

110 4722 186 4779 cium
206 4722 332 4801 injuriae
352 4742 410 4783 non
437 4744 538 4805 parum
565 4726 691 4787 acriorum
719 4726 814 4805 Regis
839 4729 908 4791 alie·

109 4820 241 4885 nassent,
261 4812 339 4893 quod
360 4824 457 4877 tannen
477 4818 683 4898 superioribus
704 4820 832 4881 comitiis
849 4824 909 4883 rlrr-

110 4918 165 4959 nae
185 4900 318 4979 Reginae
340 4908 478 4986 precibus
498 4908 662 4981 adductus,
691 4932 767 4992 qnae
793 4919 908 4977 sororis

108 5008 182 5059 serae
203 4988 330 5057 Sueeiae
350 4996 484 5076 Reginae
503 5024 613 5082 amore,
638 5025 674 5065 ac
702 5004 834 5066 assiduis
862 5008 905 5069 lit·

107 5081 276 5151 teriavicta,
295 5106 390 5159 gerrua
404 5089 497 5169 ltegis
515 5096 658 5175 amplexa,
680 5118 716 5157 nc
729 5100 795 5159 siue
806 5104 905 5163 Sueeo

966 4750 1024 4789 non
1045 4731 1149 4811 procul
1168 4752 1185 4793 a
1205 4738 1297 4795 rrraris
1317 4754 1352 4795 sc
1372 4732 1578 4801 ostenderant,
1679 4736 1773 4815 napi·

966 4820 1087 4883 datione
1107 4826 1183 4885 intra
1203 4830 1318 4888 moenia
1338 4825 1503 4907 compulsis
1523 4824 1594 4887 urbi
1612 4828 1688 4909 ipsi,
1716 4846 1773 4889 ora-

964 4916 1053 4997 nique
1082 4920 1179 4977 sintina
1209 4938 1283 4997 agro
1315 4940 1452 4999 magnum
1481 4928 1635 4983 terronam
1669 4920 1772 4983 iutalit

964 5007 1098 5069 Errrrdcm
1119 5021 1285 5093 opportuno
1311 5011 1420 5073 deinde
1445 5016 1523 5073 inter
1546 5010 1724 5077 Porcorsaa
1747 5027 1771 5075 et

963 5099 1185 5179 Novogardiam
1210 5127 1287 5187 pago
1312 5104 1469 5167 considere
1492 5108 1613 5186 jussit,
1645 5106 1769 5171 eumad

92 5194 206 5253 pacem
225 5172 350 5249 Iac-eret,
371 5192 478 5244 ararat.
500 5183 633 5246 elatrarum
653 5210 688 5247 se
707 5210 843 5270 opernm,
870 5204 901 5255 ut
961 5192 1172 5258 srrbccctiones
1197 5200 1393 5281 subsidiaque
1423 5202 1451 5261 si
1476 5220 1558 5281 quae
1583 5200 1765 5267 Pteaeartee
