3742 5626
97 194 156 257 872

102 355 222 440 quidem
241 376 307 418 cum
329 353 398 416 illue
417 355 620 436 perverrieset,
647 356 761 431 onrnla,
787 372 865 436 quae
888 371 905 412 a

104 450 278 519 Patriarcba
298 447 442 523 audierat,
462 469 498 508 cx
519 445 623 508 ordine
643 451 782 510 namavit.

179 542 248 605 ilex
267 543 318 604 ubi
339 542 414 603 baec
435 539 593 612 intellexit,
624 545 750 603 maximo
774 558 908 601 moerore

104 636 228 701 abectus
248 646 310 708 cet3
342 631 423 715 quid,
443 637 554 715 inquit,
574 654 652 695 nune
671 633 790 695 consilii
810 634 907 712 capic-

104 731 191 793 mus‘l
218 729 328 790 Verum
351 728 563 808 omnipotentis
585 726 658 800 uei,
677 730 830 809 ipsiusque
851 722 906 785 Pa·

104 821 250 884 triarcbac
281 820 423 882 volrrntati
454 816 667 900 indulgendum
700 828 765 891 est,
800 837 906 878 conve·

104 920 187 977 uiant
206 918 306 994 itaque
326 913 469 995 Episcopi
490 932 602 985 omues,
623 920 712 994 atque
733 910 907 974 Arabimnn·

105 1008 202 1069 «trime
215 1006 346 1078 blaxirni,
360 1009 517 1086 corrrctique
530 1004 682 1088 praelecti.
705 1002 906 1082 Quamobrem

104 1104 205 1163 atatim
226 1097 333 1173 edixit,
354 1107 387 1161 ut
405 1100 548 1180 Episcopi
569 1118 688 1171 omnes,
715 1105 804 1178 atque
824 1116 907 1177 prae·

105 1194 176 1256 lecti
198 1191 343 1257 adessent
368 1195 396 1252 in
427 1191 549 1272 prolatio.
592 1191 802 1253 Cormenernut
820 1191 909 1268 igilur

106 1288 250 1368 Episcopi
275 1287 419 1357 universi,
451 1292 481 1347 ct
500 1283 757 1347 archimandritae
778 1281 909 1353 lrlaximi,

105 1400 269 1460 omnesque
290 1378 448 1460 praelecti,
474 1386 563 1458 atque
583 1381 613 1438 in
633 1378 720 1439 aulae
742 1372 839 1437 aredio
861 1395 908 1436 co·

104 1494 168 1535 ram
202 1471 287 1551 [tege
313 1469 468 1550 Synodum
499 1479 675 1550 coegenmt,
704 1474 735 1530 in
760 1489 819 1550 qua
849 1488 908 1529 uua

104 1586 179 1631 voce
199 1584 303 1627 omues
324 1563 543 1645 significarunt,
574 1583 637 1623 rem
657 1563 716 1624 sibi
737 1560 800 1622 iore
819 1563 908 1623 maxi·

105 1680 153 1720 me
173 1666 344 1738 acceptam,
374 1659 401 1717 si
422 1656 513 1716 vellet
538 1654 713 1717 Patriarcba
739 1654 908 1716 Constanti-

105 1750 297 1834 nopolitenus
308 1745 528 1811 oecumenicus
547 1757 610 1809 tota
630 1751 708 1811 vitae
728 1767 801 1808 suae
819 1767 909 1808 cursu

105 1842 341 1907 Patriarcbatum
367 1845 395 1902 in
423 1864 478 1903 eos
509 1861 665 1914 exercere,
699 1840 826 1922 illosque
851 1839 909 1901 sub

103 1958 159 2001 sua
179 1936 292 1999 ditione
312 1934 431 1996 babere.

181 2029 267 2091 Tunc
279 2026 356 2103 Rex,
365 2027 520 2110 Episcopi,
530 2030 681 2108 ceterique
699 2047 804 2090 omnes
814 2026 910 2108 Syno-

105 2123 175 2187 dun
220 2120 409 2186 celebrantes
451 2119 581 2182 nobilem
623 2123 717 2183 uirum
757 2118 909 2184 Andream

105 2216 284 2279 'laalcanem
307 2222 406 2275 aetate
427 2222 613 2293 provectum,
639 2214 766 2277 mirabili
784 2212 909 2296 pruden-

104 2314 163 2383 tia,
184 2307 334 2378 doctrina,
365 2314 396 2367 et
416 2308 523 2367 virtute
543 2306 724 2388 praeditum,
753 2307 909 2370 celeberri-

104 2422 258 2483 mumque,
277 2421 334 2463 nec
356 2420 414 2460 non
434 2418 605 2477 germanum
632 2403 700 2481 ejus
719 2400 838 2463 tratrem
858 2421 908 2462 no·

33 2492 39 2501 '
104 2495 195 2557 bilem
221 2492 368 2556 Basiliam
394 2495 551 2567 miserunt,
584 2496 634 2573 qui
659 2492 775 2573 Synodi
809 2492 909 2556 decre·

104 2598 167 2650 tum
186 2586 380 2649 Patriarcbae
404 2585 557 2647 referrent
597 2586 637 2648 lli
668 2607 757 2668 quum
781 2584 820 2647 ad
845 2585 908 2648 bla-

104 2685 214 2744 ximum
242 2676 462 2754 Patriarebam‚
501 2681 608 2739 rimam·
625 2679 736 2761 ubique
765 2688 909 2744 terrama

104 2792 251 2856 nunqnam
272 2774 350 2833 satis
369 2767 635 2833 commendandum
653 2775 817 2850 uenissent,
850 2792 909 2835 ma·

104 2887 162 2929 nus
181 2870 317 2948 primum,
337 2873 369 2926 et
387 2871 486 2946 caput,
507 2886 543 2926 ac
563 2886 662 2945 genua
673 2866 910 2948 complaisant,

105 2969 137 3025 et
156 2960 194 3022 ab
216 2962 284 3041 ejus
304 2954 427 3019 dextera
453 2955 691 3019 benedictionem
717 2969 907 3041 acceperunt.

104 3055 217 3116 Postea
235 3054 327 3114 totius
349 3048 474 3130 Synodi,
495 3050 649 3133 Regisque
665 3052 830 3115 Consilium
850 3055 908 3135 ipsi

105 3153 286 3228 spemrerunt
305 3144 353 3205 bis
372 3142 483 3204 verbis.

182 3239 344 3318 Benigrras,
356 3255 547 3317 quaesumus,
559 3257 647 3299 aures
659 3238 909 3320 praebeSanctis·

104 3337 195 3410 sbrie,
221 3330 379 3410 divineque
404 3329 586 3391 Patriarcba.
627 3329 805 3394 Tbeodorus
834 3333 911 3409 Rex,

105 3429 154 3506 qui
175 3424 317 3485 Reusian
338 3422 517 3502 peramplam
543 3420 582 3481 ab
602 3419 740 3484 Oriente·
752 3445 846 3504 usque
869 3422 909 3485 ad

105 3514 313 3586 Occidentem,
333 3515 560 3594 universamque
573 3511 844 3595 Septentrionalem
864 3538 908 3579 re·

105 3614 224 3690 gionem
249 3610 453 3690 imperiosae
478 3602 663 3683 moderatur,
694 3618 725 3672 et
754 3609 910 3693 Episcopi,

105 3702 322 3785 praefectique,
348 3706 493 3781 promum
511 3701 542 3760 in
561 3698 675 3763 Russia
694 3711 779 3778 sunt,
808 3712 840 3766 te
860 3702 910 3766 de·

106 3803 278 3879 precantur,
300 3802 331 3857 et
349 3792 526 3863 obsecrant,
548 3801 582 3855 ut
601 3792 721 3876 lmperii
742 3796 831 3878 bajus
852 3795 908 3859 Pa·

106 3889 296 3953 triarcbatum
321 3893 386 3948 toto
413 3888 492 3947 vitae
517 3893 587 3947 tuae
612 3895 747 3969 tempore
770 3910 909 3953 exercere

107 3982 200 4057 velis3
219 3976 439 4063 propterquod
459 3981 566 4041 eximia
585 3976 681 4056 dona,
700 3985 849 4062 regiones,
870 3987 909 4046 ci·

107 4080 217 4138 vitatos
237 4073 417 4155 praeclaras,
438 4092 562 4152 parvas,
582 4092 781 4156 magnasque,
802 4086 833 4139 et
851 4076 908 4138 lra-

108 4171 198 4230 menti
224 4186 391 4228 mensuram
416 4185 434 4225 a
461 4164 561 4244 Rege,
592 4173 623 4226 et
647 4186 738 4248 aspra
763 4168 934 4249 Nogratia.

107 4260 188 4323 mille
207 4260 334 4339 singulis
354 4257 461 4320 diebus
480 4261 688 4338 consequeris;
718 4263 790 4323 viris
811 4266 909 4336 etiam,

107 4359 157 4438 qui
178 4364 275 4415 tecum
296 4359 381 4423 sunt,
411 4353 549 4432 propriae
577 4356 796 4415 constituentur
814 4360 909 4435 regio·

106 4468 173 4521 nes,
191 4450 225 4507 ut
243 4448 368 4506 maximo
390 4447 420 4504 in
439 4443 632 4519 bonoresint,
652 4445 910 4527 mrrltisquelacul·

104 4542 285 4610 utiliusne
305 4536 443 4599 omuibus
463 4533 501 4596 ad
521 4555 606 4596 usum
627 4543 808 4601 necessariis
819 4540 910 4602 abun·

104 4635 189 4699 dent.
229 4631 313 4695 llaec
332 4631 433 4703 locuti,
452 4628 656 4693 Patriarcbam
675 4637 807 4695 verrereti
827 4643 908 4697 sunt.

185 4728 254 4809 lpse
274 4732 372 4786 autem
392 4727 439 4785 eic
458 4743 514 4784 eos
533 4721 639 4784 aliatus
659 4732 716 4785 est.
749 4723 908 4789 Tbeodoro

106 4823 236 4889 blasima
256 4817 343 4897 Regi,
362 4818 551 4897 sanctaeque
570 4815 704 4896 Reginae
723 4815 800 4879 lreni
821 4818 908 4900 pluri-

106 4934 187 4986 nas,
210 4932 288 4993 qaus
307 4927 445 4993 possum,
473 4907 570 4970 refero
590 4913 703 4989 gratias
724 4930 778 4992 pro
796 4912 908 4975 munili-

106 5008 280 5069 ceotiseimo
300 5023 401 5073 eorum
428 5021 498 5081 erga
524 5021 571 5063 me
596 5005 711 5078 auimo,
740 5008 909 5088 pariterque

743 185 915 255 suasisti
935 186 1176 255 suessonis

965 357 1128 417 actissuis
1149 353 1335 416 destinarint.
1365 353 1477 416 Verum
1498 349 1569 413 lieri
1589 349 1682 412 nullo
1702 346 1777 409 rade

966 458 1082 532 potest,
1108 458 1141 511 ut
1159 469 1216 528 ego
1236 447 1285 509 bie
1304 466 1454 521 maneam,
1480 454 1582 527 atque
1607 442 1778 505 neuma·

965 541 1203 604 Patriarebatum
1222 545 1251 602 iu
1272 561 1319 601 me
1337 542 1514 622 suscipiam.
1528 536 1691 620 Episcopi
1704 539 1777 605 esi&

965 635 1154 715 Presbyteri,
1183 643 1273 716 atque
1299 632 1390 695 Cives
1411 634 1549 693 uniuersi
1571 629 1777 693 Coresuatim

966 728 1090 810 politani
1111 750 1130 790 a
1148 730 1266 789 minimo
1287 747 1382 808 usque
1402 725 1442 788 ad
1454 728 1631 787 maximum
1653 719 1778 783 nomed

966 843 1013 883 me
1033 825 1193 897 miserunt,
1213 829 1246 882 ut
1264 818 1304 881 ed
1323 841 1377 883 eos
1397 827 1546 882 revertar.
1590 814 1779 897 Quapropter

965 913 1080 995 Regem
1100 914 1239 977 celeriter
1262 914 1402 988 inrisam,
1431 918 1465 972 ut
1490 912 1607 973 statim
1638 906 1778 991 proicies

966 1028 1088 1089 queam,
1113 1015 1144 1069 et
1163 1004 1202 1067 ad
1221 1006 1404 1078 Ecclesiam,
1427 1024 1521 1087 quam
1542 1002 1651 1065 veluti
1671 1010 1777 1065 nabes

966 1102 1111 1182 suspicio,
1129 1121 1175 1161 me
1194 1098 1352 1169 conferam,
1373 1118 1499 1180 eamque
1512 1094 1687 1167 infirmam,
1704 1104 1777 1176 atque

966 1202 1230 1254 corrsencacentem
1250 1203 1350 1267 tuear,
1381 1200 1412 1253 et
1437 1190 1613 1272 plurimos,
1646 1209 1688 1252 ac
1711 1209 1779 1271 pror·

966 1294 1082 1348 starrtes
1103 1287 1181 1347 illiue
1202 1285 1280 1347 filins
1306 1287 1438 1345 marianis
1465 1283 1578 1357 boreis,
1616 1290 1654 1343 ct
1681 1278 1777 1341 dirime

966 1378 1005 1439 ab
1026 1400 1062 1439 ea
1082 1378 1263 1453 cumulatos,
1294 1385 1477 1452 sustentem,
1512 1379 1569 1457 qui
1600 1372 1777 1437 medaeas
1816 1432 1818 1449 ,

967 1492 1060 1553 prope
1086 1470 1321 1553 dereliquerunt,
1349 1490 1445 1551 neque
1472 1473 1558 1531 satis
1586 1466 1778 1541 confiderent,

967 1562 1047 1645 quod
1067 1563 1225 1627 facultates
1245 1584 1350 1625 omnes
1368 1562 1407 1625 ab
1427 1564 1678 1644 eaacceperiot.
1698 1583 1778 1644 aeque

967 1657 1100 1719 solamen
1129 1658 1220 1719 ullum
1251 1657 1394 1739 praebere
1426 1662 1546 1717 curant.
1598 1654 1676 1735 Ego
1706 1658 1777 1736 igiter

968 1755 1080 1834 primus
1101 1754 1168 1832 ejus
1187 1748 1281 1823 tilius,
1315 1749 1436 1812 tratum
1463 1768 1608 1810 meorum
1638 1748 1776 1823 ultor,et

969 1854 1089 1919 mistos,
1109 1848 1213 1905 eratne
1232 1864 1316 1906 meae
1337 1844 1528 1904 eerreeeentie
1556 1862 1674 1905 curam
1692 1863 1777 1925 gerere

970 1939 1057 2007 male,
1071 1947 1104 2000 nt
1114 1946 1249 1999 sarratam
1260 1938 1328 2020 ejus
1340 1933 1588 1998 benedictionem
1604 1956 1775 2019 promea,

969 2030 1118 2113 digneque
1143 2030 1287 2091 bonorum
1316 2031 1443 2091 omnium
1470 2024 1688 2091 hereditatem
1716 2032 1772 2089 acri

968 2130 1063 2208 piam,
1096 2120 1176 2206 quod
1205 2143 1281 2184 sane
1310 2122 1392 2183 illins
1420 2130 1524 2182 return
1557 2129 1626 2188 est.
1680 2120 1776 2183 vem

967 2218 1103 2301 ejusdem
1123 2220 1226 2278 matris
1247 2236 1332 2278 meae
1351 2214 1521 2290 voluntate,
1543 2220 1647 2296 atque
1669 2214 1774 2275 batur

968 2314 1096 2373 omnium
1122 2329 1253 2370 meorum
1287 2327 1452 2383 eorrsenen,
1484 2310 1629 2369 nemetis
1662 2306 1771 2387 legib·

968 2426 1004 2467 ex
1024 2402 1137 2477 ordine,
1159 2400 1360 2463 Patriarcbam
1380 2398 1701 2462 uniuersaeltoseiae
1721 2422 1769 2462 eea

967 2500 1097 2569 stitrram,
1117 2504 1150 2557 ut
1160 2494 1256 2576 Regis
1279 2494 1415 2555 soluentes
1435 2492 1612 2574 impleatur,
1634 2496 1778 2575 totiusque

967 2591 1139 2673 praeclarae
1161 2584 1276 2668 Synodi
1296 2586 1462 2649 Russomrm
1482 2593 1558 2647 roto
1577 2585 1728 2650 satisfiat.

1044 2684 1150 2762 Legati
1181 2679 1385 2742 Patriarcbam
1413 2682 1567 2751 verrereti,
1612 2678 1659 2743 ad
1689 2680 1776 2744 aula·

968 2796 1139 2858 perrexere,
1168 2782 1203 2836 nt
1227 2773 1322 2853 Regi,
1351 2776 1467 2855 totique
1485 2770 1625 2853 Synodo
1645 2775 1724 2837 baec
1740 2794 1777 2835 re

967 2870 1087 2931 terrent.
1128 2867 1203 2929 Cum
1222 2866 1318 2928 relata
1337 2864 1540 2940 audivissent,
1565 2887 1680 2930 onnes
1699 2868 1777 2949 sps

968 2965 1046 3044 copi,
1067 2969 1098 3023 et
1115 2959 1304 3039 Presbyteri,
1330 2980 1347 3020 a
1368 2962 1486 3020 unianimo
1505 2978 1611 3040 usque
1633 2958 1675 3023 ad
1696 2963 1767 3022 nasi

967 3076 1053 3128 mum,
1075 3055 1187 3134 ingenti
1208 3051 1312 3114 dolore
1323 3054 1450 3134 correpti
1464 3060 1547 3123 suut,
1567 3050 1778 3133 dicebantque.

967 3147 1038 3229 qnid
1059 3147 1176 3208 consilii
1196 3143 1285 3206 ruodo
1304 3152 1452 3227 superest,
1473 3146 1534 3205 nisi
1557 3152 1591 3206 ut
1604 3144 1671 3207 Dei
1692 3150 1773 3205 onst

967 3244 1112 3324 potentie,
1141 3243 1297 3321 ipsiusque
1326 3237 1521 3300 Patriarcbae
1546 3238 1696 3299 voluntati
1721 3256 1776 3299 ree

966 3356 1028 3397 rem
1049 3333 1207 3413 geramus?

1043 3425 1163 3487 Rursus
1181 3428 1281 3508 itaque
1306 3425 1396 3487 binos
1420 3421 1596 3505 Episcopus
1622 3422 1777 3486 amenei-

966 3520 1028 3593 les,
1057 3528 1146 3600 atque
1167 3540 1238 3601 prae
1264 3522 1374 3580 ceteris
1392 3519 1502 3578 virtute
1528 3519 1671 3597 insignes
1696 3521 1776 3578 nise

968 3621 1046 3687 mat,
1064 3615 1113 3692 qui
1135 3614 1260 3673 maximo
1281 3632 1346 3670 cum
1368 3610 1480 3671 bonore
1504 3607 1547 3671 ad
1570 3610 1775 3672 Patriarclra·

969 3705 1331 3786 constantinopolitanum
1355 3711 1514 3778 uerierunt,
1548 3712 1581 3764 et
1605 3714 1778 3765 termulae

967 3807 1102 3860 sanctam
1123 3801 1189 3879 ejus
1216 3817 1333 3859 manrrru
1358 3795 1502 3866 osculati,
1531 3794 1633 3875 Regia
1660 3799 1778 3858 nonies

967 3892 1095 3953 salutem
1116 3895 1297 3952 nuntiarunt.

1043 3982 1193 4045 blaximus
1213 3983 1343 4045 Russiae
1362 3978 1437 4055 Rex,
1456 3991 1488 4043 et
1505 3981 1642 4043 Damion
1660 3980 1775 4061 Regina

967 4076 1070 4151 lrene,
1101 4086 1133 4139 et
1150 4077 1309 4158 Episcopi,
1336 4077 1487 4156 ceterique
1505 4077 1536 4134 in
1557 4073 1692 4154 Synodo
1710 4094 1775 4137 ooo·

968 4173 1100 4250 gregati,
1120 4170 1281 4232 Sanctitati
1302 4166 1387 4229 Tuae
1407 4167 1534 4229 salutem
1555 4167 1717 4248 plurim
1736 4165 1773 4228 di

968 4276 1046 4324 crrrrt.
1087 4260 1166 4324 lllud
1185 4279 1360 4342 persuasum
1382 4259 1469 4335 bebe,
1489 4258 1624 4322 Domine
1647 4264 1701 4338 mi,
1719 4261 1773 4322 Re

968 4376 1050 4435 gem,
1081 4364 1258 4436 ceterosque
1283 4373 1387 4414 orarios
1413 4373 1432 4414 a
1458 4356 1579 4415 minimo
1605 4374 1710 4437 usque
1738 4350 1772 4416 ai

967 4452 1123 4508 maximum
1154 4447 1321 4509 vehementi
1360 4443 1463 4506 dolore
1498 4445 1627 4508 affectos
1668 4448 1771 4515 tuber

967 4549 1124 4623 propterea
1144 4538 1224 4620 quod
1243 4539 1293 4600 bie
1312 4559 1441 4610 marrere,
1459 4548 1549 4620 atque
1567 4540 1769 4603 Patrlarcba·

967 4636 1058 4696 totius
1079 4631 1213 4693 Russiae
1232 4630 1464 4693 Oecumenicum
1489 4635 1665 4695 mnrrndari
1693 4633 1769 4705 seb,

967 4725 1113 4805 simulque
1132 4721 1253 4787 divitias
1273 4724 1391 4794 multas,
1412 4734 1442 4785 et
1454 4728 1593 4804 ingentes
1602 4724 1767 4794 facultates

967 4822 1116 4893 civitates,
1137 4817 1337 4899 plurimasque
1351 4821 1490 4897 regiones
1503 4837 1625 4899 parvas,
1638 4836 1770 4901 magus

967 4933 1024 4994 que
1045 4909 1216 4992 possidere,
1242 4920 1273 4971 et
1298 4914 1419 4991 insuper
1444 4909 1582 4971 frumenti
1602 4930 1771 4975 menam!

966 5005 1089 5083 allege,
1109 5012 1140 5064 et
1149 5023 1239 5084 aspre
1248 5002 1396 5082 Negratie
1415 5002 1495 5063 mille
1513 5004 1647 5082 singulis
1670 5004 1771 5069 dieb·

106 5099 325 5160 Sanctissimae
344 5093 486 5177 synodo,
517 5093 598 5175 qood
623 5116 746 5175 regnum
767 5098 825 5160 boe
844 5101 908 5162 illu·
937 5096 1118 5178 incipere,
1149 5116 1207 5177 quo
1233 5100 1262 5156 in
1289 5116 1386 5157 renam
1411 5105 1494 5158 statu
1512 5098 1656 5161 civitatee
1676 5102 1771 5162 etiam

101 5200 201 5253 errare
230 5187 388 5263 studeant,
415 5188 546 5270 mihique
574 5190 642 5269 ejas
672 5187 908 5256 Petriarclratuar
937 5180 941 5273 i

966 5193 1094 5271 insignia
1113 5187 1240 5264 decora,
1269 5187 1404 5261 divitiae,
1434 5198 1595 5270 ceteraque
1622 5189 1666 5254 ad
1685 5195 1771 5253 rita·
