3742 5626
156 238 174 289 8
800 226 983 287 meone.
1007 224 1196 285 cuseos.

157 384 853 466 fltsanninusapitubnprsossoorunuo-ino
865 381 962 443 tactas
1021 388 1138 440 ctorcs:
1159 398 1274 461 nosque
1287 380 1397 463 jubent
1416 378 1499 441 illam
1524 380 1677 463 amplecti,
1704 383 1833 462 protitcri

156 482 293 551 dicimus,
312 486 506 542 concurrente
524 500 590 541 cun
606 478 655 540 bis
673 477 773 539 divina
786 476 919 537 bonitate
932 478 964 535 ct
1020 493 1118 533 voram
1138 471 1270 533 eredere.
1300 470 1407 535 Habes
1426 468 1499 555 quid
1518 492 1576 534 nos
1596 471 1636 535 tls
1655 477 1829 553 quaestione

157 574 327 645 dementia,
344 592 423 653 quae
441 572 480 634 ad
492 572 663 654 hujusmodi
677 576 804 653 peccota
822 568 964 647 pleraque
1021 566 1059 626 lo
1077 569 1253 628 suciamus

157 669 305 739 connivet,
310 686 480 747 saqusnox
491 664 649 735 condonat,
661 662 792 723 cimirun
804 664 916 742 siquae
922 682 963 721 ex

157 760 357 823 inbccillitate
369 758 497 820 bumana
506 760 671 819 commisso
679 764 760 826 sunt,
773 754 961 836 quemadmo-

156 855 225 915 «ιι.-
241 872 367 932 mgm
384 851 711 932 clunianenses·
725 848 965 911 consuerant·
1251 817 1481 937 Quintilli
1524 820 1592 923 xl.

156 938 962 1029 nystenidciisquisancteoonsopitiquiescuntfian

155 1040 242 1111 olins,
259 1040 304 1101 nti
322 1038 461 1110 dirimas,
479 1040 623 1121 expurgat
632 1044 746 1099 metesa
764 1035 963 1097 aliostortura
1097 1030 1270 1095 Traduntno
1283 1034 1506 1097 contessionem
1518 1054 1601 1106 osse,
1620 1036 1829 1120 quaequidem

155 1134 368 1206 metiendae,
387 1152 466 1213 qnae
486 1133 618 1195 animm
636 1131 737 1191 auius
756 1128 849 1198 rodit,
873 1147 961 1208 quan
1020 1124 1089 1207 ipsa
1108 1128 1150 1186 sit
1170 1134 1390 1189 sacramentum
1408 1148 1428 1189 a
1448 1125 1569 1188 cbristo
1590 1129 1770 1202 institutum,
1791 1130 1830 1195 ad

153 1226 252 1309 quivis
271 1226 365 1305 lgnim
385 1225 463 1287 alios
481 1224 548 1285 sola
567 1223 686 1287 divinae
704 1223 816 1302 gloriae
827 1221 960 1290 emissio,
1019 1218 1147 1280 salutern
1167 1221 1391 1281 necessarium?
1419 1218 1497 1281 Nun
1516 1222 1585 1282 item
1604 1223 1778 1283 existiment
1798 1227 1828 1282 iu

153 1326 186 1381 st
205 1316 383 1381 incertitudo
413 1320 491 1401 ejus,
510 1313 592 1397 quod
610 1316 809 1386 tuburumest,
828 1335 898 1375 num
909 1312 960 1375 bis
1018 1333 1056 1374 ea
1066 1313 1247 1395 singulorum
1257 1318 1445 1393 peemtom
1455 1316 1701 1385 susceptionem
1715 1315 1827 1378 lacien-

154 1414 216 1473 alnt
233 1412 365 1494 potituri.
402 1408 490 1483 Quae
515 1408 633 1491 quido·
658 1398 756 1471 omnis
775 1408 883 1490 quavis
900 1407 961 1469 alia
1018 1406 1085 1468 dam
1104 1411 1195 1468 esset
1215 1406 1324 1487 quibus
1343 1408 1583 1490 deniquererbls
1601 1407 1826 1471 sacerdotosiis

155 1526 189 1567 rs
205 1506 304 1585 magis
323 1503 471 1567 beminen
481 1504 618 1583 torquere
633 1504 788 1583 aepoenis
800 1502 959 1585 subjicere,
1018 1502 1069 1581 qui
1088 1500 1292 1583 deliquerunt,
1312 1506 1438 1579 peecata
1455 1502 1612 1563 renitunt‘t

155 1599 245 1661 docet
263 1600 357 1680 ipsam
369 1602 400 1657 et
410 1596 604 1677 experientia.
627 1595 874 1675 chrysostom
888 1614 959 1672 quo·

153 1714 214 1773 qus
232 1698 338 1753 testem
348 1689 502 1759 babemus,
522 1689 553 1749 in
565 1688 704 1749 ornnibus
716 1707 819 1768 prope,
837 1685 885 1745 uel
898 1686 958 1764 plu·
1263 1662 1323 1730 DE
1338 1667 1357 1733 S
1371 1665 1395 1732 Ρ
1409 1667 1430 1732 ⁰
1445 1666 1470 1733 Ν
1484 1667 1504 1734 ⁸
1518 1669 1530 1733 l
1544 1666 1574 1733 θ·

153 1786 237 1847 rimis
254 1784 362 1847 saltem
380 1782 542 1843 moralibus
561 1782 757 1843 concionibus
770 1781 838 1841 suis
857 1778 959 1861 bujus-
1094 1777 1144 1837 Ad
1155 1777 1363 1861 huncquoque
1377 1780 1634 1861 interrogationem
1649 1780 1692 1841 Xl
1699 1784 1825 1863 juvante

151 1876 233 1939 modi
251 1876 400 1957 quadam
417 1874 598 1935 tradentem:
624 1894 662 1935 ac
686 1878 842 1954 praetcrea
865 1871 958 1933 Doro·
1016 1868 1085 1931 Deo
1103 1872 1152 1931 sic
1176 1872 1379 1951 respondebo,
1404 1873 1651 1954 quemadmodum
1679 1873 1787 1935 divinis
1808 1898 1825 1935 c

152 1972 255 2033 tbeum
274 1974 455 2031 sectatorum
473 1967 672 2028 solitariorum
692 1968 907 2036 exercitiorum,
928 1967 958 2025 in
1017 1960 1111 2023 literis
1130 1966 1244 2043 accepi.
1284 1966 1420 2029 Doridos
1448 1973 1551 2029 auctor
1569 1968 1689 2046 generis
1709 1965 1823 2029 Christi

152 2064 286 2125 oratione
304 2062 344 2123 dc
364 2060 567 2122 Conscientia.
609 2058 690 2130 Quin
715 2062 805 2121 etiarn
831 2061 862 2118 in
882 2080 957 2119 aero
1015 2054 1085 2127 Dei,
1104 2061 1262 2138 perspicue
1282 2060 1327 2121 sic
1353 2061 1383 2121 in
1403 2059 1422 2121 8
1446 2060 1562 2143 psalmo
1586 2061 1698 2141 inquit:
1725 2060 1823 2121 Conli-

153 2155 251 2217 luturo
270 2158 367 2233 magis
391 2174 446 2235 per
470 2151 547 2213 baec
570 2152 718 2234 supplicia
743 2154 873 2232 torqueri
892 2172 957 2223 cos,
1015 2149 1102 2211 tobor
1121 2151 1174 2213 tibi
1186 2151 1314 2213 Domine
1332 2159 1397 2215 toto
1407 2153 1586 2219 condomeo.
1611 2153 1654 2215 Et
1667 2153 1757 2217 irater
1773 2153 1823 2215 illc

152 2250 203 2329 qni
222 2250 392 2329 puniuntur,
417 2246 495 2307 sacri
514 2245 664 2307 Doctores
689 2244 818 2308 trudunt.
858 2242 957 2316 Quam
1015 2240 1272 2305 Donindacobus
1286 2247 1315 2305 in
1335 2248 1463 2326 epistola
1476 2246 1721 2310 auaCatbolioa:
1744 2246 1820 2309 Con·

153 2344 185 2401 in
203 2343 382 2401 sententiam
401 2346 433 2399 et
451 2359 576 2417 magnus
596 2337 647 2399 ills
668 2336 830 2416 Gregorius
849 2357 956 2416 cogno·
1016 2335 1146 2408 fitemini,
1166 2340 1217 2409 ait,
1236 2340 1361 2399 invicem
1381 2340 1500 2410 delicta,
1520 2346 1552 2399 ct
1564 2341 1822 2422 supplicatoribus

154 2440 254 2493 mento
267 2432 441 2510 'theologus
460 2434 490 2491 in
510 2431 641 2491 oratione
661 2430 701 2489 de
711 2429 796 2508 plaga
805 2430 957 2510 grandinis
1015 2430 1158 2508 proelio,
1178 2437 1210 2491 ut
1231 2434 1388 2494 sanemini.
1426 2432 1577 2495 Dominus
1601 2439 1701 2495 autem
1722 2435 1750 2495 in
1772 2436 1819 2497 lt).

154 2526 264 2607 inquit:
281 2524 488 2605 sliosquidsn
500 2522 848 2604 excipitlnainodsbilis,
868 2530 957 2584 etse·
1016 2523 1114 2601 capito
1133 2522 1344 2601 Evangelistac
1363 2524 1510 2587 lllattbaei
1528 2526 1577 2587 sic
1595 2527 1704 2607 iuquit:
1722 2528 1820 2587 Amen

151 2625 327 2683 ermom
343 2618 598 2700 inperatricisque
613 2636 708 2677 rorum
721 2615 876 2679 Trinitatis
889 2636 956 2677 eon·
1014 2613 1083 2675 dico
1102 2616 1199 2687 vobis,
1218 2638 1295 2696 quas
1315 2633 1439 2696 curaque
1456 2619 1486 2679 in
1498 2625 1576 2681 terra
1596 2618 1768 2696 ligaveritis,
1790 2619 1820 2679 li·

151 2712 319 2795 tenplstiot
340 2713 417 2773 alios
435 2732 505 2771 nero
524 2712 602 2771 inter
615 2714 735 2771 caetera
745 2714 857 2771 tortura
868 2728 957 2787 queo·
1013 2713 1083 2787 gato
1102 2708 1168 2769 sore
1186 2709 1216 2770 in
1236 2710 1336 2771 coelo:
1357 2716 1389 2771 ct
1406 2730 1608 2791 quaemmpus
1621 2712 1650 2771 ic
1667 2720 1746 2771 terra
1758 2712 1818 2770 sol-

154 2804 234 2877 du,
251 2805 300 2866 vel
319 2806 420 2887 potius
444 2812 514 2865 ante
528 2812 650 2864 caetera
666 2802 788 2884 rejectio
807 2800 917 2871 aDco,
937 2822 956 2861 e
1013 2802 1134 2871 veritis,
1159 2803 1187 2861 in
1214 2802 1298 2864 coelo
1324 2804 1425 2865 soluta
1449 2804 1521 2865 lore.
1568 2802 1652 2865 'l'unc
1671 2823 1820 2882 agressus

154 2898 223 2959 linis
241 2917 349 2979 sapers
376 2898 578 2957 conscientiae
604 2894 733 2955 l'ocditas
758 2898 848 2972 atquc
868 2894 956 2975 turpi·
1014 2914 1080 2954 eum
1099 2893 1225 2955 Petruse
1244 2894 1384 2967 Quoties,
1401 2898 1452 2966 ait,
1472 2899 1606 2977 peccanti
1625 2898 1655 2957 in
1669 2916 1717 2957 nac
1735 2894 1819 2959 tratri

150 2988 233 3051 tudo.
272 2990 322 3049 Ab
347 2989 517 3071 hujusmodi
537 3007 608 3067 ergo
627 2986 714 3047 malis
732 2993 765 3047 ut
789 2988 809 3045 ii
831 2987 954 3046 liberen-
1013 3006 1079 3045 mco
1099 2988 1255 3064 ignoscere
1277 2988 1394 3049 debent
1420 2988 1459 3050 ad
1489 2990 1661 3069 soptiosnoi
1690 2990 1748 3049 Cui
1767 2989 1818 3050 Je-

150 3088 207 3153 tur,
228 3083 277 3162 qui
289 3080 504 3150 obdornlerunt,
524 3078 623 3141 aDco
638 3080 777 3157 petimus,
797 3080 955 3138 etlibcrnri
1011 3098 1083 3140 sust
1106 3078 1173 3139 Non
1194 3080 1262 3141 dico
1282 3083 1336 3143 tibi
1355 3081 1394 3142 ad
1416 3084 1542 3163 septies,
1560 3082 1618 3143 sed
1641 3083 1681 3145 cd
1699 3092 1818 3161 septua-

151 3176 314 3236 ercdinus:
340 3194 399 3234 non
419 3177 516 3233 autern
535 3192 555 3233 a
579 3171 724 3252 supplicio
744 3170 871 3250 quodam
897 3171 955 3231 alio
1012 3172 1079 3249 gies
1097 3174 1222 3252 septies.
1241 3173 1403 3236 ldcmalibi
1415 3177 1514 3253 eapite
1535 3175 1572 3237 17
1582 3175 1686 3239 Lucas
1708 3178 1817 3256 inquit:

150 3266 199 3328 rsl
217 3270 301 3345 igne,
327 3268 377 3347 qui
402 3264 540 3325 diversus
565 3266 605 3323 sit
629 3266 668 3324 ab
692 3264 745 3332 iis,
771 3282 848 3341 quac
868 3262 955 3323 Deus
1013 3262 1049 3324 Si
1069 3265 1098 3323 in
1117 3272 1148 3324 te
1161 3269 1326 3343 peccaverit
1335 3274 1405 3329 tuus
1418 3268 1507 3329 trater
1519 3269 1722 3352 repraebendc
1732 3289 1818 3329 eun:

150 3366 302 3420 aeternum
321 3356 461 3419 duratura
480 3358 609 3417 minatus
627 3362 685 3417 est.
706 3354 867 3415 Praeterea
887 3374 954 3415 con·
1013 3362 1044 3417 ot
1063 3358 1090 3416 si
1102 3378 1170 3417 eum
1182 3360 1342 3439 poeniteat,
1362 3363 1508 3441 ignoscito
1520 3365 1558 3423 ei.
1580 3362 1718 3443 Denique
1730 3362 1819 3425 Deus

150 3454 314 3533 sopitorum
335 3453 449 3512 animas
469 3471 508 3510 ox
528 3451 589 3510 orci
609 3449 779 3510 detentione
804 3452 953 3529 tamqnam
1013 3455 1044 3511 et
1063 3449 1151 3509 borno
1169 3451 1276 3523 lesus,
1293 3450 1503 3517 ¹consessionis
1529 3456 1640 3517 nullius
1659 3476 1764 3534 egens,
1788 3458 1818 3516 in

150 3564 270 3604 carcere
289 3545 417 3624 quodam
437 3564 490 3625 per
508 3563 615 3623 preces
628 3542 754 3609 liberari,
774 3546 900 3601 testatur
913 3544 954 3601 in·
1012 3542 1145 3624 ejusdcm
1157 3544 1368 3623 Evangelistao
1383 3548 1421 3608 ill
1431 3550 1587 3628 capitesio
1598 3555 1712 3631 patrem
1730 3569 1816 3611 suun

150 3650 196 3697 ter
214 3638 291 3697 ulios
312 3638 419 3698 multoe
431 3656 557 3714 mugnus
577 3635 663 3694 ctiam
677 3632 820 3704 Basilius,
840 3634 869 3693 in
890 3656 943 3714 pre
1013 3636 1186 3716 compellat:
1207 3638 1357 3700 Confiteor
1377 3642 1431 3701 tibi
1452 3646 1546 3722 pater,
1565 3643 1641 3704 coeli
1661 3647 1818 3723 terraeque

150 3732 237 3793 cibus
255 3734 332 3803 suis,
351 3750 428 3811 puae
448 3738 581 3808 ternpore
602 3724 877 3805 Quinqusgcsintsc
897 3728 954 3803 legi
1012 3728 1150 3791 Domine.
1171 3728 1370 3802 Quamobrem
1382 3742 1414 3795 ut
1435 3734 1512 3795 idem
1532 3736 1816 3815 nosquoqucl'scia·

149 3836 376 3894 concacarunt,
394 3820 569 3883 adverbum
588 3821 630 3881 ito
639 3821 794 3881 scribenst
816 3817 877 3890 Qui
897 3818 955 3879 boc
1012 3841 1089 3893 mus,
1107 3845 1126 3883 a
1145 3822 1266 3885 Christo
1284 3825 1324 3887 ad
1342 3826 1467 3887 salutem
1491 3834 1541 3888 est
1561 3830 1739 3893 institutum.
1776 3826 1817 3893 Et

150 3918 283 3999 perlecto
303 3916 485 3994 salutarique
503 3914 583 3975 testo
595 3912 781 3993 placationes
800 3931 837 3971 ac
848 3933 955 3990 preces
1012 3916 1131 3975 omnino
1150 3926 1341 3997 pecentomm
1361 3922 1544 3980 enumeratio
1555 3920 1730 3993 lieridcbet,
1748 3942 1817 4003 qus·

149 4010 301 4089 supplices
319 4031 373 4091 pro
392 4010 446 4079 iis,
472 4007 523 4087 qui
547 4004 628 4087 apud
651 4024 751 4065 orcum
776 4003 954 4077 detinentur,
1013 4007 1198 4070 nadmodum
1216 4009 1258 4069 illi
1278 4012 1378 4087 magni
1397 4032 1493 4072 rerum
1513 4012 1678 4075 divinarum
1697 4030 1815 4095 prseco

148 4103 286 4181 accipere
305 4102 446 4179 dignatus
470 4106 529 4169 est,
558 4118 595 4159 ac
621 4098 708 4159 nobis
731 4116 806 4176 spes
829 4119 953 4177 magnes
1014 4121 1069 4160 nes
1088 4108 1178 4180 atquo
1198 4102 1317 4171 lumine,
1336 4102 1480 4174 Basiliam,
1500 4112 1531 4165 ct
1550 4106 1727 4167 cumfratre
1748 4126 1816 4167 con·

150 4194 235 4265 tacis,
255 4194 383 4255 futurum
410 4200 442 4254 ut
461 4194 591 4253 detentis
618 4190 751 4251 liberatio
778 4191 816 4251 ab
836 4192 875 4251 iis
893 4212 952 4253 ano·
1012 4194 1146 4253 sentiens
1165 4196 1294 4253 antistes
1304 4194 1427 4274 Nyssao
1439 4195 1617 4275 Gregorius,
1631 4198 1744 4279 aliique
1756 4198 1813 4259 bos

149 4286 257 4359 tuliis,
282 4288 391 4367 quibus
415 4286 601 4361 adfligentur,
620 4294 651 4345 et
672 4286 815 4343 recreatio
840 4284 897 4345 abs
921 4296 953 4345 ts
1010 4285 1164 4344 subsecuti
1196 4285 1344 4345 Doctores
1376 4290 1569 4368 praecipiunt.
1628 4288 1748 4370 Quippe
1773 4289 1811 4347 dc

148 4378 315 4457 contimt:
335 4398 388 4460 pro
413 4377 522 4457 quibus
547 4377 625 4455 ipsis
648 4376 757 4437 animis
776 4376 953 4456 placetories
1012 4378 1234 4455 singulisetinn
1246 4378 1363 4437 delictis
1383 4400 1525 4440 canonem
1546 4382 1658 4462 scripto
1668 4402 1813 4460 conprae-

148 4492 257 4553 preces
274 4477 307 4533 st
324 4491 413 4533 sacra
431 4470 486 4531 tibi
501 4467 662 4529 ollerinus.
679 4464 785 4527 ltiden
796 4467 952 4548 'lbeopba-
1012 4468 1137 4529 bensunn
1150 4470 1237 4529 nobis
1249 4470 1440 4533 tradiderunt.
1452 4470 1528 4535 Nun
1541 4475 1592 4554 qni
1604 4474 1726 4536 cadem
1736 4493 1814 4534 corn·

148 4584 205 4627 nss
223 4564 382 4627 consessor
401 4572 432 4624 et
451 4560 547 4622 sacris
568 4558 656 4621 tastis
667 4559 837 4639 inscriptus,
858 4562 886 4619 in
901 4560 953 4639 by·
1012 4563 1101 4630 misit,
1121 4562 1159 4620 dc
1181 4565 1279 4641 mngni
1299 4561 1403 4623 Basilii
1430 4566 1588 4636 sententia,
1608 4589 1686 4647 quae
1713 4570 1742 4627 in
1769 4588 1816 4626 ea·

147 4678 279 4718 unom-
298 4658 339 4718 do
357 4655 524 4736 consopitis
542 4672 617 4719 uno,
643 4650 694 4711 tali
712 4650 845 4730 ‘quodam
865 4652 952 4713 modo
1013 4672 1090 4713 none
1109 4652 1148 4711 oo
1166 4658 1273 4725 exstat,
1293 4675 1312 4716 a
1330 4658 1429 4719 sacris
1450 4662 1602 4738 mysteriis
1622 4660 1757 4722 totosit)
1769 4681 1817 4719 an·

147 4770 201 4829 pro
220 4754 267 4811 sis
286 4756 439 4831 precatur:
457 4748 488 4810 Δ
506 4744 648 4825 lacrymis
666 4750 697 4804 et
716 4744 874 4820 genitibus
893 4745 953 4805 orci
1013 4744 1234 4817 nosarcebitur,
1248 4748 1377 4830 itemque
1386 4749 1514 4831 paedico
1525 4770 1623 4811 annos
1637 4752 1682 4811 1⁵.
1703 4748 1819 4813 litAn·

149 4860 254 4902 servos
272 4854 343 4904 tuos
362 4842 465 4903 libem.
494 4838 535 4900 Et
555 4836 687 4898 ecelesia
706 4842 808 4897 nostra
827 4836 953 4915 quoda·
1011 4859 1122 4919 cyrana
1140 4838 1283 4917 Synodus
1309 4860 1423 4902 canone
1450 4843 1489 4901 dt)
1514 4842 1680 4905 adulterum
1705 4864 1725 4901 a
1751 4864 1822 4924 pnr-

150 4933 180 4990 in
199 4933 318 4993 modulo
341 4935 379 4995 de
398 4936 437 4995 iis
456 4934 507 5013 qui
527 4930 779 4999 obdormiscunt,
806 4926 866 4990 bac
890 4950 954 5010 prc-
1010 4933 1180 5013 ticipntione
1201 4952 1350 4993 sacrorum
1362 4934 1571 5014 mysteriorum
1582 4934 1820 4997 annosiexclu·

149 5024 269 5085 catione
295 5030 400 5087 utiturt
424 5025 569 5087 blisercrc
594 5022 725 5101 figmenti
747 5022 791 5083 tui
817 5020 954 5095 Domino,
1011 5024 1063 5097 dit,
1082 5032 1173 5105 atque
1193 5026 1234 5087 ita
1253 5024 1397 5102 deinceps
1422 5027 1502 5086 serie
1521 5028 1649 5108 quedam
1676 5048 1743 5089 cum
1771 5028 1820 5089 llis

148 5122 239 5195 atque
257 5117 288 5176 id
308 5120 487 5196 benignitate
506 5125 558 5178 tua
576 5114 728 5177 mundato.
751 5112 817 5175 Hae
836 5116 866 5175 iu
885 5136 955 5177 ssu·
1010 5118 1062 5181 alii
1081 5138 1199 5199 quoque
1218 5116 1308 5177 divini
1324 5115 1462 5179 doceres
1475 5122 1677 5183 consentiunt.
1695 5118 1737 5181 Et
1750 5140 1821 5200 qua-

149 5208 243 5268 tsntia
262 5208 379 5271 tusmot
398 5216 428 5269 st
447 5209 512 5277 alii,
538 5209 589 5288 qui
603 5206 662 5269 bos
682 5210 781 5271 monti
794 5214 874 5279 suat,
893 5208 953 5271 Do·
1011 5210 1142 5275 nobrsrn
1160 5210 1189 5273 is
1208 5210 1258 5287 nui
1269 5208 1433 5281 contitetur,
1453 5213 1524 5277 viris
1534 5212 1742 5295 spiritualibus
1751 5232 1819 5296 pcc·
