3742 5626
114 159 134 215 o
703 153 875 217 ntuuou'r
896 153 1155 219 assumaris

112 318 198 377 simis
210 317 331 399 templis
344 320 475 399 ipsorum
488 317 703 401 Apostolorum
716 318 917 399 appellatione
943 318 949 418 l
976 322 1020 381 ris
1041 322 1248 403 opportunitas
1268 318 1444 395 elaboretur,
1464 318 1503 381 ad
1518 339 1574 381 uos
1594 324 1645 401 qui
1665 324 1696 381 in
1708 320 1786 383 Ger·

114 412 180 471 Deo
200 410 308 471 dicatis
329 410 424 475 licata
446 410 622 473 dormitione
640 413 840 491 requiescunt.
945 419 949 463 t
977 415 1075 474 mania
1096 412 1163 473 ioco
1183 414 1279 491 magis
1299 422 1476 495 opportuno,
1496 421 1528 475 et
1546 416 1643 475 aristus
1664 411 1786 475 ubios-

189 502 223 565 in
244 526 280 567 ea
300 506 389 584 igitur
414 503 490 565 sede
508 522 574 567 cum
593 503 751 565 Sanctitas
769 524 827 569 sua
846 516 918 567 tam·
977 507 1063 566 covia
1086 514 1200 567 remoto
1220 505 1397 567 sanctitatis
1424 524 1500 567 suae
1524 506 1655 586 legatum
1681 524 1787 585 agere·

112 618 198 677 quiam
220 600 249 658 in
269 597 389 659 sublimi
410 596 538 678 quodam
556 598 681 679 speculo
701 620 719 659 a
739 597 808 661 Deo
828 598 917 659 coilo·
945 620 949 681 Ἰ
976 618 1054 670 mus,
1074 602 1185 680 qrrique
1203 602 1348 661 maurrius
1371 599 1470 660 onrrria
1489 596 1645 681 expedire,
1666 607 1697 661 et
1717 619 1786 660 cum

111 700 179 751 cata
199 694 249 763 sit,
268 710 372 751 omnes
391 710 489 761 curras,
509 698 541 751 ct
557 692 756 770 cogitationes
774 710 848 754 suas
867 689 918 754 de·
977 690 1179 755 Serenissirno
1205 691 1403 773 imperatore,
1433 710 1521 772 quam
1547 695 1578 755 in
1597 712 1660 755 rem
1680 702 1789 753 essem

111 782 186 844 fixas
208 782 299 845 babet
317 784 346 843 in
366 780 574 865 amplificanda
592 782 764 847 Christiana
774 786 918 865 reiigione
945 792 949 851 ὲ
976 781 1096 847 facilius
1126 788 1343 847 communicare
1372 804 1550 867 possemus,
1577 806 1641 847 cem
1667 804 1786 847 omnem

110 884 142 937 et
153 874 387 937 Christianorum
401 875 574 958 Principum
591 878 698 939 animis
711 876 917 951 eorrmiiandis,
944 862 949 997 ἰ
976 880 1098 957 rejecit,
1118 886 1150 939 et
1170 886 1242 940 terrie
1269 875 1342 959 quid
1362 898 1380 938 a
1399 877 1486 939 nobis
1507 877 1569 940 lieri
1589 876 1714 959 etquid
1734 898 1787 960 per

110 976 142 1029 nt
168 976 199 1028 ct
218 968 332 1031 Sancta
352 968 474 1049 Religio
501 980 698 1053 propagetur,
721 981 753 1033 et
779 972 917 1033 bostibus
944 1000 949 1069 Ι
977 990 1059 1041 euru,
1079 972 1178 1051 quiin
1199 971 1387 1033 dioscoriam
1408 973 1504 1032 itums
1523 980 1608 1033 esset
1626 970 1786 1035 Sanctitas

110 1063 207 1122 crucis
228 1061 341 1125 Christi
361 1066 412 1145 qui
438 1084 495 1127 nos
521 1066 611 1145 impie
632 1074 821 1146 oppugnant,
847 1064 916 1127 iaci·
976 1083 1033 1127 sua
1051 1067 1174 1127 tractari
1193 1064 1284 1127 veliet
1308 1062 1399 1125 uobis
1425 1062 1582 1143 diiigenter
1606 1067 1786 1147 perscripsit

109 1154 167 1215 iius
186 1157 354 1219 resistatur.
376 1156 505 1238 Semper
523 1159 601 1217 enim
620 1156 820 1221 Romanorum
839 1158 917 1220 Pon·
943 1098 948 1223 l
975 1160 1023 1217 sic
1050 1160 1139 1235 igitur
1163 1176 1229 1217 curu
1256 1158 1427 1218 Serenitate
1451 1177 1508 1219 sua
1534 1159 1618 1236 agis,
1644 1165 1679 1219 ut
1705 1156 1784 1239 quod

108 1245 218 1309 titicum
246 1251 396 1331 proprium
422 1248 494 1325 init,
533 1254 666 1332 paternis
691 1255 757 1313 suis
782 1250 917 1313 coborta·
943 1238 948 1331 i
976 1246 1015 1310 ad
1041 1250 1118 1311 banc
1144 1259 1226 1311 tuam
1255 1250 1375 1313 itionem
1396 1251 1503 1311 attinet
1521 1250 1581 1311 sibi
1600 1248 1786 1332 persuadeat

109 1340 255 1413 tionibus,
287 1342 419 1421 biagnos
443 1342 620 1425 Principes,
649 1352 680 1405 et
699 1348 808 1407 virtute
833 1366 915 1428 prae·
943 1338 947 1421 l
976 1341 1176 1405 Sanctitatem
1202 1360 1287 1403 suam
1313 1362 1392 1403 rrrrrrc
1417 1341 1535 1422 qrridem
1555 1350 1709 1424 tamquam
1728 1345 1783 1425 pri·

109 1442 228 1495 statutas
248 1433 287 1495 ad
308 1456 359 1497 res
377 1436 570 1517 pulcerrimus
596 1458 651 1519 pro
671 1436 730 1499 Dei
759 1438 865 1517 gioria,
885 1446 917 1501 et
976 1454 1055 1497 mum
1086 1436 1324 1517 conjunctionis,
1355 1444 1385 1497 et
1414 1434 1641 1498 necissitudinis
1670 1434 1785 1499 aditum

109 1524 178 1587 iidei
198 1529 380 1590 incremento
401 1550 514 1608 perere,
534 1534 674 1607 excitare,
695 1534 834 1613 omnique.
846 1552 915 1593 con·
975 1526 1147 1610 patefacere
1160 1528 1312 1601 voluisse;
1331 1525 1413 1608 qued
1428 1532 1457 1591 si
1471 1528 1628 1591 Serenitua
1646 1550 1707 1591 sua
1721 1534 1783 1613 pari

108 1620 192 1689 silio,
224 1630 256 1682 et
279 1622 389 1683 auxilio
415 1641 569 1685 commune
595 1623 704 1685 bonrum
731 1645 915 1707 promovere.
943 1598 948 1721 l
974 1619 1075 1683 studio
1103 1624 1271 1702 mutuisque
1297 1619 1406 1682 oifieiis
1429 1630 1464 1683 ut
1488 1621 1578 1704 piane
1606 1610 1784 1685 confidimus

109 1714 211 1793 :itque
233 1714 290 1775 iroc
311 1712 430 1795 quidem
457 1716 557 1779 rrrrdtis
583 1722 745 1781 vetustatis
770 1718 916 1799 exemplis
944 1726 946 1731 '
975 1714 1137 1777 sanctitati
1158 1736 1234 1777 suae
1261 1712 1453 1795 responderit
1477 1722 1567 1795 atque
1586 1718 1783 1779 amantissimi

108 1805 196 1867 facile
216 1807 410 1889 comprobare
428 1808 507 1881 iicet,
528 1830 595 1871 cnm
609 1814 737 1871 omnium
750 1810 916 1889 linguarum
974 1810 1109 1890 pareretis
1129 1828 1245 1879 curam,
1265 1816 1297 1869 et
1316 1804 1547 1869 sollicitudinem
1567 1818 1656 1887 gratu
1675 1813 1782 1881 animo,

108 1904 306 1961 urnrinmentis
327 1904 513 1983 posteritatis
536 1906 696 1967 memoriae
715 1906 916 1985 sempitemaa
974 1908 1006 1963 ot
1027 1902 1130 1982 optimi
1151 1899 1201 1961 tilii
1222 1898 1368 1981 obsequio
1389 1904 1557 1981 exceperit,
1581 1920 1644 1963 nou
1665 1912 1720 1965 est
1734 1902 1781 1963 du·

107 1992 333 2055 commendatae
357 1997 420 2057 siut
445 1996 631 2057 clarissimae
656 1998 686 2057 in
705 1998 849 2059 orientem
868 2018 917 2059 es·
942 2014 945 2025 ·
974 1992 1143 2069 bitaudum,
1176 1996 1246 2074 qnia
1278 2002 1380 2057 cetera
1420 1991 1564 2075 deinceps
1607 1996 1782 2077 perfectius,

107 2084 270 2165 peditiouis
290 2108 344 2170 pro
366 2088 463 2151 Sacro
484 2088 599 2151 Sancte
619 2088 696 2150 iesu
724 2090 837 2152 Christi
867 2110 916 2151 se·
941 2032 946 2169 l
974 2072 1184 2169 omnibusque
1206 2089 1337 2147 ricimeris
1378 2085 1546 2148 absolutius
1582 2098 1781 2169 praestentur.

107 2178 209 2261 periero
229 2180 434 2263 recuperando
454 2181 509 2244 scd
532 2183 608 2243 bace
633 2183 754 2245 silentio
775 2184 915 2264 praeteri·
941 2176 944 2181 ⁴
974 2179 1023 2241 'Pu
1047 2200 1119 2259 ergo
1146 2183 1176 2241 in
1208 2179 1287 2241 banc
1312 2198 1413 2241 eruam
1444 2181 1524 2239 omni
1550 2176 1709 2258 diligentia
1743 2184 1781 2243 iu·

108 2292 189 2345 mus,
209 2282 270 2335 tum
292 2278 360 2355 qrria
380 2274 434 2335 tibi
454 2275 564 2335 borrrini
585 2276 745 2348 historico,
765 2279 847 2337 etin
867 2297 914 2337 ve·
974 2273 1099 2335 cnrrrbes
1125 2282 1158 2335 ut
1182 2276 1260 2335 inter
1285 2272 1518 2335 Serretissimnm
1541 2272 1706 2337 Dominum
1724 2274 1781 2337 Ite

107 2366 197 2425 testis
224 2366 383 2427 annalibus
408 2366 543 2446 legendis
570 2370 731 2431 exercitato
757 2371 915 2431 notissima
973 2376 1067 2429 strum
1098 2376 1130 2429 et
1150 2366 1383 2427 serenissimum
1402 2364 1543 2444 iiiagnuar
1564 2364 1681 2429 Ducem
1702 2368 1781 2431 iilum

107 2455 156 2515 iila
184 2474 256 2517 csse
283 2478 341 2518 nou
367 2458 553 2532 dubitamus,
577 2470 610 2521 nt
635 2462 661 2522 si
688 2482 763 2523 rrsrrs
782 2464 916 2523 evannerit
974 2466 1084 2541 quanta
1110 2463 1236 2521 maxima
1268 2458 1331 2519 lieri
1363 2460 1473 2540 poterit
1497 2458 1723 2535 benevolentia,
1753 2472 1782 2523 et

106 2551 209 2611 statim
235 2551 265 2611 in
291 2560 429 2633 promptu
455 2553 566 2615 lrabcre
592 2557 713 2636 pessis3
737 2563 798 2617 tum
825 2558 913 2617 etiam
973 2556 1136 2613 animorum
1163 2574 1200 2615 ae
1220 2551 1402 2613 voluntatum
1424 2555 1587 2614 consensio
1612 2556 1722 2617 existat
1740 2554 1781 2617 el·

106 2645 176 2721 quia
197 2646 322 2707 maxime
342 2644 482 2723 illustris,
503 2656 534 2710 et
553 2650 761 2709 recentissima
782 2651 849 2728 ejus
870 2650 913 2709 rei
973 2644 1115 2726 liciesque
1141 2654 1173 2705 nt
1199 2644 1346 2723 intelligat
1370 2642 1555 2707 Sanctitatis
1574 2664 1647 2707 arrae
1665 2650 1776 2727 ipsius-

106 2736 278 2799 tcstisrcatio
299 2748 389 2815 extat,
409 2742 527 2821 ingens,
548 2750 579 2803 et
598 2750 670 2823 post
686 2742 835 2803 bominum
855 2762 913 2803 me·
973 2759 1031 2821 qne
1062 2738 1263 2821 ,ipestoiicae
1284 2736 1378 2799 Sedis
1409 2748 1440 2799 et
1460 2740 1591 2801 annues
1618 2735 1773 2801 Romanae

106 2830 228 2893 moriam
258 2830 447 2895 nobilissima
475 2832 515 2895 de
540 2838 776 2897 instmrctissima
803 2834 913 2898 Turca·
971 2830 1315 2895 Ecclesiae-amicitiam
1348 2839 1379 2893 et
1410 2834 1586 2895 societatem
1613 2828 1777 2893 Serenitati

105 2942 168 2983 rum
195 2923 296 2987 classe
323 2924 361 2985 ud
382 2928 499 2989 insulas
518 2926 692 2991 Echinades
711 2930 836 2991 victoria
855 2928 913 2991 Pio
971 2944 1046 2985 suae
1073 2928 1152 2986 omni
1179 2934 1313 3005 tempore
1334 2924 1435 2985 ntiieru
1456 2934 1487 2987 et
1505 2922 1698 2987 honorificam
1717 2923 1781 2987 iore

105 3012 142 3075 P.
161 3015 197 3077 P.
213 3018 345 3094 erirrtus
367 3018 548 3081 Sanctitatis
567 3042 643 3083 strae
663 3020 913 3103 praedecessore,
972 3026 1007 3079 ut
1032 3021 1137 3079 merito
1165 3019 1223 3097 ipsi
1252 3016 1291 3077 ab
1318 3019 1386 3097 ejus
1412 3016 1584 3081 Serretitate
1608 3020 1710 3081 omuia
1733 3016 1779 3081 iiia

106 3110 193 3187 cnjus
213 3130 322 3171 nomen
345 3094 374 3172 iri
396 3112 607 3177 benedictione
633 3124 682 3175 est
707 3117 805 3176 sancti
833 3116 912 3177 iilius
972 3112 1035 3173 sint
1046 3108 1234 3193 expectanda
1244 3130 1441 3191 ‹praecuuque
1453 3107 1494 3171 ad
1513 3113 1582 3191 ejus
1596 3108 1777 3191 dignitatem,

107 3198 236 3263 ioederia
258 3204 383 3266 Summo
406 3206 472 3267 ileo
492 3216 615 3269 auctore
636 3216 668 3271 et
686 3216 838 3269 consorte.
973 3212 1004 3265 ct
1039 3202 1264 3285 amplitudinem
1300 3200 1468 3282 erigendam
1504 3202 1671 3265 sanctitati
1708 3224 1778 3267 suae

182 3292 256 3357 Cum
279 3301 368 3375 igitur
388 3298 610 3362 sanctissimus
629 3300 777 3363 Dominus
800 3300 914 3361 Noster
972 3306 1127 3378 praestare
1160 3317 1227 3359 cum
1259 3296 1391 3357 Domino
1424 3296 1536 3359 iicebit
1588 3296 1708 3361 Notum
1737 3306 1784 3361 est

106 3386 271 3467 Gregorius
285 3390 372 3455 xlii.
390 3394 573 3474 praeclarum
593 3394 788 3455 Serenissimi
811 3392 913 3472 biegni
972 3393 1051 3451 enim
1069 3410 1128 3451 non
1149 3408 1264 3471 pancos
1285 3388 1444 3471 Principes
1469 3392 1588 3453 virtutis
1615 3400 1649 3453 et
1669 3390 1783 3471 religio

105 3480 341 3545 dioscoritarum
372 3484 468 3547 lincis
497 3488 679 3549 volumtatem
710 3496 741 3548 ct
770 3489 912 3568 pietatem
972 3486 1019 3545 nis
1041 3502 1114 3562 ergo
1135 3504 1154 3545 a
1175 3481 1311 3543 Bouiano
1333 3481 1480 3547 Pontifice
1494 3492 1619 3565 propter
1637 3504 1783 3549 summa!

104 3578 306 3655 perspiceret,
333 3580 419 3661 sique
445 3580 485 3641 ab
513 3601 551 3643 eo
576 3579 617 3645 ad
637 3582 785 3642 amicitiae
805 3578 914 3641 foedus
972 3578 1003 3637 iu
1022 3578 1111 3636 terris
1130 3574 1292 3655 pastoralis
1316 3572 1405 3637 elicii
1432 3580 1644 3639 auctoritatem
1665 3578 1783 3661 amplis

102 3666 180 3729 nitro
210 3674 310 3733 vocari
343 3682 374 3733 ct
401 3674 517 3736 invitari
544 3672 807 3746 auiuradverteret,
836 3693 913 3736 sane
970 3668 1057 3729 siluis
1082 3668 1176 3729 filulis
1197 3676 1333 3739 oniam,
1363 3676 1395 3731 ei
1414 3668 1675 3749 Reflio'uomiue,
1699 3682 1784 3755 atque

104 3765 178 3823 tanti
210 3762 362 3847 Principis
387 3770 676 3849 praestantissimam
701 3770 856 3839 virtutem,
880 3776 913 3828 et
970 3765 1151 3825 ornamentis
1182 3759 1343 3823 decoratos
1374 3760 1487 3838 luisse,
1518 3770 1552 3823 ut
1579 3762 1734 3829 Polouiae
1757 3776 1786 3827 et

104 3876 174 3933 erga
195 3856 339 3921 Sanctum
365 3861 575 3943 Apostolicam
594 3859 706 3923 Sedem
727 3880 858 3921 amorem
879 3868 911 3921 et
969 3854 1140 3933 liungariae
1165 3854 1283 3933 Reges,
1315 3854 1453 3935 aliosque
1479 3855 1674 3936 complures,
1709 3876 1783 3941 ques

102 3948 321 4015 observantiam
349 3953 508 4017 licutitndo
540 3974 597 4015 sua
622 3953 720 4015 obviis
744 3953 825 4014 uinis
850 3952 909 4013 sibi
968 3968 1142 4009 craumerarn
1162 3948 1283 4027 iongcrm
1303 3956 1364 4009 est.

100 4044 356 4124 complectendam
377 4052 500 4128 putavit.
523 4048 657 4129 Cnmmre
677 4044 715 4109 de
732 4048 820 4109 celeri
834 4046 909 4109 Ora·
1045 4040 1109 4101 Sed
1134 4042 1271 4121 quonium
1299 4040 1339 4101 sd
1366 4058 1431 4101 Μ
1460 4040 1730 4115 P0²⁰V⁰i⁰¹¹lims
1756 4052 1784 4107 d

102 4144 196 4195 ιιιιιιιιι
217 4138 398 4201 screnitatis
424 4162 499 4202 snae
525 4144 555 4201 in
576 4144 702 4223 patriam
721 4139 819 4203 reditu
840 4161 908 4219 cog·
964 4137 1126 4196 animorum
1146 4135 1401 4204 consotiatiouem,
1420 4130 1459 4193 dc
1473 4154 1532 4212 qus
1545 4134 1782 4214 loquimurcaa·

102 4240 243 4289 nosceret
268 4254 327 4291 non
355 4234 451 4293 solnm
481 4254 535 4315 per
566 4234 685 4297 litteras
711 4235 908 4315 Apostoiieas
963 4227 1120 4289 ciliandam
1141 4227 1212 4287 nibil
1226 4228 1328 4293 utilius
1340 4246 1412 4287 esse
1422 4232 1524 4303 potest
1537 4248 1628 4306 quam
1644 4230 1677 4293 si
1696 4252 1783 4293 ιιιιιιι

101 4322 130 4377 in
152 4318 243 4383 iorma
264 4324 382 4393 Brevis,
402 4346 459 4407 qna
481 4327 574 4389 iorma
586 4328 714 4389 Romani
735 4327 907 4398 Pontifices,
963 4344 1071 4402 carpus
1092 4334 1124 4383 et
1144 4340 1223 4383 uuus
1241 4322 1366 4399 spiritus
1384 4339 1491 4381 omnes
1503 4320 1610 4391 simus,
1632 4328 1670 4385 rat
1688 4324 1723 4387 iu
1736 4344 1779 4387 aa·

100 4434 166 4472 curn
187 4412 224 4473 ad
251 4414 370 4493 Reges,
397 4430 448 4480 aut
475 4430 506 4483 et
532 4419 571 4483 ad
597 4420 807 4501 imperatorem
834 4422 907 4481 ecri-
961 4420 1050 4479 ritate
1069 4415 1191 4477 radicati
1211 4420 1243 4475 et
1263 4412 1381 4475 fundati
1390 4432 1549 4475 servemus
1564 4414 1782 4499 unitatemqi-

100 4506 173 4567 Ιιιιιιι
194 4513 285 4571 veteri
307 4514 444 4573 instituto
464 4518 508 4575 uti
527 4514 643 4585 soient,
667 4512 724 4573 sed
744 4516 833 4573 ctiam
853 4534 908 4595 per
962 4512 1038 4571 ritus
1059 4512 1088 4569 in
1103 4508 1219 4569 vinculo
1240 4509 1323 4586 pacis
1343 4506 1452 4567 ideireo
1475 4508 1507 4567 in
1527 4528 1564 4569 oo
1584 4512 1780 4589 potissimas

100 4610 213 4663 certum
243 4604 391 4666 bourincm
420 4606 621 4669 serenitatem
656 4626 741 4667 suam
774 4606 906 4668 salutare
964 4602 1175 4665 elaborandum
1195 4602 1249 4661 tibi
1267 4606 1318 4661 cst
1343 4606 1377 4661 ut
1404 4618 1543 4679 maguum
1568 4600 1654 4665 illusa
1664 4604 1782 4667 Duo·

99 4694 192 4756 vnlnit
212 4708 245 4759 nt
265 4702 360 4781 major
384 4704 512 4777 amoris,
539 4710 571 4762 et
599 4701 810 4783 propensionis
831 4718 907 4761 suae
964 4698 1004 4758 de
1024 4696 1082 4767 bis,
1101 4715 1178 4776 quiae
1197 4694 1236 4757 ad
1255 4694 1407 4772 religionis
1427 4693 1616 4755 concordiam
1631 4700 1782 4778 partim

98 4786 277 4857 significatio
297 4796 450 4855 emineret.
491 4792 556 4857 Sed
578 4814 616 4855 ne
638 4814 696 4876 qna
716 4812 799 4853 mura
818 4794 906 4855 inter·
965 4791 1190 4853 studiosissime
1208 4787 1383 4859 admoneas,
1403 4786 1433 4847 id
1452 4790 1533 4849 euin
1553 4797 1588 4849 ut
1601 4787 1783 4855 ‹beabu-

100 4892 272 4955 pnneretnr‚
303 4890 330 4946 si
363 4888 471 4969 aiimris
502 4910 538 4950 ex
566 4888 642 4951 urbe
674 4888 764 4968 bujrrs
795 4890 907 4965 negotii
933 4944 938 4991 Ι
966 4884 1168 4947 Sanctissimo
1178 4882 1306 4943 iiomino
1325 4880 1438 4943 Nostro
1450 4882 1583 4961 inprimis
1594 4890 1783 4967 proposita!

98 4990 191 5033 carrea
222 4976 251 5035 in
280 4978 464 5042 dioscoriam
495 4986 673 5045 mitteretur:
705 4980 805 5042 miritis
829 4984 906 5043 enim
933 4998 938 5063 ι
967 4992 1032 5043 est.
1062 4978 1112 5056 qni
1133 4997 1187 5057 prro
1206 4998 1264 5037 suo
1286 4975 1429 5055 prasteraii
1449 4975 1549 5037 officio
1584 4996 1711 5041 ιιιιιοιιι
1732 4980 1783 5045 Re·

99 5062 137 5123 de
158 5068 263 5127 causis
283 5070 444 5147 linangiorern
465 5074 637 5137 dilationem
664 5098 699 5137 ea
730 5074 906 5137 deliberatio
934 5070 938 5129 ‘i
966 5075 1124 5135 ciceiarruu
1145 5070 1376 5131 sollicitudiuem
1399 5071 1486 5149 perit,
1505 5070 1556 5151 qui
1583 5070 1672 5135 nulia
1691 5074 1734 5137 de
1754 5094 1784 5135 re

97 5158 283 5239 remanebat.
311 5174 466 5243 parapteres
487 5172 641 5231 Sanctitas
662 5187 716 5231 ιιιιιι
736 5190 776 5229 nc
796 5178 906 5247 tempo·
935 5216 938 5221 .
967 5168 1070 5233 avesuis.
1091 5172 1139 5227 aut
1163 5164 1349 5243 irequcntins
1370 5166 1487 5243 cogitat,
1507 5182 1597 5243 arram
1618 5166 1782 5233 destinis
