3742 5626
610 205 910 279 uononeonreon
935 184 1187 269 annuanrcuu.
1564 250 1572 268 .
1712 208 1730 277 r.

62 370 122 434 que
152 354 291 437 liquoris,
321 361 417 419 coucti
448 365 518 419 scrut
544 361 636 419 nostri
664 359 764 420 tumuli
788 379 868 438 aqua
1002 364 1048 425 ll.
1083 362 1141 423 llio
1160 363 1299 439 Velinum
1318 369 1516 447 pervenimus,
1536 367 1678 448 oppidum
1697 370 1726 431 7.
1782 394 1785 399 ·

62 466 97 509 sc
121 450 160 511 ab
185 450 375 511 excruciante
398 451 448 513 siti
475 449 639 523 vindicare,
664 472 770 513 navem
797 470 868 529 ergo
922 452 1085 513 miliaribus
1104 461 1247 517 remotum
1272 477 1292 518 a
1311 457 1377 518 loco
1397 438 1598 541 praescripto:
1622 461 1652 521 in
1680 462 1727 523 via

60 542 253 603 ucendimus
273 542 408 613 volentes
427 543 541 627 navigio
566 544 742 605 Pemeviam
766 543 867 625 appel·
921 546 1040 626 excepti
1061 566 1166 607 sumus
1184 567 1204 607 a
1222 547 1372 617 liutbenis
1392 571 1459 611 eum
1481 551 1546 615 1011.
1572 552 1727 633 Sclopcta·

60 630 136 703 lere,
151 634 208 693 sed
229 655 297 695 cun
315 656 369 717 per
387 635 478 697 lroros
496 640 560 697 tres
574 643 738 716 quatuorve
758 637 867 697 trustra
922 638 975 698 riis
993 642 1024 696 et
1043 637 1193 697 nonnullis
1214 641 1372 719 equitibus.

60 722 150 783 undis
171 728 377 787 aestuantibus
400 728 519 787 molesti
545 727 720 799 fuissemus,
745 728 865 789 tandem
998 727 1038 789 111
1057 749 1125 789 eura
1151 731 1180 788 is
1205 730 1353 793 civitatem
1378 753 1435 793 non
1463 735 1727 809 intromitterentur,

61 823 213 879 ventorum
232 818 358 879 saevitia
383 816 508 900 repulsi‘
520 827 636 900 portum
662 820 794 881 relictum
822 841 864 879 re·
920 819 1017 900 pedes
1036 822 1162 899 figentes
1190 823 1219 883 in
1240 823 1367 905 planisio
1393 830 1477 885 extra
1496 846 1597 888 muros
1618 828 1726 892 diebus

61 909 193 969 salutare
213 912 306 971 eoacti
325 930 442 981 snmus,
467 912 568 991 ibique
597 914 648 975 illa
673 918 760 973 noete
786 913 866 973 eirca
920 915 1037 975 octonis
1056 915 1096 974 ibi
1117 934 1223 977 sumus
1247 917 1427 989 commorati,
1454 918 1523 995 quia
1550 939 1605 979 nec
1630 943 1726 1003 equos

60 1003 215 1063 eastetimu
234 1008 304 1063 osto
322 1004 436 1083 aliquot
460 1024 556 1066 mnes
575 1002 764 1067 destructum·
781 1005 864 1069 Wcr·
921 1026 977 1067 nec
1002 1026 1106 1069 curnm
1132 1004 1243 1071 babere
1275 1009 1440 1090 potuimus,
1465 1011 1602 1088 quamvis
1628 1014 1727 1075 indies

60 1094 118 1153 der
138 1094 319 1154 nominatum·
335 1097 501 1174 quiescere.
891 1112 895 1175 j
921 1119 978 1159 nos
995 1098 1141 1161 lactarunt
1160 1121 1237 1163 vana
1262 1121 1328 1182 spe,
1355 1100 1501 1161 iacientes
1526 1103 1613 1163 nobis
1639 1125 1726 1185 spem

135 1184 237 1245 Altero
257 1184 316 1258 die,
336 1186 387 1266 qui
407 1193 472 1249 orst
499 1192 519 1251 5
548 1187 628 1249 Juuii
652 1210 758 1259 sumus
777 1190 865 1249 curri·
920 1190 1128 1271 profectionis:
1156 1196 1256 1255 omnis
1285 1200 1383 1255 tamen
1409 1213 1487 1273 quae
1512 1196 1727 1274 promisserunt

57 1277 115 1335 bus
135 1282 166 1337 et
184 1279 272 1357 equis
293 1279 321 1339 b.
343 1280 466 1341 miliaria
485 1280 524 1340 ad
543 1280 639 1341 locum
659 1283 736 1343 iuter
755 1282 864 1342 Pereo·
890 1272 894 1283 ’
920 1282 1033 1349 veritati
1055 1285 1153 1345 minus
1173 1262 1290 1346 iuerdnt
1310 1306 1452 1347 consona.
1572 1290 1578 1309 “

57 1369 133 1428 rimu
148 1375 180 1429 et
195 1370 517 1453 Werrlerjuterjectum
528 1374 794 1434 concomitantibus
812 1375 860 1436 to.
890 1428 893 1433 ,
995 1375 1053 1436 llic
1083 1396 1138 1436 nec
1169 1377 1360 1455 ignorandum
1391 1399 1446 1439 nec
1478 1374 1725 1458 praetereundum

56 1463 206 1539 equitibus
227 1470 257 1523 et
276 1464 465 1544 sclopetariis
484 1464 671 1542 quibusdam.
889 1446 893 1523 l
919 1487 1040 1539 censeo,
1053 1467 1133 1548 quod
1146 1470 1308 1549 permultae
1324 1470 1522 1531 Livouienses
1535 1466 1726 1529 mulierculae
1850 1506 1859 1519 ·

131 1556 159 1613 o.
191 1555 251 1615 llic
276 1555 454 1617 Peruoviam
473 1558 639 1633 attigimus,
662 1555 810 1617 absolutis
834 1556 863 1617 5.
919 1559 1048 1620 inientes
1068 1561 1148 1621 ulnis
1160 1561 1226 1621 suis
1245 1562 1283 1623 od
1302 1567 1433 1621 nostrum
1452 1569 1601 1641 pastorem
1626 1546 1737 1637 gestae

55 1646 219 1707 miliaribus
238 1648 315 1718 aliis,
340 1649 390 1708 ulri
410 1649 608 1729 sperabamus
633 1648 787 1710 babituros
807 1669 863 1710 nos
889 1676 892 1733 3
918 1654 983 1723 rint,
1009 1655 1165 1734 cupientes
1191 1654 1259 1714 illos
1279 1654 1356 1715 sacri
1377 1654 1562 1732 baptismatis
1576 1650 1724 1712 ablotiono

56 1731 205 1817 luispitem
219 1742 454 1811 convenientem,
473 1743 524 1821 qui
544 1743 687 1803 rationem
701 1742 791 1801 nostri
811 1742 862 1801 ali·
888 1742 892 1803 i
916 1744 1066 1815 mundari,
1098 1745 1177 1826 quod
1207 1746 1295 1806 etiam
1316 1744 1438 1821 accidit:
1469 1742 1612 1823 baptisati
1645 1743 1723 1801 enim

56 1832 174 1908 qualem
187 1832 318 1902 baberet,
339 1832 503 1914 domosque
516 1833 687 1914 adepturos,
707 1835 736 1893 in
752 1833 862 1913 quibus
888 1816 892 1885 l
917 1842 987 1897 sunt
1006 1836 1056 1897 illo
1077 1842 1211 1918 tempore
1232 1858 1290 1917 quo
1311 1839 1350 1897 ibi
1371 1836 1540 1896 commorati
1561 1852 1681 1903 sumus,
1706 1852 1724 1892 a

54 1922 155 2001 aliquo
175 1924 264 1984 modo
283 1926 362 1985 vires
380 1947 419 1987 ex
439 1928 591 2009 necturnis
607 1926 714 2005 vigilus
734 1932 861 2006 prostra-
917 1936 1017 1989 nostro
1037 1936 1157 2010 pastore
1183 1930 1257 1989 ultra
1283 1929 1332 1990 bb.
1352 1948 1475 2009 quorum
1499 1926 1618 2006 quidam
1633 1925 1723 1986 bima·

55 2020 114 2087 tas,
141 2018 261 2077 relicere
279 2018 510 2098 recolligereque
528 2037 705 2099 possemus:
730 2017 786 2079 sed
805 2018 861 2079 l'ru·
888 2034 892 2087 1
916 2028 978 2081 tum
1003 2027 1204 2092 excesserant,
1224 2019 1255 2081 bi
1277 2020 1351 2081 sorte
1371 2022 1397 2081 si
1419 2040 1477 2081 sou
1495 2018 1725 2079 advenissemus

55 2109 140 2169 strati
159 2127 225 2191 spic,
246 2131 314 2171 curu
334 2132 371 2171 eo
390 2117 564 2191 perventum
589 2117 646 2182 est,
670 2111 786 2171 obviam
813 2132 863 2171 uo·
887 2090 893 2193 ζ
917 2113 1021 2192 privati
1042 2113 1170 2173 tuissent
1191 2118 1378 2177 sacramente
1398 2112 1586 2194 baptismatis
1605 2130 1702 2173 sacro.

56 2202 105 2261 lris
126 2203 629 2282 veneruntduol’raestalrlii(qui
650 2204 863 2263 vicecomites
888 2198 892 2275 l
996 2204 1040 2265 Ex
1067 2205 1169 2277 borum
1199 2204 1349 2265 lromioum
1383 2204 1601 2266 calamitatibus
1627 2200 1739 2262 disca-1

54 2295 144 2353 nubis
164 2302 277 2366 essent,
297 2303 327 2356 et
347 2297 519 2357 neccssaria
538 2295 741 2375 procurarent)
766 2290 861 2375 probi·
889 2304 892 2375 ζ
917 2317 985 2357 mus
1012 2318 1068 2357 uos
1087 2298 1199 2375 gratius
1221 2318 1319 2377 «agere
1349 2297 1542 2378 omnipotenti
1574 2294 1639 2355 lieo
1669 2314 1723 2375 pro

55 2386 164 2447 lrerrtes
183 2409 221 2449 ue
233 2390 381 2449 civitatem
396 2387 616 2465 ingrederemur
628 2387 781 2447 collocatis
793 2392 862 2447 auto
889 2378 892 2435 Ι
917 2409 975 2449 sua
994 2390 1023 2448 iu
1051 2410 1106 2449 nos
1132 2390 1269 2459 cervitate,
1295 2388 1374 2468 quod
1397 2389 1507 2449 nostris
1532 2388 1632 2466 regnis
1652 2406 1722 2447 con·

55 2485 158 2559 portm
184 2482 343 2559 sagittariis
368 2501 457 2560 quam
482 2480 641 2560 plurimus,
673 2499 732 2558 quo
763 2480 862 2539 minus
889 2490 892 2547 ξ
918 2483 1045 2559 cesserit
1075 2483 1197 2541 verbum
1226 2502 1313 2543 suum
1338 2500 1442 2562 purum
1476 2480 1722 2558 inviolatumque:

56 2571 144 2630 nobis
170 2572 287 2633 daretur
316 2573 431 2634 aditus:
461 2576 767 2651 commonstrataeque
792 2576 862 2632 sunt
917 2574 1119 2633 sacramentis
1156 2595 1274 2653 quoque
1303 2574 1452 2659 paptiano
1485 2577 1515 2632 et
1544 2593 1638 2634 coena
1671 2570 1721 2631 do·

56 2664 144 2723 notris
160 2663 267 2725 domus
281 2667 311 2747 iu
323 2666 474 2736 suburbio,
491 2665 529 2725 od
543 2686 620 2745 quas
632 2663 861 2723 diverteremur:
888 2664 891 2717 l
917 2667 986 2724 mini
1017 2671 1135 2725 nostras
1170 2665 1327 2725 Ecclesias
1359 2664 1576 2735 condecorarit,
1615 2664 1723 2743 quibus

54 2776 182 2835 cumque
209 2757 356 2838 hospitem
384 2778 440 2834 ego
465 2776 564 2816 meum
595 2757 645 2816 vix
670 2755 861 2827 salutassem,
887 2740 892 2855 l
917 2758 1017 2816 miseri
1033 2757 1232 2817 hironimus
1251 2755 1450 2815 destituuntur
1469 2760 1587 2835 propter
1607 2754 1724 2815 scelera

54 2850 209 2909 incensum
230 2855 278 2909 est
297 2870 395 2909 meum
409 2850 562 2919 conclave,
581 2853 734 2927 totumquo
748 2849 777 2906 in
790 2854 861 2908 tom·
888 2866 891 2891 ¹
917 2849 986 2908 olim
1008 2855 1191 2929 perpetratu:
1211 2853 1271 2907 toto
1291 2848 1377 2925 igitur
1397 2846 1486 2905 corde
1498 2845 1658 2926 optandum
1673 2865 1723 2903 no-

57 2941 298 3022 porisruomento
312 2944 510 3010 combustum,
523 2945 556 3001 ut
569 2940 862 3018 visipseevoserim,
919 2942 966 3001 bis
987 2942 1056 3011 erit,
1085 2946 1117 2999 nt
1137 2959 1256 3020 semper
1275 2945 1394 3000 mauest
1419 2939 1573 2997 nobiseum
1593 2936 1724 3018 Spiritus

55 3033 221 3094 combustis
247 3035 382 3094 vestibus
408 3031 601 3113 quibusdam,
627 3049 777 3102 mucrone,
803 3032 863 3093 lan·
918 3038 1052 3103 sanctus,
1072 3031 1223 3091 illustrans
1244 3031 1334 3092 eorda
1355 3036 1455 3091 nostra
1481 3050 1517 3089 ue
1543 3027 1723 3109 contemptui
1823 3068 1828 3073 -

53 3148 111 3187 een
129 3133 160 3185 ct
179 3128 268 3186 rebus
287 3126 413 3201 aliis‘et
435 3126 490 3185 nisi
512 3125 589 3199 bona
615 3127 715 3183 nostra
736 3121 863 3184 siuissent
889 3118 892 3227 l
919 3123 1084 3184 babeamus
1104 3144 1221 3184 sacrum
1242 3124 1313 3185 illud
1338 3123 1457 3183 verbum
1484 3122 1570 3181 notris
1596 3119 1725 3181 ethnicis

54 3220 85 3279 iu
109 3220 233 3293 navibus
248 3218 350 3279 relicta
361 3223 459 3279 actum
470 3216 579 3276 luisset
591 3215 630 3275 do
645 3215 682 3275 iis
695 3217 842 3277 omnibus.
888 3242 892 3281 r
919 3239 955 3277 ex
975 3217 1100 3293 gratuitu
1120 3217 1220 3277 miseri
1235 3216 1333 3277 cordia
1346 3236 1532 3285 concessum,
1554 3234 1591 3273 ne
1605 3232 1724 3293 quoque

98 3330 102 3337 ·
132 3310 191 3373 Ubi
212 3310 270 3370 lroe
282 3310 417 3380 vidimus,
438 3309 592 3389 coepimus
610 3307 783 3379 deliberare,
804 3331 862 3388 quo
889 3346 892 3365 ι
918 3309 997 3371 mala
1016 3310 1076 3369 vita
1095 3308 1241 3387 malisque
1254 3308 1386 3367 rueribus
1398 3307 1496 3386 ipsum
1510 3304 1705 3387 depellamus.

54 3406 85 3464 iu
106 3404 173 3465 loeo
199 3403 307 3484 pedem
335 3408 397 3463 tuto
425 3403 583 3479 figeremus
607 3406 638 3459 ct
662 3406 732 3479 post
758 3401 862 3480 leugas
889 3388 892 3419 ⁵
930 3416 938 3421 “
997 3402 1042 3462 18.
1070 3401 1151 3461 lunii
1179 3400 1351 3480 reliquimus
1371 3397 1509 3459 Velinum
1528 3398 1724 3459 sbsoluimus·

54 3496 287 3557 deliberationes
323 3495 483 3555 statuimus
520 3512 613 3553 naves
650 3495 862 3563 cerracendere,
889 3570 891 3575 Ι
919 3513 977 3570 quc
1008 3495 1036 3555 1.
1062 3494 1185 3553 miliaria
1210 3499 1426 3552 commorantes
1453 3493 1481 3551 irr
1507 3492 1645 3571 pascuis,
1673 3490 1723 3549 ubi

54 3588 152 3649 donec
171 3588 315 3650 adessent
336 3590 473 3668 jumenta
492 3584 683 3664 perducentia
709 3603 765 3642 uos
790 3586 862 3645 ulte·
889 3602 892 3641 2
918 3604 985 3643 cum
1005 3586 1173 3661 sagittariis
1199 3586 1267 3647 200.
1289 3584 1438 3663 equitibus
1459 3584 1522 3641 100.
1549 3584 1637 3643 nobis
1661 3580 1711 3641 llu

56 3683 132 3742 rius:
152 3682 208 3743 sed
229 3681 286 3743 lrec
306 3681 392 3740 nobis
413 3684 461 3740 cst
480 3677 668 3753 denegatum,
693 3677 752 3735 iuro
777 3700 795 3737 u
815 3698 862 3737 sa·
918 3674 999 3735 tlreni
1022 3677 1137 3739 obviam
1157 3696 1283 3737 renero:
1316 3683 1346 3735 et
1371 3676 1421 3753 qui
1447 3674 1503 3733 sibi
1531 3681 1651 3754 propter
1676 3694 1723 3732 eo·

54 3775 180 3852 gittariis
200 3775 228 3835 in
255 3774 345 3835 maris
370 3772 466 3832 littore
492 3769 649 3839 collocatis
675 3767 862 3848 prohibitum,
889 3774 891 3779 '
918 3768 985 3847 pias
1010 3767 1138 3829 bostium
1165 3770 1194 3827 iu
1219 3770 1385 3849 propinquo
1411 3765 1553 3825 collectas
1579 3766 1724 3833 timerent,

55 3887 94 3926 uo
120 3888 165 3937 ea,
191 3888 267 3946 equae
288 3866 435 3926 voluimus
455 3862 676 3942 perficeremus,
701 3880 793 3938 quoru
813 3882 862 3920 no·
889 3852 891 3857 ¹
918 3858 1102 3920 elterrdermrt
1128 3880 1183 3919 nos
1213 3860 1242 3919 in
1276 3861 1322 3919 via
1355 3858 1438 3917 1000.
1470 3856 1588 3934 equites
1619 3876 1725 3915 omncs

55 3959 154 4021 lentes
173 3960 309 4018 volentes
330 3954 531 4033 castrametati
557 3971 663 4012 sumna
684 3952 712 4010 iu
733 3952 861 4031 planicie
889 3970 892 4023 ζ
919 3950 1033 4011 Tartari
1054 3971 1120 4011 cum
1147 3950 1335 4030 sclnpetariis
1358 3951 1421 4008 100.
1452 3947 1501 4027 qui
1529 3967 1585 4006 nos
1610 3947 1648 4013 ab
1674 3945 1724 4006 bo·
1846 3972 1849 3979 ·

55 4056 141 4109 extra
160 4052 261 4108 urbem
284 4051 313 4108 in
334 4048 412 4107 diem
433 4049 558 4106 tertium.
889 4028 892 4041 ¹
918 4044 1008 4103 stium
1028 4044 1205 4113 incursione,
1225 4043 1252 4101 si
1266 4062 1344 4123 opus
1357 4046 1449 4109 esset,
1468 4045 1627 4099 tuerentur.
1647 4036 1726 4101 lllnc

133 4140 175 4199 llri
202 4142 317 4220 experti
338 4160 444 4201 sumus
470 4156 603 4198 rumores
623 4135 663 4195 ele
687 4134 798 4195 Suecis
822 4135 861 4197 sd
918 4135 1040 4215 pupius
1059 4135 1169 4195 absunt
1187 4153 1274 4194 arces
1294 4132 1445 4201 licimodt,
1468 4130 1575 4211 Nuces
1594 4139 1625 4193 ct
1643 4130 1725 4193 Kor·

56 4252 114 4293 rurs
135 4232 217 4310 prius
237 4231 357 4291 delatos
366 4231 508 4291 certiores
522 4229 633 4289 fuisse:
653 4226 770 4287 fererant
783 4248 862 4287 nam·
888 4204 892 4251 ¹
918 4228 976 4295 en,
1007 4247 1084 4306 rqrrae
1107 4224 1205 4287 adbuc
1235 4226 1292 4285 sub
1321 4230 1470 4308 potestate
1501 4222 1598 4285 lincis
1627 4224 1725 4303 magni

55 4347 116 4406 que
143 4325 249 4400 exigua
275 4343 342 4383 cum
367 4324 454 4404 copis
480 4322 547 4383 istis
572 4320 680 4381 diebus
705 4320 736 4377 iu
759 4320 862 4379 subur·
889 4312 892 4389 !
919 4323 997 4378 suut.
1654 4398 1657 4403 Ι

54 4420 115 4485 lvio,
135 4418 183 4475 obi
204 4438 223 4476 a
237 4414 387 4475 llutlrenis
407 4437 444 4475 ex
466 4416 538 4475 urbe
558 4415 587 4473 in
599 4412 667 4473 illos
680 4412 862 4491 eruptionem
996 4408 1120 4470 Summo
1146 4431 1233 4473 urano
1258 4411 1413 4492 sequentis
1439 4410 1499 4472 diei
1525 4412 1604 4471 cirea
1623 4409 1725 4470 boram

57 4511 244 4578 iacientibus,
266 4508 368 4567 leviori
389 4507 467 4567 bello
487 4525 554 4565 cnm
575 4505 614 4563 iis
624 4510 784 4584 pugnatum
805 4510 863 4576 est,
888 4508 894 4551 t
919 4504 948 4563 2.
970 4508 1071 4563 castra
1089 4504 1236 4565 movimus
1256 4510 1396 4582 rectaque
1416 4501 1577 4564 Tarinatum
1606 4507 1725 4561 conteu-

57 4623 116 4662 uon
136 4623 227 4683 parve
256 4622 322 4660 cum
350 4598 453 4659 borum
475 4597 650 4655 detrimento
677 4597 759 4657 caesi
784 4600 863 4659 esim
920 4594 1018 4655 dimus
1039 4598 1161 4678 trajecto
1180 4597 1253 4656 mari
1273 4593 1476 4672 Ilolrtcsclrre,
1496 4591 1726 4673 permansimus·

56 4700 127 4755 sust
145 4716 165 4755 a
183 4695 294 4754 Suecis
314 4690 445 4752 llutlreni
463 4688 511 4751 00.
890 4680 896 4795 ἱ
920 4709 978 4767 que
999 4708 1095 4768 penes
1115 4708 1231 4749 amnem
1250 4694 1410 4767 postquam
1430 4682 1479 4743 die
1498 4685 1527 4743 o.
1540 4682 1663 4741 milleris
1675 4681 1725 4742 ab

133 4789 161 4847 9.
194 4786 251 4845 Die
277 4784 475 4845 discessimus
495 4778 705 4839 comitantibus
732 4784 795 4845 100.
817 4802 864 4842 sa·
885 4798 895 4875 p
920 4781 1135 4841 scivissemus:

56 4880 183 4957 gittariis
203 4886 234 4939 et
251 4881 299 4937 2⁰.
319 4876 478 4955 equitibus,
499 4876 530 4930 et
549 4869 662 4929 miliare
681 4871 865 4933 absolvimus
891 4886 894 4957 ζ
997 4870 1087 4931 Uude
1111 4872 1159 4932 20.
1186 4871 1235 4931 die
1260 4871 1289 4928 iu
1316 4888 1420 4929 aurora
1439 4865 1653 4933 discessimus,
1679 4884 1727 4925 se·

56 4978 268 5053 pervmctautes
288 4971 317 5029 in
338 4986 444 5045 eampo
464 4984 545 5025 marro
564 4960 662 5021 solito.
889 4978 900 5003 .=
921 4966 1062 5041 ptemquo
1081 4962 1244 5022 miliaribus
1264 4962 1394 5042 peractis
1414 4957 1574 5019 'l'arbatum
1586 4957 1726 5043 perveni·

135 5064 261 5123 Postero
287 5063 335 5122 die
363 5064 409 5122 10.
427 5057 508 5117 Junii
533 5057 561 5115 7.
589 5047 714 5113 miliario
739 5045 866 5108 consoci-
921 5070 1005 5113 mus:
1037 5052 1125 5124 Quae
1149 5052 1257 5112 civitas
1275 5072 1358 5135 muro
1379 5057 1426 5110 est
1453 5050 1650 5115 cirumelncta,
1676 5047 1726 5107 do·

56 5174 137 5225 mus,
157 5154 373 5217 delitescentes
391 5152 451 5213 sub
470 5146 625 5211 lroudibus
639 5138 845 5206 clarioribus.
888 5166 892 5205 ;
923 5144 1082 5224 mibusquo
1102 5143 1230 5225 lapideis
1248 5149 1391 5209 extructa.
1411 5164 1448 5205 eo
1467 5142 1564 5214 ruodo,
1584 5146 1617 5202 ut
1633 5142 1726 5223 ajunt,
