3742 5626
155 2481 255 2582 liujus
280 2484 424 2560 instituti
449 2487 517 2559 mel
543 2490 641 2561 ratio.
694 2482 795 2579 Quae
821 2512 899 2564 cum
932 2487 1025 2584 Tibi,
1052 2487 1123 2584 Vir
1154 2485 1475 2586 Excellentissime,
1508 2485 1676 2586 placuerit
1706 2498 1743 2560 et
1773 2487 1807 2558 iu

155 2646 276 2720 barram
302 2657 433 2743 partem
459 2658 602 2746 aeaepta
626 2646 742 2744 fuerit,
769 2647 805 2721 id
829 2647 912 2723 mihi
938 2673 1111 2724 summum
1138 2653 1204 2724 erit
1229 2653 1418 2748 praemium
1444 2659 1481 2724 et
1491 2647 1665 2746 gaudium,
1691 2643 1804 2719 laeta·

155 2831 222 2904 que
248 2811 359 2882 animo
384 2806 428 2881 ad
453 2806 588 2900 reliqua
612 2805 788 2882 volumina
814 2807 948 2883 edenda
973 2807 1147 2885 acaedam.

305 2966 408 3064 Vale,
434 2969 504 3042 Vir
529 2967 765 3044 perillustris!
792 2968 932 3047 Utinam
956 2969 1060 3044 Deus
1086 2965 1247 3067 Optimus
1260 2971 1439 3045 Maximus
1464 2972 1521 3046 'l'e
1547 2990 1650 3062 quam
1674 2968 1800 3042 diutis-

154 3132 243 3203 sime
269 3126 475 3204 incolumem
502 3143 696 3228 conservet,
722 3144 761 3205 ut
786 3135 898 3204 omnia
924 3155 976 3226 ea,
1002 3147 1091 3219 quae
1116 3132 1249 3203 animus
1275 3130 1376 3205 Tuus
1402 3130 1567 3207 excelsus
1582 3157 1624 3205 ac
1642 3126 1805 3204 sublimis

153 3289 199 3367 ed
220 3292 350 3388 patriae
375 3288 541 3387 salutem,
567 3289 744 3366 literarum
771 3295 964 3382 artiumque
996 3288 1115 3366 florem
1140 3288 1289 3388 molitur,
1316 3303 1353 3366 et
1384 3290 1514 3366 efficias
1547 3300 1584 3366 et
1615 3286 1809 3389 persolvas.

152 3450 243 3545 'his
268 3474 355 3526 reru
379 3449 558 3525 beneficiis
583 3477 627 3526 ue
653 3455 718 3525 sim
744 3450 845 3551 plaue
870 3450 1041 3549 indignus,
1067 3476 1157 3526 neve
1192 3456 1484 3550 exspectationem
1509 3473 1653 3551 prorsus
1677 3445 1807 3542 fallam,

152 3634 197 3685 ex
224 3611 384 3689 omnibus
410 3614 498 3686 meis
523 3614 666 3709 viribus,
694 3632 781 3704 quas
808 3632 910 3704 quam
935 3617 1004 3688 siut
1028 3615 1176 3708 exiguae
1202 3612 1292 3688 haud
1318 3617 1449 3710 ignaro,
1463 3614 1573 3687 enitar
1593 3607 1805 3685 aestudebu.

301 3943 618 4033 llxeelleutiae
648 3945 777 4032 Tuae
806 3971 861 4033 ae
890 3941 1262 4062 Magnificentiae

873 4376 978 4424 SUUM
997 4380 1057 4428 CUM
1077 4381 1283 4431 usurpamus!
1300 4382 1337 4431 ΕΤ
1358 4378 1533 4432 auulsum

1166 4817 1307 4900 Servus
1332 4841 1549 4921 summopere
1574 4808 1712 4893 delitus

1291 5080 1480 5133 sumamus
1500 5081 1536 5129 ul
1559 5074 1772 5130 ΒῙἌΙΗΣΕΙΨΒΙΙΔ
