<?xml version="1.0" encoding="UTF-8"?>
<!DOCTYPE html PUBLIC "-//W3C//DTD XHTML 1.0 Transitional//EN"
    "http://www.w3.org/TR/xhtml1/DTD/xhtml1-transitional.dtd">
<html xmlns="http://www.w3.org/1999/xhtml" xml:lang="en" lang="en">
 <head>
  <title>
</title>
<meta http-equiv="Content-Type" content="text/html;charset=utf-8" />
  <meta name='ocr-system' content='tesseract 3.04.00' />
  <meta name='ocr-capabilities' content='ocr_page ocr_carea ocr_par ocr_line ocrx_word'/>
</head>
<body>
  <div class='ocr_page' id='page_1' title='image "./historiaeruthen00stargoog_0630.png"; bbox 0 0 3734 5610; ppageno 0'>
   <div class='ocr_carea' id='block_1_1' title="bbox 656 212 1202 281">
    <p class='ocr_par' dir='ltr' id='par_1_1' title="bbox 656 212 1202 281">
     <span class='ocr_line' id='line_1_1' title="bbox 656 212 1202 281; baseline -0.011 -3"><span class='ocrx_word' id='word_1_1' title='bbox 656 216 710 281; x_wconf 79' lang='lat' dir='ltr'><strong>brt</strong></span> <span class='ocrx_word' id='word_1_2' title='bbox 729 212 869 278; x_wconf 70' lang='lat' dir='ltr'><strong>nantis</strong></span> <span class='ocrx_word' id='word_1_3' title='bbox 889 212 1202 275; x_wconf 67' lang='lat' dir='ltr'><strong>thSCOVlTlClS.</strong></span> 
     </span>
    </p>
   </div>
   <div class='ocr_carea' id='block_1_2' title="bbox 58 375 923 4152">
    <p class='ocr_par' dir='ltr' id='par_1_2' title="bbox 94 375 902 1112">
     <span class='ocr_line' id='line_1_2' title="bbox 94 375 896 460; baseline -0.016 -14"><span class='ocrx_word' id='word_1_4' title='bbox 94 382 240 445; x_wconf 83' lang='lat' dir='ltr'><strong>adversus</strong></span> <span class='ocrx_word' id='word_1_5' title='bbox 261 379 539 460; x_wconf 76' lang='lat' dir='ltr'><strong>lifagdehnrgenses</strong></span> <span class='ocrx_word' id='word_1_6' title='bbox 551 379 783 449; x_wconf 80' lang='lat' dir='ltr'><strong>f&#39;entnriateres,</strong></span> <span class='ocrx_word' id='word_1_7' title='bbox 806 386 837 438; x_wconf 90' lang='lat' dir='ltr'><strong>ct</strong></span> <span class='ocrx_word' id='word_1_8' title='bbox 855 375 896 435; x_wconf 86' lang='lat' dir='ltr'><strong>al·</strong></span> 
     </span>
     <span class='ocr_line' id='line_1_3' title="bbox 94 470 898 556; baseline -0.011 -20"><span class='ocrx_word' id='word_1_9' title='bbox 94 486 167 549; x_wconf 84' lang='lat' dir='ltr'><strong>tero,</strong></span> <span class='ocrx_word' id='word_1_10' title='bbox 189 479 238 556; x_wconf 80' lang='lat' dir='ltr'><strong>qui</strong></span> <span class='ocrx_word' id='word_1_11' title='bbox 259 473 384 536; x_wconf 78' lang='lat' dir='ltr'><strong>Scholia</strong></span> <span class='ocrx_word' id='word_1_12' title='bbox 403 474 433 532; x_wconf 92' lang='lat' dir='ltr'><strong>in</strong></span> <span class='ocrx_word' id='word_1_13' title='bbox 454 476 684 534; x_wconf 74' lang='lat' dir='ltr'><strong>constitutiones</strong></span> <span class='ocrx_word' id='word_1_14' title='bbox 702 470 898 553; x_wconf 80' lang='lat' dir='ltr'><strong>Apostolieas</strong></span> 
     </span>
     <span class='ocr_line' id='line_1_4' title="bbox 94 560 899 645; baseline -0.012 -17"><span class='ocrx_word' id='word_1_15' title='bbox 94 567 134 629; x_wconf 88' lang='lat' dir='ltr'><strong>D.</strong></span> <span class='ocrx_word' id='word_1_16' title='bbox 167 568 330 631; x_wconf 79' lang='lat' dir='ltr'><strong>Clementis</strong></span> <span class='ocrx_word' id='word_1_17' title='bbox 360 568 506 638; x_wconf 88' lang='lat' dir='ltr'><strong>continet,</strong></span> <span class='ocrx_word' id='word_1_18' title='bbox 535 562 622 626; x_wconf 87' lang='lat' dir='ltr'><strong>valde</strong></span> <span class='ocrx_word' id='word_1_19' title='bbox 649 564 821 645; x_wconf 79' lang='lat' dir='ltr'><strong>juvabitur,</strong></span> <span class='ocrx_word' id='word_1_20' title='bbox 850 560 899 621; x_wconf 91' lang='lat' dir='ltr'><strong>cni</strong></span> 
     </span>
     <span class='ocr_line' id='line_1_5' title="bbox 94 651 899 736; baseline -0.015 -13"><span class='ocrx_word' id='word_1_21' title='bbox 94 664 200 732; x_wconf 89' lang='lat' dir='ltr'><strong>ocium,</strong></span> <span class='ocrx_word' id='word_1_22' title='bbox 222 666 254 720; x_wconf 87' lang='lat' dir='ltr'><strong>et</strong></span> <span class='ocrx_word' id='word_1_23' title='bbox 273 661 389 719; x_wconf 89' lang='lat' dir='ltr'><strong>animus</strong></span> <span class='ocrx_word' id='word_1_24' title='bbox 409 656 498 719; x_wconf 86' lang='lat' dir='ltr'><strong>inerit.</strong></span> <span class='ocrx_word' id='word_1_25' title='bbox 510 656 712 736; x_wconf 75' lang='lat' dir='ltr'><strong>eadiligenter</strong></span> <span class='ocrx_word' id='word_1_26' title='bbox 731 651 899 717; x_wconf 79' lang='lat' dir='ltr'><strong>evolvendi.</strong></span> 
     </span>
     <span class='ocr_line' id='line_1_6' title="bbox 96 743 900 829; baseline -0.014 -14"><span class='ocrx_word' id='word_1_27' title='bbox 96 753 205 815; x_wconf 79' lang='lat' dir='ltr'><strong>Peiros</strong></span> <span class='ocrx_word' id='word_1_28' title='bbox 233 756 302 813; x_wconf 89' lang='lat' dir='ltr'><strong>item</strong></span> <span class='ocrx_word' id='word_1_29' title='bbox 329 751 453 829; x_wconf 73' lang='lat' dir='ltr'><strong>Scarga,</strong></span> <span class='ocrx_word' id='word_1_30' title='bbox 473 749 561 811; x_wconf 89' lang='lat' dir='ltr'><strong>horno</strong></span> <span class='ocrx_word' id='word_1_31' title='bbox 582 757 636 825; x_wconf 76' lang='lat' dir='ltr'><strong>(nt</strong></span> <span class='ocrx_word' id='word_1_32' title='bbox 656 748 840 822; x_wconf 88' lang='lat' dir='ltr'><strong>Trrrrianus)</strong></span> <span class='ocrx_word' id='word_1_33' title='bbox 861 743 900 805; x_wconf 89' lang='lat' dir='ltr'><strong>de</strong></span> 
     </span>
     <span class='ocr_line' id='line_1_7' title="bbox 96 835 901 920; baseline -0.012 -13"><span class='ocrx_word' id='word_1_34' title='bbox 96 846 252 907; x_wconf 83' lang='lat' dir='ltr'><strong>Societute</strong></span> <span class='ocrx_word' id='word_1_35' title='bbox 271 851 388 914; x_wconf 88' lang='lat' dir='ltr'><strong>nostra,</strong></span> <span class='ocrx_word' id='word_1_36' title='bbox 414 842 519 903; x_wconf 87' lang='lat' dir='ltr'><strong>librum</strong></span> <span class='ocrx_word' id='word_1_37' title='bbox 539 843 685 905; x_wconf 88' lang='lat' dir='ltr'><strong>Poloniee</strong></span> <span class='ocrx_word' id='word_1_38' title='bbox 704 843 841 920; x_wconf 77' lang='lat' dir='ltr'><strong>scripsit,</strong></span> <span class='ocrx_word' id='word_1_39' title='bbox 862 835 901 897; x_wconf 90' lang='lat' dir='ltr'><strong>de</strong></span> 
     </span>
     <span class='ocr_line' id='line_1_8' title="bbox 97 932 902 1016; baseline -0.01 -19"><span class='ocrx_word' id='word_1_40' title='bbox 97 938 282 1007; x_wconf 88' lang='lat' dir='ltr'><strong>Schismate;</strong></span> <span class='ocrx_word' id='word_1_41' title='bbox 317 939 404 1016; x_wconf 90' lang='lat' dir='ltr'><strong>cujus</strong></span> <span class='ocrx_word' id='word_1_42' title='bbox 437 936 504 997; x_wconf 82' lang='lat' dir='ltr'><strong>iibri</strong></span> <span class='ocrx_word' id='word_1_43' title='bbox 544 940 572 997; x_wconf 92' lang='lat' dir='ltr'><strong>si</strong></span> <span class='ocrx_word' id='word_1_44' title='bbox 612 956 688 1016; x_wconf 87' lang='lat' dir='ltr'><strong>qnae</strong></span> <span class='ocrx_word' id='word_1_45' title='bbox 727 932 902 993; x_wconf 81' lang='lat' dir='ltr'><strong>inferrentur</strong></span> 
     </span>
     <span class='ocr_line' id='line_1_9' title="bbox 98 1025 824 1112; baseline -0.011 -21"><span class='ocrx_word' id='word_1_46' title='bbox 98 1030 232 1112; x_wconf 84' lang='lat' dir='ltr'><strong>exempla</strong></span> <span class='ocrx_word' id='word_1_47' title='bbox 253 1033 283 1089; x_wconf 91' lang='lat' dir='ltr'><strong>in</strong></span> <span class='ocrx_word' id='word_1_48' title='bbox 302 1028 503 1101; x_wconf 88' lang='lat' dir='ltr'><strong>hloscoviam,</strong></span> <span class='ocrx_word' id='word_1_49' title='bbox 525 1049 584 1089; x_wconf 92' lang='lat' dir='ltr'><strong>non</strong></span> <span class='ocrx_word' id='word_1_50' title='bbox 604 1027 708 1089; x_wconf 88' lang='lat' dir='ltr'><strong>inutile</strong></span> <span class='ocrx_word' id='word_1_51' title='bbox 727 1025 824 1087; x_wconf 76' lang='lat' dir='ltr'><strong>fuerit.</strong></span> 
     </span>
    </p>

    <p class='ocr_par' dir='ltr' id='par_1_3' title="bbox 58 1115 905 1571">
     <span class='ocr_line' id='line_1_10' title="bbox 177 1115 902 1204; baseline -0.012 -20"><span class='ocrx_word' id='word_1_52' title='bbox 177 1122 347 1204; x_wconf 82' lang='lat' dir='ltr'><strong>Stapletoni</strong></span> <span class='ocrx_word' id='word_1_53' title='bbox 367 1142 442 1183; x_wconf 88' lang='lat' dir='ltr'><strong>sane</strong></span> <span class='ocrx_word' id='word_1_54' title='bbox 462 1120 501 1183; x_wconf 92' lang='lat' dir='ltr'><strong>de</strong></span> <span class='ocrx_word' id='word_1_55' title='bbox 520 1121 668 1192; x_wconf 76' lang='lat' dir='ltr'><strong>Ecclesia,</strong></span> <span class='ocrx_word' id='word_1_56' title='bbox 700 1126 732 1180; x_wconf 81' lang='lat' dir='ltr'><strong>at</strong></span> <span class='ocrx_word' id='word_1_57' title='bbox 749 1115 902 1178; x_wconf 82' lang='lat' dir='ltr'><strong>Socolorii</strong></span> 
     </span>
     <span class='ocr_line' id='line_1_11' title="bbox 98 1207 904 1295; baseline -0.011 -18"><span class='ocrx_word' id='word_1_58' title='bbox 98 1236 224 1278; x_wconf 81' lang='lat' dir='ltr'><strong>censure</strong></span> <span class='ocrx_word' id='word_1_59' title='bbox 245 1214 418 1286; x_wconf 76' lang='lat' dir='ltr'><strong>orientalis,</strong></span> <span class='ocrx_word' id='word_1_60' title='bbox 438 1235 474 1275; x_wconf 93' lang='lat' dir='ltr'><strong>ac</strong></span> <span class='ocrx_word' id='word_1_61' title='bbox 495 1216 681 1295; x_wconf 88' lang='lat' dir='ltr'><strong>potissimum</strong></span> <span class='ocrx_word' id='word_1_62' title='bbox 701 1207 904 1272; x_wconf 85' lang='lat' dir='ltr'><strong>Robcrtchl·</strong></span> 
     </span>
     <span class='ocr_line' id='line_1_12' title="bbox 58 1304 904 1379; baseline -0.008 -9"><span class='ocrx_word' id='word_1_63' title='bbox 58 1324 65 1335; x_wconf 88' lang='lat'><strong>·</strong></span> <span class='ocrx_word' id='word_1_64' title='bbox 98 1312 203 1370; x_wconf 89' lang='lat' dir='ltr'><strong>arruirri</strong></span> <span class='ocrx_word' id='word_1_65' title='bbox 226 1307 264 1367; x_wconf 90' lang='lat' dir='ltr'><strong>de</strong></span> <span class='ocrx_word' id='word_1_66' title='bbox 285 1306 440 1369; x_wconf 81' lang='lat' dir='ltr'><strong>Societate</strong></span> <span class='ocrx_word' id='word_1_67' title='bbox 460 1315 573 1379; x_wconf 89' lang='lat' dir='ltr'><strong>nostra,</strong></span> <span class='ocrx_word' id='word_1_68' title='bbox 594 1305 661 1367; x_wconf 91' lang='lat' dir='ltr'><strong>libri</strong></span> <span class='ocrx_word' id='word_1_69' title='bbox 682 1304 904 1366; x_wconf 86' lang='lat' dir='ltr'><strong>Controversia·</strong></span> 
     </span>
     <span class='ocr_line' id='line_1_13' title="bbox 99 1393 905 1482; baseline -0.009 -21"><span class='ocrx_word' id='word_1_70' title='bbox 99 1422 173 1473; x_wconf 89' lang='lat' dir='ltr'><strong>rnrn,</strong></span> <span class='ocrx_word' id='word_1_71' title='bbox 192 1397 295 1482; x_wconf 85' lang='lat' dir='ltr'><strong>(qnod</strong></span> <span class='ocrx_word' id='word_1_72' title='bbox 316 1398 354 1461; x_wconf 91' lang='lat' dir='ltr'><strong>ad</strong></span> <span class='ocrx_word' id='word_1_73' title='bbox 375 1399 594 1460; x_wconf 66' lang='lat' dir='ltr'><strong>schismaticos</strong></span> <span class='ocrx_word' id='word_1_74' title='bbox 622 1393 821 1459; x_wconf 89' lang='lat' dir='ltr'><strong>confutandos</strong></span> <span class='ocrx_word' id='word_1_75' title='bbox 841 1414 905 1475; x_wconf 88' lang='lat' dir='ltr'><strong>per·</strong></span> 
     </span>
     <span class='ocr_line' id='line_1_14' title="bbox 99 1491 797 1571; baseline -0.006 -16"><span class='ocrx_word' id='word_1_76' title='bbox 99 1494 200 1568; x_wconf 77' lang='lat' dir='ltr'><strong>tinet)</strong></span> <span class='ocrx_word' id='word_1_77' title='bbox 220 1512 335 1553; x_wconf 89' lang='lat' dir='ltr'><strong>aunrruo</strong></span> <span class='ocrx_word' id='word_1_78' title='bbox 356 1495 422 1553; x_wconf 92' lang='lat' dir='ltr'><strong>usui</strong></span> <span class='ocrx_word' id='word_1_79' title='bbox 444 1500 537 1561; x_wconf 87' lang='lat' dir='ltr'><strong>enrrrt,</strong></span> <span class='ocrx_word' id='word_1_80' title='bbox 559 1491 636 1552; x_wconf 89' lang='lat' dir='ltr'><strong>bene</strong></span> <span class='ocrx_word' id='word_1_81' title='bbox 656 1491 797 1571; x_wconf 84' lang='lat' dir='ltr'><strong>percepti.</strong></span> 
     </span>
    </p>

    <p class='ocr_par' dir='ltr' id='par_1_4' title="bbox 102 1582 912 2787">
     <span class='ocr_line' id='line_1_15' title="bbox 176 1582 907 1665; baseline -0.005 -20"><span class='ocrx_word' id='word_1_82' title='bbox 176 1584 243 1645; x_wconf 86' lang='lat' dir='ltr'><strong>Janr</strong></span> <span class='ocrx_word' id='word_1_83' title='bbox 265 1605 350 1645; x_wconf 87' lang='lat' dir='ltr'><strong>vero.</strong></span> <span class='ocrx_word' id='word_1_84' title='bbox 373 1606 430 1665; x_wconf 82' lang='lat' dir='ltr'><strong>qne</strong></span> <span class='ocrx_word' id='word_1_85' title='bbox 449 1583 583 1645; x_wconf 82' lang='lat' dir='ltr'><strong>loannes</strong></span> <span class='ocrx_word' id='word_1_86' title='bbox 602 1582 702 1647; x_wconf 87' lang='lat' dir='ltr'><strong>Faber</strong></span> <span class='ocrx_word' id='word_1_87' title='bbox 722 1582 907 1642; x_wconf 87' lang='lat' dir='ltr'><strong>Viennensis</strong></span> 
     </span>
     <span class='ocr_line' id='line_1_16' title="bbox 102 1674 908 1761; baseline -0.01 -20"><span class='ocrx_word' id='word_1_88' title='bbox 102 1680 289 1761; x_wconf 71' lang='lat' dir='ltr'><strong>Episcopus,</strong></span> <span class='ocrx_word' id='word_1_89' title='bbox 302 1677 447 1739; x_wconf 73' lang='lat' dir='ltr'><strong>,ilbertus</strong></span> <span class='ocrx_word' id='word_1_90' title='bbox 462 1676 650 1757; x_wconf 74' lang='lat' dir='ltr'><strong>Campensis,</strong></span> <span class='ocrx_word' id='word_1_91' title='bbox 667 1674 908 1745; x_wconf 87' lang='lat' dir='ltr'><strong>llcrbersteiuns,</strong></span> 
     </span>
     <span class='ocr_line' id='line_1_17' title="bbox 104 1768 907 1849; baseline -0.011 -14"><span class='ocrx_word' id='word_1_92' title='bbox 104 1771 296 1849; x_wconf 80' lang='lat' dir='ltr'><strong>Gnagninns,</strong></span> <span class='ocrx_word' id='word_1_93' title='bbox 328 1768 366 1831; x_wconf 85' lang='lat' dir='ltr'><strong>de.</strong></span> <span class='ocrx_word' id='word_1_94' title='bbox 395 1769 538 1849; x_wconf 77' lang='lat' dir='ltr'><strong>religione</strong></span> <span class='ocrx_word' id='word_1_95' title='bbox 558 1769 761 1830; x_wconf 89' lang='lat' dir='ltr'><strong>Ruthenorum</strong></span> <span class='ocrx_word' id='word_1_96' title='bbox 781 1770 907 1846; x_wconf 76' lang='lat' dir='ltr'><strong>attigere</strong></span> 
     </span>
     <span class='ocr_line' id='line_1_18' title="bbox 103 1863 908 1943; baseline -0.007 -18"><span class='ocrx_word' id='word_1_97' title='bbox 103 1865 186 1940; x_wconf 88' lang='lat' dir='ltr'><strong>(cum</strong></span> <span class='ocrx_word' id='word_1_98' title='bbox 207 1870 259 1922; x_wconf 92' lang='lat' dir='ltr'><strong>ant</strong></span> <span class='ocrx_word' id='word_1_99' title='bbox 277 1884 339 1924; x_wconf 86' lang='lat' dir='ltr'><strong>reru</strong></span> <span class='ocrx_word' id='word_1_100' title='bbox 360 1882 450 1924; x_wconf 90' lang='lat' dir='ltr'><strong>secus</strong></span> <span class='ocrx_word' id='word_1_101' title='bbox 471 1864 661 1943; x_wconf 85' lang='lat' dir='ltr'><strong>acceperint,</strong></span> <span class='ocrx_word' id='word_1_102' title='bbox 682 1879 769 1941; x_wconf 84' lang='lat' dir='ltr'><strong>qnam</strong></span> <span class='ocrx_word' id='word_1_103' title='bbox 789 1863 908 1921; x_wconf 92' lang='lat' dir='ltr'><strong>omnino</strong></span> 
     </span>
     <span class='ocr_line' id='line_1_19' title="bbox 102 1950 909 2035; baseline -0.006 -19"><span class='ocrx_word' id='word_1_104' title='bbox 102 1957 152 2029; x_wconf 90' lang='lat' dir='ltr'><strong>sit,</strong></span> <span class='ocrx_word' id='word_1_105' title='bbox 173 1960 224 2015; x_wconf 90' lang='lat' dir='ltr'><strong>aut</strong></span> <span class='ocrx_word' id='word_1_106' title='bbox 244 1976 309 2016; x_wconf 89' lang='lat' dir='ltr'><strong>curu</strong></span> <span class='ocrx_word' id='word_1_107' title='bbox 330 1977 366 2016; x_wconf 90' lang='lat' dir='ltr'><strong>eo</strong></span> <span class='ocrx_word' id='word_1_108' title='bbox 388 1952 489 2017; x_wconf 89' lang='lat' dir='ltr'><strong>studio</strong></span> <span class='ocrx_word' id='word_1_109' title='bbox 509 1956 567 2035; x_wconf 92' lang='lat' dir='ltr'><strong>ipsi</strong></span> <span class='ocrx_word' id='word_1_110' title='bbox 587 1950 626 2013; x_wconf 91' lang='lat' dir='ltr'><strong>ad</strong></span> <span class='ocrx_word' id='word_1_111' title='bbox 645 1950 836 2013; x_wconf 89' lang='lat' dir='ltr'><strong>scribendum</strong></span> <span class='ocrx_word' id='word_1_112' title='bbox 850 1970 909 2012; x_wconf 89' lang='lat' dir='ltr'><strong>non</strong></span> 
     </span>
     <span class='ocr_line' id='line_1_20' title="bbox 104 2042 909 2125; baseline -0.02 -6"><span class='ocrx_word' id='word_1_113' title='bbox 104 2057 258 2125; x_wconf 88' lang='lat' dir='ltr'><strong>ferrentur,</strong></span> <span class='ocrx_word' id='word_1_114' title='bbox 278 2056 311 2110; x_wconf 94' lang='lat' dir='ltr'><strong>nt</strong></span> <span class='ocrx_word' id='word_1_115' title='bbox 330 2056 456 2109; x_wconf 87' lang='lat' dir='ltr'><strong>ostenso</strong></span> <span class='ocrx_word' id='word_1_116' title='bbox 475 2065 589 2106; x_wconf 89' lang='lat' dir='ltr'><strong>veneno</strong></span> <span class='ocrx_word' id='word_1_117' title='bbox 610 2042 786 2105; x_wconf 89' lang='lat' dir='ltr'><strong>adhiberent</strong></span> <span class='ocrx_word' id='word_1_118' title='bbox 795 2043 909 2107; x_wconf 90' lang='lat' dir='ltr'><strong>antido·</strong></span> 
     </span>
     <span class='ocr_line' id='line_1_21' title="bbox 103 2135 910 2224; baseline -0.017 -13"><span class='ocrx_word' id='word_1_119' title='bbox 103 2148 190 2224; x_wconf 86' lang='lat' dir='ltr'><strong>tom)</strong></span> <span class='ocrx_word' id='word_1_120' title='bbox 216 2165 274 2206; x_wconf 92' lang='lat' dir='ltr'><strong>non</strong></span> <span class='ocrx_word' id='word_1_121' title='bbox 295 2142 368 2203; x_wconf 88' lang='lat' dir='ltr'><strong>tanti</strong></span> <span class='ocrx_word' id='word_1_122' title='bbox 394 2148 478 2209; x_wconf 90' lang='lat' dir='ltr'><strong>sunt,</strong></span> <span class='ocrx_word' id='word_1_123' title='bbox 509 2146 541 2199; x_wconf 91' lang='lat' dir='ltr'><strong>ut</strong></span> <span class='ocrx_word' id='word_1_124' title='bbox 571 2135 640 2198; x_wconf 88' lang='lat' dir='ltr'><strong>inde</strong></span> <span class='ocrx_word' id='word_1_125' title='bbox 660 2135 759 2215; x_wconf 76' lang='lat' dir='ltr'><strong>colligi</strong></span> <span class='ocrx_word' id='word_1_126' title='bbox 778 2138 910 2198; x_wconf 89' lang='lat' dir='ltr'><strong>rationes</strong></span> 
     </span>
     <span class='ocr_line' id='line_1_22' title="bbox 104 2228 909 2322; baseline -0.014 -20"><span class='ocrx_word' id='word_1_127' title='bbox 104 2247 216 2322; x_wconf 81' lang='lat' dir='ltr'><strong>queant</strong></span> <span class='ocrx_word' id='word_1_128' title='bbox 234 2235 274 2298; x_wconf 91' lang='lat' dir='ltr'><strong>ad</strong></span> <span class='ocrx_word' id='word_1_129' title='bbox 294 2232 422 2296; x_wconf 86' lang='lat' dir='ltr'><strong>Moscos</strong></span> <span class='ocrx_word' id='word_1_130' title='bbox 448 2228 645 2302; x_wconf 87' lang='lat' dir='ltr'><strong>refellendos,</strong></span> <span class='ocrx_word' id='word_1_131' title='bbox 671 2229 717 2292; x_wconf 83' lang='lat' dir='ltr'><strong>val</strong></span> <span class='ocrx_word' id='word_1_132' title='bbox 739 2236 909 2291; x_wconf 87' lang='lat' dir='ltr'><strong>converten·</strong></span> 
     </span>
     <span class='ocr_line' id='line_1_23' title="bbox 106 2320 911 2407; baseline -0.016 -12"><span class='ocrx_word' id='word_1_133' title='bbox 106 2334 173 2395; x_wconf 86' lang='lat' dir='ltr'><strong>dos.</strong></span> <span class='ocrx_word' id='word_1_134' title='bbox 183 2330 283 2400; x_wconf 83' lang='lat' dir='ltr'><strong>Mitto,</strong></span> <span class='ocrx_word' id='word_1_135' title='bbox 297 2323 377 2407; x_wconf 86' lang='lat' dir='ltr'><strong>qnod</strong></span> <span class='ocrx_word' id='word_1_136' title='bbox 388 2323 594 2386; x_wconf 89' lang='lat' dir='ltr'><strong>llerbersteini</strong></span> <span class='ocrx_word' id='word_1_137' title='bbox 606 2322 690 2383; x_wconf 88' lang='lat' dir='ltr'><strong>libris</strong></span> <span class='ocrx_word' id='word_1_138' title='bbox 710 2324 740 2382; x_wconf 92' lang='lat' dir='ltr'><strong>in</strong></span> <span class='ocrx_word' id='word_1_139' title='bbox 751 2320 911 2383; x_wconf 87' lang='lat' dir='ltr'><strong>Gernrania</strong></span> 
     </span>
     <span class='ocr_line' id='line_1_24' title="bbox 106 2413 912 2498; baseline -0.016 -11"><span class='ocrx_word' id='word_1_140' title='bbox 106 2423 198 2487; x_wconf 86' lang='lat' dir='ltr'><strong>editis</strong></span> <span class='ocrx_word' id='word_1_141' title='bbox 227 2419 369 2482; x_wconf 76' lang='lat' dir='ltr'><strong>baeretici</strong></span> <span class='ocrx_word' id='word_1_142' title='bbox 389 2416 473 2498; x_wconf 90' lang='lat' dir='ltr'><strong>plrrra</strong></span> <span class='ocrx_word' id='word_1_143' title='bbox 498 2413 691 2487; x_wconf 88' lang='lat' dir='ltr'><strong>addiderunt,</strong></span> <span class='ocrx_word' id='word_1_144' title='bbox 718 2414 826 2496; x_wconf 86' lang='lat' dir='ltr'><strong>quibus</strong></span> <span class='ocrx_word' id='word_1_145' title='bbox 852 2435 912 2475; x_wconf 92' lang='lat' dir='ltr'><strong>nou</strong></span> 
     </span>
     <span class='ocr_line' id='line_1_25' title="bbox 107 2506 911 2581; baseline -0.016 -1"><span class='ocrx_word' id='word_1_146' title='bbox 107 2518 272 2581; x_wconf 87' lang='lat' dir='ltr'><strong>schismata</strong></span> <span class='ocrx_word' id='word_1_147' title='bbox 291 2510 509 2577; x_wconf 76' lang='lat' dir='ltr'><strong>refellerentur,</strong></span> <span class='ocrx_word' id='word_1_148' title='bbox 535 2506 592 2568; x_wconf 85' lang='lat' dir='ltr'><strong>sed</strong></span> <span class='ocrx_word' id='word_1_149' title='bbox 623 2506 692 2569; x_wconf 79' lang='lat' dir='ltr'><strong>fidei</strong></span> <span class='ocrx_word' id='word_1_150' title='bbox 711 2509 823 2569; x_wconf 88' lang='lat' dir='ltr'><strong>veritas</strong></span> <span class='ocrx_word' id='word_1_151' title='bbox 843 2527 911 2568; x_wconf 93' lang='lat' dir='ltr'><strong>con·</strong></span> 
     </span>
     <span class='ocr_line' id='line_1_26' title="bbox 107 2601 912 2679; baseline -0.017 -6"><span class='ocrx_word' id='word_1_152' title='bbox 107 2610 273 2673; x_wconf 87' lang='lat' dir='ltr'><strong>velleretur.</strong></span> <span class='ocrx_word' id='word_1_153' title='bbox 308 2603 395 2679; x_wconf 83' lang='lat' dir='ltr'><strong>Quae</strong></span> <span class='ocrx_word' id='word_1_154' title='bbox 415 2610 513 2663; x_wconf 89' lang='lat' dir='ltr'><strong>tnnrcrr</strong></span> <span class='ocrx_word' id='word_1_155' title='bbox 539 2603 637 2663; x_wconf 87' lang='lat' dir='ltr'><strong>onrnia</strong></span> <span class='ocrx_word' id='word_1_156' title='bbox 656 2601 724 2663; x_wconf 89' lang='lat' dir='ltr'><strong>aliis</strong></span> <span class='ocrx_word' id='word_1_157' title='bbox 745 2603 820 2661; x_wconf 87' lang='lat' dir='ltr'><strong>rucis</strong></span> <span class='ocrx_word' id='word_1_158' title='bbox 840 2601 912 2660; x_wconf 88' lang='lat' dir='ltr'><strong>scri·</strong></span> 
     </span>
     <span class='ocr_line' id='line_1_27' title="bbox 108 2694 700 2787; baseline -0.02 -22"><span class='ocrx_word' id='word_1_159' title='bbox 108 2706 169 2787; x_wconf 88' lang='lat' dir='ltr'><strong>ptis</strong></span> <span class='ocrx_word' id='word_1_160' title='bbox 190 2708 242 2762; x_wconf 90' lang='lat' dir='ltr'><strong>aut</strong></span> <span class='ocrx_word' id='word_1_161' title='bbox 261 2703 373 2759; x_wconf 88' lang='lat' dir='ltr'><strong>retecta</strong></span> <span class='ocrx_word' id='word_1_162' title='bbox 393 2704 480 2765; x_wconf 87' lang='lat' dir='ltr'><strong>aunt,</strong></span> <span class='ocrx_word' id='word_1_163' title='bbox 500 2701 553 2755; x_wconf 92' lang='lat' dir='ltr'><strong>aut</strong></span> <span class='ocrx_word' id='word_1_164' title='bbox 570 2694 700 2755; x_wconf 86' lang='lat' dir='ltr'><strong>sublata.</strong></span> 
     </span>
    </p>

    <p class='ocr_par' dir='ltr' id='par_1_5' title="bbox 110 2783 917 3707">
     <span class='ocr_line' id='line_1_28' title="bbox 186 2783 913 2867; baseline -0.015 -14"><span class='ocrx_word' id='word_1_165' title='bbox 186 2793 262 2853; x_wconf 85' lang='lat' dir='ltr'><strong>Cum</strong></span> <span class='ocrx_word' id='word_1_166' title='bbox 301 2788 350 2849; x_wconf 89' lang='lat' dir='ltr'><strong>his</strong></span> <span class='ocrx_word' id='word_1_167' title='bbox 388 2789 476 2867; x_wconf 79' lang='lat' dir='ltr'><strong>igitur</strong></span> <span class='ocrx_word' id='word_1_168' title='bbox 515 2785 616 2853; x_wconf 88' lang='lat' dir='ltr'><strong>libris,</strong></span> <span class='ocrx_word' id='word_1_169' title='bbox 655 2804 733 2863; x_wconf 86' lang='lat' dir='ltr'><strong>qnos</strong></span> <span class='ocrx_word' id='word_1_170' title='bbox 773 2783 913 2853; x_wconf 77' lang='lat' dir='ltr'><strong>elisimus,</strong></span> 
     </span>
     <span class='ocr_line' id='line_1_29' title="bbox 110 2876 913 2958; baseline -0.016 -9"><span class='ocrx_word' id='word_1_171' title='bbox 110 2887 276 2949; x_wconf 72' lang='lat' dir='ltr'><strong>meminerit</strong></span> <span class='ocrx_word' id='word_1_172' title='bbox 296 2880 447 2942; x_wconf 74' lang='lat' dir='ltr'><strong>Sacerdos</strong></span> <span class='ocrx_word' id='word_1_173' title='bbox 467 2876 627 2947; x_wconf 72' lang='lat' dir='ltr'><strong>facultatis,</strong></span> <span class='ocrx_word' id='word_1_174' title='bbox 647 2878 677 2936; x_wconf 90' lang='lat' dir='ltr'><strong>in</strong></span> <span class='ocrx_word' id='word_1_175' title='bbox 696 2896 767 2937; x_wconf 86' lang='lat' dir='ltr'><strong>arca</strong></span> <span class='ocrx_word' id='word_1_176' title='bbox 785 2876 913 2958; x_wconf 87' lang='lat' dir='ltr'><strong>portatili</strong></span> 
     </span>
     <span class='ocr_line' id='line_1_30' title="bbox 111 2968 913 3044; baseline -0.019 -1"><span class='ocrx_word' id='word_1_177' title='bbox 111 2975 294 3044; x_wconf 88' lang='lat' dir='ltr'><strong>celebrandi,</strong></span> <span class='ocrx_word' id='word_1_178' title='bbox 314 2979 345 3033; x_wconf 89' lang='lat' dir='ltr'><strong>et</strong></span> <span class='ocrx_word' id='word_1_179' title='bbox 366 2972 497 3032; x_wconf 84' lang='lat' dir='ltr'><strong>Casuum</strong></span> <span class='ocrx_word' id='word_1_180' title='bbox 518 2976 735 3030; x_wconf 84' lang='lat' dir='ltr'><strong>reservaturunr</strong></span> <span class='ocrx_word' id='word_1_181' title='bbox 759 2968 913 3029; x_wconf 88' lang='lat' dir='ltr'><strong>absolven-</strong></span> 
     </span>
     <span class='ocr_line' id='line_1_31' title="bbox 110 3060 915 3141; baseline -0.016 -7"><span class='ocrx_word' id='word_1_182' title='bbox 110 3074 223 3141; x_wconf 78' lang='lat' dir='ltr'><strong>dorum,</strong></span> <span class='ocrx_word' id='word_1_183' title='bbox 248 3062 441 3127; x_wconf 86' lang='lat' dir='ltr'><strong>obtinendae:</strong></span> <span class='ocrx_word' id='word_1_184' title='bbox 473 3060 580 3123; x_wconf 89' lang='lat' dir='ltr'><strong>deinde</strong></span> <span class='ocrx_word' id='word_1_185' title='bbox 606 3062 676 3123; x_wconf 85' lang='lat' dir='ltr'><strong>itera</strong></span> <span class='ocrx_word' id='word_1_186' title='bbox 702 3062 770 3123; x_wconf 90' lang='lat' dir='ltr'><strong>olea</strong></span> <span class='ocrx_word' id='word_1_187' title='bbox 795 3061 915 3122; x_wconf 87' lang='lat' dir='ltr'><strong>henedi-</strong></span> 
     </span>
     <span class='ocr_line' id='line_1_32' title="bbox 111 3154 914 3229; baseline -0.017 -1"><span class='ocrx_word' id='word_1_188' title='bbox 111 3177 161 3227; x_wconf 88' lang='lat' dir='ltr'><strong>cta</strong></span> <span class='ocrx_word' id='word_1_189' title='bbox 180 3164 276 3226; x_wconf 85' lang='lat' dir='ltr'><strong>fecum</strong></span> <span class='ocrx_word' id='word_1_190' title='bbox 297 3159 387 3229; x_wconf 91' lang='lat' dir='ltr'><strong>ferat,</strong></span> <span class='ocrx_word' id='word_1_191' title='bbox 408 3162 438 3217; x_wconf 94' lang='lat' dir='ltr'><strong>et</strong></span> <span class='ocrx_word' id='word_1_192' title='bbox 458 3154 592 3216; x_wconf 83' lang='lat' dir='ltr'><strong>ferrand</strong></span> <span class='ocrx_word' id='word_1_193' title='bbox 611 3154 729 3216; x_wconf 87' lang='lat' dir='ltr'><strong>hostias</strong></span> <span class='ocrx_word' id='word_1_194' title='bbox 760 3154 914 3215; x_wconf 83' lang='lat' dir='ltr'><strong>conficien-</strong></span> 
     </span>
     <span class='ocr_line' id='line_1_33' title="bbox 114 3247 915 3329; baseline -0.016 -9"><span class='ocrx_word' id='word_1_195' title='bbox 114 3260 179 3329; x_wconf 88' lang='lat' dir='ltr'><strong>das,</strong></span> <span class='ocrx_word' id='word_1_196' title='bbox 199 3276 260 3317; x_wconf 88' lang='lat' dir='ltr'><strong>uua</strong></span> <span class='ocrx_word' id='word_1_197' title='bbox 278 3272 346 3313; x_wconf 90' lang='lat' dir='ltr'><strong>curn</strong></span> <span class='ocrx_word' id='word_1_198' title='bbox 365 3250 462 3311; x_wconf 88' lang='lat' dir='ltr'><strong>sacris</strong></span> <span class='ocrx_word' id='word_1_199' title='bbox 482 3248 626 3320; x_wconf 89' lang='lat' dir='ltr'><strong>vestibus,</strong></span> <span class='ocrx_word' id='word_1_200' title='bbox 648 3252 679 3307; x_wconf 91' lang='lat' dir='ltr'><strong>et</strong></span> <span class='ocrx_word' id='word_1_201' title='bbox 697 3247 783 3319; x_wconf 89' lang='lat' dir='ltr'><strong>velis,</strong></span> <span class='ocrx_word' id='word_1_202' title='bbox 801 3248 849 3309; x_wconf 87' lang='lat' dir='ltr'><strong>vel</strong></span> <span class='ocrx_word' id='word_1_203' title='bbox 873 3254 915 3307; x_wconf 91' lang='lat' dir='ltr'><strong>te·</strong></span> 
     </span>
     <span class='ocr_line' id='line_1_34' title="bbox 114 3342 916 3422; baseline -0.014 -10"><span class='ocrx_word' id='word_1_204' title='bbox 114 3352 222 3412; x_wconf 90' lang='lat' dir='ltr'><strong>ouibus</strong></span> <span class='ocrx_word' id='word_1_205' title='bbox 240 3346 356 3409; x_wconf 88' lang='lat' dir='ltr'><strong>arrlocis</strong></span> <span class='ocrx_word' id='word_1_206' title='bbox 376 3342 533 3413; x_wconf 75' lang='lat' dir='ltr'><strong>asserico,</strong></span> <span class='ocrx_word' id='word_1_207' title='bbox 552 3342 661 3422; x_wconf 87' lang='lat' dir='ltr'><strong>qulbus</strong></span> <span class='ocrx_word' id='word_1_208' title='bbox 673 3342 818 3403; x_wconf 85' lang='lat' dir='ltr'><strong>sacellum</strong></span> <span class='ocrx_word' id='word_1_209' title='bbox 832 3362 916 3402; x_wconf 77' lang='lat' dir='ltr'><strong>exor-</strong></span> 
     </span>
     <span class='ocr_line' id='line_1_35' title="bbox 114 3433 917 3517; baseline -0.014 -14"><span class='ocrx_word' id='word_1_210' title='bbox 114 3449 179 3504; x_wconf 75' lang='lat' dir='ltr'><strong>netz</strong></span> <span class='ocrx_word' id='word_1_211' title='bbox 205 3460 281 3517; x_wconf 86' lang='lat' dir='ltr'><strong>qnae</strong></span> <span class='ocrx_word' id='word_1_212' title='bbox 306 3437 404 3496; x_wconf 78' lang='lat' dir='ltr'><strong>onnia</strong></span> <span class='ocrx_word' id='word_1_213' title='bbox 434 3454 502 3495; x_wconf 89' lang='lat' dir='ltr'><strong>curn</strong></span> <span class='ocrx_word' id='word_1_214' title='bbox 529 3434 637 3510; x_wconf 76' lang='lat' dir='ltr'><strong>exiguo</strong></span> <span class='ocrx_word' id='word_1_215' title='bbox 671 3433 737 3494; x_wconf 91' lang='lat' dir='ltr'><strong>loco</strong></span> <span class='ocrx_word' id='word_1_216' title='bbox 774 3435 917 3495; x_wconf 88' lang='lat' dir='ltr'><strong>contineri</strong></span> 
     </span>
     <span class='ocr_line' id='line_1_36' title="bbox 114 3525 917 3615; baseline -0.004 -24"><span class='ocrx_word' id='word_1_217' title='bbox 114 3534 239 3615; x_wconf 84' lang='lat' dir='ltr'><strong>possint,</strong></span> <span class='ocrx_word' id='word_1_218' title='bbox 260 3530 406 3611; x_wconf 81' lang='lat' dir='ltr'><strong>explicata</strong></span> <span class='ocrx_word' id='word_1_219' title='bbox 425 3528 541 3607; x_wconf 88' lang='lat' dir='ltr'><strong>rapiunt</strong></span> <span class='ocrx_word' id='word_1_220' title='bbox 560 3527 589 3585; x_wconf 91' lang='lat' dir='ltr'><strong>io</strong></span> <span class='ocrx_word' id='word_1_221' title='bbox 609 3525 840 3599; x_wconf 85' lang='lat' dir='ltr'><strong>admirationem,</strong></span> <span class='ocrx_word' id='word_1_222' title='bbox 858 3528 917 3588; x_wconf 86' lang='lat' dir='ltr'><strong>dis·</strong></span> 
     </span>
     <span class='ocr_line' id='line_1_37' title="bbox 115 3616 793 3707; baseline -0.012 -22"><span class='ocrx_word' id='word_1_223' title='bbox 115 3629 287 3707; x_wconf 85' lang='lat' dir='ltr'><strong>ponuntque</strong></span> <span class='ocrx_word' id='word_1_224' title='bbox 306 3620 437 3688; x_wconf 74' lang='lat' dir='ltr'><strong>animos,</strong></span> <span class='ocrx_word' id='word_1_225' title='bbox 455 3617 495 3678; x_wconf 87' lang='lat' dir='ltr'><strong>erl</strong></span> <span class='ocrx_word' id='word_1_226' title='bbox 517 3616 689 3678; x_wconf 73' lang='lat' dir='ltr'><strong>Catholicae</strong></span> <span class='ocrx_word' id='word_1_227' title='bbox 708 3621 793 3678; x_wconf 88' lang='lat' dir='ltr'><strong>ritus.</strong></span> 
     </span>
    </p>

    <p class='ocr_par' dir='ltr' id='par_1_6' title="bbox 116 3708 923 4152">
     <span class='ocr_line' id='line_1_38' title="bbox 193 3708 919 3791; baseline -0.007 -18"><span class='ocrx_word' id='word_1_228' title='bbox 193 3714 242 3777; x_wconf 82' lang='lat' dir='ltr'><strong>Ad</strong></span> <span class='ocrx_word' id='word_1_229' title='bbox 264 3708 457 3771; x_wconf 74' lang='lat' dir='ltr'><strong>Sacerdote·</strong></span> <span class='ocrx_word' id='word_1_230' title='bbox 478 3708 602 3769; x_wconf 81' lang='lat' dir='ltr'><strong>accedat</strong></span> <span class='ocrx_word' id='word_1_231' title='bbox 621 3710 756 3771; x_wconf 88' lang='lat' dir='ltr'><strong>medicus</strong></span> <span class='ocrx_word' id='word_1_232' title='bbox 776 3711 919 3791; x_wconf 83' lang='lat' dir='ltr'><strong>eorporis,</strong></span> 
     </span>
     <span class='ocr_line' id='line_1_39' title="bbox 116 3800 920 3891; baseline -0.011 -21"><span class='ocrx_word' id='word_1_233' title='bbox 116 3811 166 3891; x_wconf 79' lang='lat' dir='ltr'><strong>qui</strong></span> <span class='ocrx_word' id='word_1_234' title='bbox 186 3809 213 3868; x_wconf 87' lang='lat' dir='ltr'><strong>sl</strong></span> <span class='ocrx_word' id='word_1_235' title='bbox 234 3806 395 3874; x_wconf 84' lang='lat' dir='ltr'><strong>Slavicanr,</strong></span> <span class='ocrx_word' id='word_1_236' title='bbox 422 3801 470 3862; x_wconf 85' lang='lat' dir='ltr'><strong>vel</strong></span> <span class='ocrx_word' id='word_1_237' title='bbox 495 3800 711 3874; x_wconf 73' lang='lat' dir='ltr'><strong>ltuthenicam,</strong></span> <span class='ocrx_word' id='word_1_238' title='bbox 735 3802 783 3863; x_wconf 87' lang='lat' dir='ltr'><strong>vel</strong></span> <span class='ocrx_word' id='word_1_239' title='bbox 804 3802 920 3862; x_wconf 84' lang='lat' dir='ltr'><strong>Boenrl·</strong></span> 
     </span>
     <span class='ocr_line' id='line_1_40' title="bbox 117 3895 921 3977; baseline -0.011 -14"><span class='ocrx_word' id='word_1_240' title='bbox 117 3922 182 3963; x_wconf 90' lang='lat' dir='ltr'><strong>canr</strong></span> <span class='ocrx_word' id='word_1_241' title='bbox 203 3900 330 3977; x_wconf 82' lang='lat' dir='ltr'><strong>lingnam</strong></span> <span class='ocrx_word' id='word_1_242' title='bbox 351 3895 480 3965; x_wconf 87' lang='lat' dir='ltr'><strong>noverit,</strong></span> <span class='ocrx_word' id='word_1_243' title='bbox 500 3914 536 3955; x_wconf 87' lang='lat' dir='ltr'><strong>eo</strong></span> <span class='ocrx_word' id='word_1_244' title='bbox 566 3896 622 3956; x_wconf 88' lang='lat' dir='ltr'><strong>erit</strong></span> <span class='ocrx_word' id='word_1_245' title='bbox 646 3896 760 3969; x_wconf 82' lang='lat' dir='ltr'><strong>utilior3</strong></span> <span class='ocrx_word' id='word_1_246' title='bbox 790 3900 921 3955; x_wconf 86' lang='lat' dir='ltr'><strong>coetero-</strong></span> 
     </span>
     <span class='ocr_line' id='line_1_41' title="bbox 117 3986 922 4075; baseline -0.011 -19"><span class='ocrx_word' id='word_1_247' title='bbox 117 3996 187 4075; x_wconf 80' lang='lat' dir='ltr'><strong>quio</strong></span> <span class='ocrx_word' id='word_1_248' title='bbox 207 3989 453 4075; x_wconf 86' lang='lat' dir='ltr'><strong>pernecessarius</strong></span> <span class='ocrx_word' id='word_1_249' title='bbox 461 3986 629 4065; x_wconf 77' lang='lat' dir='ltr'><strong>hegrtn‚st</strong></span> <span class='ocrx_word' id='word_1_250' title='bbox 647 3990 716 4069; x_wconf 83' lang='lat' dir='ltr'><strong>ejus</strong></span> <span class='ocrx_word' id='word_1_251' title='bbox 735 3988 874 4057; x_wconf 76' lang='lat' dir='ltr'><strong>familiae,</strong></span> <span class='ocrx_word' id='word_1_252' title='bbox 895 3989 922 4048; x_wconf 90' lang='lat' dir='ltr'><strong>si</strong></span> 
     </span>
     <span class='ocr_line' id='line_1_42' title="bbox 118 4079 923 4152; baseline -0.009 -4"><span class='ocrx_word' id='word_1_253' title='bbox 118 4090 148 4149; x_wconf 93' lang='lat' dir='ltr'><strong>iu</strong></span> <span class='ocrx_word' id='word_1_254' title='bbox 168 4086 303 4146; x_wconf 85' lang='lat' dir='ltr'><strong>morbum</strong></span> <span class='ocrx_word' id='word_1_255' title='bbox 323 4081 488 4143; x_wconf 87' lang='lat' dir='ltr'><strong>inciderint.</strong></span> <span class='ocrx_word' id='word_1_256' title='bbox 527 4079 605 4141; x_wconf 89' lang='lat' dir='ltr'><strong>Nam</strong></span> <span class='ocrx_word' id='word_1_257' title='bbox 631 4082 762 4141; x_wconf 83' lang='lat' dir='ltr'><strong>cibemur</strong></span> <span class='ocrx_word' id='word_1_258' title='bbox 782 4080 923 4152; x_wconf 88' lang='lat' dir='ltr'><strong>varietas,</strong></span> 
     </span>
    </p>
   </div>
   <div class='ocr_carea' id='block_1_3' title="bbox 1704 214 1763 273">
    <p class='ocr_par' dir='ltr' id='par_1_7' title="bbox 1704 214 1763 273">
     <span class='ocr_line' id='line_1_43' title="bbox 1704 214 1763 273; baseline 0.017 -1"><span class='ocrx_word' id='word_1_259' title='bbox 1704 214 1763 273; x_wconf 73' lang='lat' dir='ltr'><strong>too</strong></span> 
     </span>
    </p>
   </div>
   <div class='ocr_carea' id='block_1_4' title="bbox 956 374 1777 3240">
    <p class='ocr_par' dir='ltr' id='par_1_8' title="bbox 956 374 1760 806">
     <span class='ocr_line' id='line_1_44' title="bbox 956 374 1757 437; baseline 0.001 -1"><span class='ocrx_word' id='word_1_260' title='bbox 956 375 1107 437; x_wconf 87' lang='lat' dir='ltr'><strong>facultatis</strong></span> <span class='ocrx_word' id='word_1_261' title='bbox 1131 394 1206 434; x_wconf 87' lang='lat' dir='ltr'><strong>snae</strong></span> <span class='ocrx_word' id='word_1_262' title='bbox 1230 374 1390 433; x_wconf 86' lang='lat' dir='ltr'><strong>occasione</strong></span> <span class='ocrx_word' id='word_1_263' title='bbox 1423 393 1481 435; x_wconf 92' lang='lat' dir='ltr'><strong>non</strong></span> <span class='ocrx_word' id='word_1_264' title='bbox 1506 375 1654 435; x_wconf 87' lang='lat' dir='ltr'><strong>miniaruur</strong></span> <span class='ocrx_word' id='word_1_265' title='bbox 1677 375 1757 437; x_wconf 81' lang='lat' dir='ltr'><strong>llici-</strong></span> 
     </span>
     <span class='ocr_line' id='line_1_45' title="bbox 957 466 1757 551; baseline 0.003 -22"><span class='ocrx_word' id='word_1_266' title='bbox 957 489 1014 530; x_wconf 89' lang='lat' dir='ltr'><strong>nae</strong></span> <span class='ocrx_word' id='word_1_267' title='bbox 1034 486 1145 528; x_wconf 88' lang='lat' dir='ltr'><strong>causae</strong></span> <span class='ocrx_word' id='word_1_268' title='bbox 1170 467 1199 526; x_wconf 86' lang='lat' dir='ltr'><strong>lrr</strong></span> <span class='ocrx_word' id='word_1_269' title='bbox 1226 467 1330 526; x_wconf 90' lang='lat' dir='ltr'><strong>itinere</strong></span> <span class='ocrx_word' id='word_1_270' title='bbox 1349 466 1562 540; x_wconf 75' lang='lat' dir='ltr'><strong>eon-odanto,</strong></span> <span class='ocrx_word' id='word_1_271' title='bbox 1584 489 1648 529; x_wconf 84' lang='lat' dir='ltr'><strong>cunr</strong></span> <span class='ocrx_word' id='word_1_272' title='bbox 1670 472 1757 551; x_wconf 82' lang='lat' dir='ltr'><strong>qnasi</strong></span> 
     </span>
     <span class='ocr_line' id='line_1_46' title="bbox 956 558 1760 639; baseline 0.001 -17"><span class='ocrx_word' id='word_1_273' title='bbox 956 560 1037 623; x_wconf 90' lang='lat' dir='ltr'><strong>aliud</strong></span> <span class='ocrx_word' id='word_1_274' title='bbox 1055 580 1159 639; x_wconf 55' lang='lat' dir='ltr'><strong>qens,</strong></span> <span class='ocrx_word' id='word_1_275' title='bbox 1179 558 1304 638; x_wconf 80' lang='lat' dir='ltr'><strong>quaead</strong></span> <span class='ocrx_word' id='word_1_276' title='bbox 1320 559 1605 621; x_wconf 86' lang='lat' dir='ltr'><strong>salntcmaeternam</strong></span> <span class='ocrx_word' id='word_1_277' title='bbox 1626 562 1760 638; x_wconf 86' lang='lat' dir='ltr'><strong>attinent,</strong></span> 
     </span>
     <span class='ocr_line' id='line_1_47' title="bbox 958 651 1758 738; baseline 0.003 -23"><span class='ocrx_word' id='word_1_278' title='bbox 958 654 1119 715; x_wconf 85' lang='lat' dir='ltr'><strong>haereticis</strong></span> <span class='ocrx_word' id='word_1_279' title='bbox 1132 658 1163 713; x_wconf 90' lang='lat' dir='ltr'><strong>ct</strong></span> <span class='ocrx_word' id='word_1_280' title='bbox 1182 651 1384 713; x_wconf 83' lang='lat' dir='ltr'><strong>schismaticis</strong></span> <span class='ocrx_word' id='word_1_281' title='bbox 1405 654 1502 731; x_wconf 90' lang='lat' dir='ltr'><strong>possit</strong></span> <span class='ocrx_word' id='word_1_282' title='bbox 1520 658 1682 731; x_wconf 88' lang='lat' dir='ltr'><strong>opportune</strong></span> <span class='ocrx_word' id='word_1_283' title='bbox 1694 678 1758 738; x_wconf 89' lang='lat' dir='ltr'><strong>pro·</strong></span> 
     </span>
     <span class='ocr_line' id='line_1_48' title="bbox 999 767 1077 806; baseline -0.026 0"><span class='ocrx_word' id='word_1_284' title='bbox 999 767 1077 806; x_wconf 88' lang='lat' dir='ltr'><strong>nere.</strong></span> 
     </span>
    </p>

    <p class='ocr_par' dir='ltr' id='par_1_9' title="bbox 958 768 1777 3240">
     <span class='ocr_line' id='line_1_49' title="bbox 958 768 1760 919; baseline 0.004 -20"><span class='ocrx_word' id='word_1_285' title='bbox 958 768 997 829; x_wconf 57' lang='lat' dir='ltr'><strong>po</strong></span> <span class='ocrx_word' id='word_1_286' title='bbox 1036 839 1140 900; x_wconf 88' lang='lat' dir='ltr'><strong>Satius</strong></span> <span class='ocrx_word' id='word_1_287' title='bbox 1160 858 1229 899; x_wconf 88' lang='lat' dir='ltr'><strong>vero</strong></span> <span class='ocrx_word' id='word_1_288' title='bbox 1241 837 1336 903; x_wconf 87' lang='lat' dir='ltr'><strong>fuerit.</strong></span> <span class='ocrx_word' id='word_1_289' title='bbox 1357 843 1536 899; x_wconf 84' lang='lat' dir='ltr'><strong>mercatores</strong></span> <span class='ocrx_word' id='word_1_290' title='bbox 1556 840 1605 919; x_wconf 84' lang='lat' dir='ltr'><strong>qni</strong></span> <span class='ocrx_word' id='word_1_291' title='bbox 1625 844 1760 902; x_wconf 89' lang='lat' dir='ltr'><strong>seseali·</strong></span> 
     </span>
     <span class='ocr_line' id='line_1_50' title="bbox 960 930 1761 1012; baseline 0.004 -19"><span class='ocrx_word' id='word_1_292' title='bbox 960 932 1078 1012; x_wconf 79' lang='lat' dir='ltr'><strong>quando</strong></span> <span class='ocrx_word' id='word_1_293' title='bbox 1099 932 1202 991; x_wconf 89' lang='lat' dir='ltr'><strong>socios</strong></span> <span class='ocrx_word' id='word_1_294' title='bbox 1222 950 1259 989; x_wconf 90' lang='lat' dir='ltr'><strong>eo</strong></span> <span class='ocrx_word' id='word_1_295' title='bbox 1278 931 1307 990; x_wconf 88' lang='lat' dir='ltr'><strong>irr</strong></span> <span class='ocrx_word' id='word_1_296' title='bbox 1328 930 1433 992; x_wconf 82' lang='lat' dir='ltr'><strong>itinere</strong></span> <span class='ocrx_word' id='word_1_297' title='bbox 1453 930 1586 1004; x_wconf 82' lang='lat' dir='ltr'><strong>ofl&#39;crunt,</strong></span> <span class='ocrx_word' id='word_1_298' title='bbox 1607 931 1687 993; x_wconf 93' lang='lat' dir='ltr'><strong>haud</strong></span> <span class='ocrx_word' id='word_1_299' title='bbox 1712 934 1761 995; x_wconf 90' lang='lat' dir='ltr'><strong>ad·</strong></span> 
     </span>
     <span class='ocr_line' id='line_1_51' title="bbox 960 1024 1765 1106; baseline 0.001 -21"><span class='ocrx_word' id='word_1_300' title='bbox 960 1025 1086 1098; x_wconf 85' lang='lat' dir='ltr'><strong>ducere3</strong></span> <span class='ocrx_word' id='word_1_301' title='bbox 1106 1029 1166 1084; x_wconf 89' lang='lat' dir='ltr'><strong>tura</strong></span> <span class='ocrx_word' id='word_1_302' title='bbox 1187 1024 1226 1083; x_wconf 91' lang='lat' dir='ltr'><strong>ob</strong></span> <span class='ocrx_word' id='word_1_303' title='bbox 1245 1042 1291 1093; x_wconf 89' lang='lat' dir='ltr'><strong>ea,</strong></span> <span class='ocrx_word' id='word_1_304' title='bbox 1311 1043 1389 1103; x_wconf 84' lang='lat' dir='ltr'><strong>qnae</strong></span> <span class='ocrx_word' id='word_1_305' title='bbox 1408 1044 1500 1106; x_wconf 88' lang='lat' dir='ltr'><strong>supra</strong></span> <span class='ocrx_word' id='word_1_306' title='bbox 1525 1026 1616 1105; x_wconf 76' lang='lat' dir='ltr'><strong>attigi,</strong></span> <span class='ocrx_word' id='word_1_307' title='bbox 1645 1030 1706 1086; x_wconf 86' lang='lat' dir='ltr'><strong>tum</strong></span> <span class='ocrx_word' id='word_1_308' title='bbox 1730 1034 1765 1087; x_wconf 93' lang='lat' dir='ltr'><strong>ut</strong></span> 
     </span>
     <span class='ocr_line' id='line_1_52' title="bbox 962 1118 1765 1198; baseline 0.001 -19"><span class='ocrx_word' id='word_1_309' title='bbox 962 1118 1059 1180; x_wconf 87' lang='lat' dir='ltr'><strong>lllosci</strong></span> <span class='ocrx_word' id='word_1_310' title='bbox 1087 1136 1170 1190; x_wconf 90' lang='lat' dir='ltr'><strong>sese,</strong></span> <span class='ocrx_word' id='word_1_311' title='bbox 1196 1136 1255 1176; x_wconf 91' lang='lat' dir='ltr'><strong>non</strong></span> <span class='ocrx_word' id='word_1_312' title='bbox 1276 1136 1348 1188; x_wconf 86' lang='lat' dir='ltr'><strong>sna,</strong></span> <span class='ocrx_word' id='word_1_313' title='bbox 1374 1119 1474 1198; x_wconf 87' lang='lat' dir='ltr'><strong>quaeri</strong></span> <span class='ocrx_word' id='word_1_314' title='bbox 1495 1118 1671 1197; x_wconf 79' lang='lat' dir='ltr'><strong>intelligant.</strong></span> <span class='ocrx_word' id='word_1_315' title='bbox 1711 1120 1765 1181; x_wconf 85' lang='lat' dir='ltr'><strong>Sic</strong></span> 
     </span>
     <span class='ocr_line' id='line_1_53' title="bbox 963 1208 1766 1290; baseline 0.004 -19"><span class='ocrx_word' id='word_1_316' title='bbox 963 1211 1041 1271; x_wconf 89' lang='lat' dir='ltr'><strong>enirn</strong></span> <span class='ocrx_word' id='word_1_317' title='bbox 1069 1210 1188 1270; x_wconf 90' lang='lat' dir='ltr'><strong>facilius</strong></span> <span class='ocrx_word' id='word_1_318' title='bbox 1209 1210 1307 1270; x_wconf 87' lang='lat' dir='ltr'><strong>honae</strong></span> <span class='ocrx_word' id='word_1_319' title='bbox 1326 1208 1433 1290; x_wconf 79' lang='lat' dir='ltr'><strong>Legati</strong></span> <span class='ocrx_word' id='word_1_320' title='bbox 1467 1210 1611 1272; x_wconf 89' lang='lat' dir='ltr'><strong>voluntati</strong></span> <span class='ocrx_word' id='word_1_321' title='bbox 1630 1232 1766 1286; x_wconf 77' lang='lat' dir='ltr'><strong>occurret</strong></span> 
     </span>
     <span class='ocr_line' id='line_1_54' title="bbox 964 1304 1767 1382; baseline 0.004 -18"><span class='ocrx_word' id='word_1_322' title='bbox 964 1304 1067 1364; x_wconf 82' lang='lat' dir='ltr'><strong>Deus:</strong></span> <span class='ocrx_word' id='word_1_323' title='bbox 1094 1308 1184 1382; x_wconf 83' lang='lat' dir='ltr'><strong>atque</strong></span> <span class='ocrx_word' id='word_1_324' title='bbox 1213 1312 1247 1361; x_wconf 88' lang='lat' dir='ltr'><strong>ut</strong></span> <span class='ocrx_word' id='word_1_325' title='bbox 1281 1306 1458 1365; x_wconf 85' lang='lat' dir='ltr'><strong>occasiones</strong></span> <span class='ocrx_word' id='word_1_326' title='bbox 1489 1306 1633 1377; x_wconf 87' lang='lat' dir='ltr'><strong>rixarum,</strong></span> <span class='ocrx_word' id='word_1_327' title='bbox 1664 1308 1710 1367; x_wconf 89' lang='lat' dir='ltr'><strong>sic</strong></span> <span class='ocrx_word' id='word_1_328' title='bbox 1735 1316 1767 1367; x_wconf 90' lang='lat' dir='ltr'><strong>et</strong></span> 
     </span>
     <span class='ocr_line' id='line_1_55' title="bbox 963 1396 1767 1478; baseline 0.004 -21"><span class='ocrx_word' id='word_1_329' title='bbox 963 1417 1041 1476; x_wconf 84' lang='lat' dir='ltr'><strong>quae</strong></span> <span class='ocrx_word' id='word_1_330' title='bbox 1060 1396 1127 1457; x_wconf 88' lang='lat' dir='ltr'><strong>illas</strong></span> <span class='ocrx_word' id='word_1_331' title='bbox 1141 1416 1199 1455; x_wconf 92' lang='lat' dir='ltr'><strong>non</strong></span> <span class='ocrx_word' id='word_1_332' title='bbox 1219 1416 1284 1456; x_wconf 89' lang='lat' dir='ltr'><strong>rare</strong></span> <span class='ocrx_word' id='word_1_333' title='bbox 1302 1402 1532 1478; x_wconf 88' lang='lat' dir='ltr'><strong>consequuntur,</strong></span> <span class='ocrx_word' id='word_1_334' title='bbox 1551 1398 1692 1461; x_wconf 88' lang='lat' dir='ltr'><strong>tollentur</strong></span> <span class='ocrx_word' id='word_1_335' title='bbox 1702 1418 1767 1461; x_wconf 84' lang='lat' dir='ltr'><strong>eac·</strong></span> 
     </span>
     <span class='ocr_line' id='line_1_56' title="bbox 965 1489 1766 1573; baseline 0.006 -24"><span class='ocrx_word' id='word_1_336' title='bbox 965 1489 1037 1549; x_wconf 89' lang='lat' dir='ltr'><strong>des:</strong></span> <span class='ocrx_word' id='word_1_337' title='bbox 1059 1510 1097 1550; x_wconf 90' lang='lat' dir='ltr'><strong>ne</strong></span> <span class='ocrx_word' id='word_1_338' title='bbox 1112 1489 1218 1559; x_wconf 89' lang='lat' dir='ltr'><strong>dicanr,</strong></span> <span class='ocrx_word' id='word_1_339' title='bbox 1239 1490 1288 1550; x_wconf 85' lang='lat' dir='ltr'><strong>vix</strong></span> <span class='ocrx_word' id='word_1_340' title='bbox 1309 1490 1454 1573; x_wconf 82' lang='lat' dir='ltr'><strong>ejusmodi</strong></span> <span class='ocrx_word' id='word_1_341' title='bbox 1476 1489 1611 1551; x_wconf 86' lang='lat' dir='ltr'><strong>homiues</strong></span> <span class='ocrx_word' id='word_1_342' title='bbox 1631 1494 1766 1554; x_wconf 82' lang='lat' dir='ltr'><strong>esseCa-</strong></span> 
     </span>
     <span class='ocr_line' id='line_1_57' title="bbox 964 1580 1768 1663; baseline 0.01 -22"><span class='ocrx_word' id='word_1_343' title='bbox 964 1582 1104 1654; x_wconf 83' lang='lat' dir='ltr'><strong>thulicus,</strong></span> <span class='ocrx_word' id='word_1_344' title='bbox 1124 1590 1176 1642; x_wconf 91' lang='lat' dir='ltr'><strong>aut</strong></span> <span class='ocrx_word' id='word_1_345' title='bbox 1197 1584 1226 1641; x_wconf 90' lang='lat' dir='ltr'><strong>in</strong></span> <span class='ocrx_word' id='word_1_346' title='bbox 1247 1580 1385 1643; x_wconf 87' lang='lat' dir='ltr'><strong>huaranis</strong></span> <span class='ocrx_word' id='word_1_347' title='bbox 1405 1603 1522 1663; x_wconf 85' lang='lat' dir='ltr'><strong>qnoque</strong></span> <span class='ocrx_word' id='word_1_348' title='bbox 1541 1586 1631 1645; x_wconf 90' lang='lat' dir='ltr'><strong>rebus</strong></span> <span class='ocrx_word' id='word_1_349' title='bbox 1651 1586 1768 1649; x_wconf 80' lang='lat' dir='ltr'><strong>fideles.</strong></span> 
     </span>
     <span class='ocr_line' id='line_1_58' title="bbox 967 1673 1769 1751; baseline 0.006 -17"><span class='ocrx_word' id='word_1_350' title='bbox 967 1673 1056 1746; x_wconf 78' lang='lat' dir='ltr'><strong>Quod</strong></span> <span class='ocrx_word' id='word_1_351' title='bbox 1077 1676 1104 1735; x_wconf 87' lang='lat' dir='ltr'><strong>si</strong></span> <span class='ocrx_word' id='word_1_352' title='bbox 1125 1673 1265 1735; x_wconf 86' lang='lat' dir='ltr'><strong>habenda</strong></span> <span class='ocrx_word' id='word_1_353' title='bbox 1284 1677 1359 1735; x_wconf 91' lang='lat' dir='ltr'><strong>ratio</strong></span> <span class='ocrx_word' id='word_1_354' title='bbox 1378 1678 1419 1736; x_wconf 91' lang='lat' dir='ltr'><strong>sit</strong></span> <span class='ocrx_word' id='word_1_355' title='bbox 1436 1677 1490 1737; x_wconf 91' lang='lat' dir='ltr'><strong>tuti</strong></span> <span class='ocrx_word' id='word_1_356' title='bbox 1511 1678 1682 1751; x_wconf 85' lang='lat' dir='ltr'><strong>comitatus,</strong></span> <span class='ocrx_word' id='word_1_357' title='bbox 1701 1680 1731 1740; x_wconf 88' lang='lat' dir='ltr'><strong>id</strong></span> <span class='ocrx_word' id='word_1_358' title='bbox 1750 1700 1769 1739; x_wconf 94' lang='lat' dir='ltr'><strong>a</strong></span> 
     </span>
     <span class='ocr_line' id='line_1_59' title="bbox 966 1768 1769 1849; baseline 0.005 -21"><span class='ocrx_word' id='word_1_359' title='bbox 966 1768 1068 1847; x_wconf 81' lang='lat' dir='ltr'><strong>Rege,</strong></span> <span class='ocrx_word' id='word_1_360' title='bbox 1093 1788 1188 1849; x_wconf 87' lang='lat' dir='ltr'><strong>prope</strong></span> <span class='ocrx_word' id='word_1_361' title='bbox 1208 1768 1322 1847; x_wconf 76' lang='lat' dir='ltr'><strong>Regni,</strong></span> <span class='ocrx_word' id='word_1_362' title='bbox 1349 1774 1380 1828; x_wconf 92' lang='lat' dir='ltr'><strong>et</strong></span> <span class='ocrx_word' id='word_1_363' title='bbox 1397 1768 1569 1829; x_wconf 86' lang='lat' dir='ltr'><strong>Moscoviae</strong></span> <span class='ocrx_word' id='word_1_364' title='bbox 1594 1768 1684 1843; x_wconf 86' lang='lat' dir='ltr'><strong>fines,</strong></span> <span class='ocrx_word' id='word_1_365' title='bbox 1710 1792 1769 1831; x_wconf 92' lang='lat' dir='ltr'><strong>non</strong></span> 
     </span>
     <span class='ocr_line' id='line_1_60' title="bbox 967 1860 1768 1943; baseline 0.002 -21"><span class='ocrx_word' id='word_1_366' title='bbox 967 1862 1055 1922; x_wconf 87' lang='lat' dir='ltr'><strong>fuerit</strong></span> <span class='ocrx_word' id='word_1_367' title='bbox 1073 1860 1195 1921; x_wconf 82' lang='lat' dir='ltr'><strong>difficile</strong></span> <span class='ocrx_word' id='word_1_368' title='bbox 1210 1862 1353 1932; x_wconf 90' lang='lat' dir='ltr'><strong>obtinere,</strong></span> <span class='ocrx_word' id='word_1_369' title='bbox 1373 1862 1475 1922; x_wconf 91' lang='lat' dir='ltr'><strong>autah</strong></span> <span class='ocrx_word' id='word_1_370' title='bbox 1495 1860 1609 1934; x_wconf 89' lang='lat' dir='ltr'><strong>iisdem,</strong></span> <span class='ocrx_word' id='word_1_371' title='bbox 1630 1884 1707 1943; x_wconf 85' lang='lat' dir='ltr'><strong>quae</strong></span> <span class='ocrx_word' id='word_1_372' title='bbox 1728 1864 1768 1924; x_wconf 90' lang='lat' dir='ltr'><strong>di·</strong></span> 
     </span>
     <span class='ocr_line' id='line_1_61' title="bbox 967 1953 1769 2032; baseline 0.006 -18"><span class='ocrx_word' id='word_1_373' title='bbox 967 1955 1074 2026; x_wconf 83' lang='lat' dir='ltr'><strong>xlrnns,</strong></span> <span class='ocrx_word' id='word_1_374' title='bbox 1093 1953 1258 2014; x_wconf 87' lang='lat' dir='ltr'><strong>Societatis</strong></span> <span class='ocrx_word' id='word_1_375' title='bbox 1278 1959 1398 2015; x_wconf 89' lang='lat' dir='ltr'><strong>nostrae</strong></span> <span class='ocrx_word' id='word_1_376' title='bbox 1417 1953 1561 2032; x_wconf 83' lang='lat' dir='ltr'><strong>Collegiis</strong></span> <span class='ocrx_word' id='word_1_377' title='bbox 1579 1956 1674 2016; x_wconf 86' lang='lat' dir='ltr'><strong>lucem</strong></span> <span class='ocrx_word' id='word_1_378' title='bbox 1699 1956 1769 2018; x_wconf 87' lang='lat' dir='ltr'><strong>hau·</strong></span> 
     </span>
     <span class='ocr_line' id='line_1_62' title="bbox 968 2044 1771 2125; baseline 0.006 -19"><span class='ocrx_word' id='word_1_379' title='bbox 968 2048 1035 2118; x_wconf 85' lang='lat' dir='ltr'><strong>rire,</strong></span> <span class='ocrx_word' id='word_1_380' title='bbox 1055 2051 1088 2105; x_wconf 90' lang='lat' dir='ltr'><strong>ut</strong></span> <span class='ocrx_word' id='word_1_381' title='bbox 1108 2045 1227 2125; x_wconf 86' lang='lat' dir='ltr'><strong>quidam</strong></span> <span class='ocrx_word' id='word_1_382' title='bbox 1256 2044 1391 2107; x_wconf 84' lang='lat' dir='ltr'><strong>homines</strong></span> <span class='ocrx_word' id='word_1_383' title='bbox 1419 2046 1470 2107; x_wconf 89' lang='lat' dir='ltr'><strong>fidi</strong></span> <span class='ocrx_word' id='word_1_384' title='bbox 1495 2048 1622 2125; x_wconf 85' lang='lat' dir='ltr'><strong>pecnnia</strong></span> <span class='ocrx_word' id='word_1_385' title='bbox 1646 2049 1771 2111; x_wconf 84' lang='lat' dir='ltr'><strong>conduci</strong></span> 
     </span>
     <span class='ocr_line' id='line_1_63' title="bbox 968 2136 1771 2220; baseline 0.006 -21"><span class='ocrx_word' id='word_1_386' title='bbox 968 2144 1088 2219; x_wconf 82' lang='lat' dir='ltr'><strong>queant.</strong></span> <span class='ocrx_word' id='word_1_387' title='bbox 1127 2136 1274 2209; x_wconf 81' lang='lat' dir='ltr'><strong>Quamvis</strong></span> <span class='ocrx_word' id='word_1_388' title='bbox 1293 2140 1320 2199; x_wconf 86' lang='lat' dir='ltr'><strong>sl</strong></span> <span class='ocrx_word' id='word_1_389' title='bbox 1346 2159 1401 2220; x_wconf 87' lang='lat' dir='ltr'><strong>per</strong></span> <span class='ocrx_word' id='word_1_390' title='bbox 1426 2137 1580 2201; x_wconf 84' lang='lat' dir='ltr'><strong>hivouiam</strong></span> <span class='ocrx_word' id='word_1_391' title='bbox 1609 2147 1708 2214; x_wconf 89' lang='lat' dir='ltr'><strong>eatnr,</strong></span> <span class='ocrx_word' id='word_1_392' title='bbox 1733 2163 1771 2204; x_wconf 91' lang='lat' dir='ltr'><strong>ac</strong></span> 
     </span>
     <span class='ocr_line' id='line_1_64' title="bbox 968 2229 1771 2313; baseline 0.006 -23"><span class='ocrx_word' id='word_1_393' title='bbox 968 2231 1102 2313; x_wconf 86' lang='lat' dir='ltr'><strong>Derpati,</strong></span> <span class='ocrx_word' id='word_1_394' title='bbox 1122 2235 1153 2289; x_wconf 91' lang='lat' dir='ltr'><strong>et</strong></span> <span class='ocrx_word' id='word_1_395' title='bbox 1171 2229 1375 2309; x_wconf 83' lang='lat' dir='ltr'><strong>Novogrodeci</strong></span> <span class='ocrx_word' id='word_1_396' title='bbox 1407 2236 1463 2307; x_wconf 88' lang='lat' dir='ltr'><strong>(ca</strong></span> <span class='ocrx_word' id='word_1_397' title='bbox 1491 2242 1540 2293; x_wconf 88' lang='lat' dir='ltr'><strong>est</strong></span> <span class='ocrx_word' id='word_1_398' title='bbox 1562 2232 1664 2295; x_wconf 84' lang='lat' dir='ltr'><strong>ultimo</strong></span> <span class='ocrx_word' id='word_1_399' title='bbox 1684 2233 1771 2297; x_wconf 86' lang='lat' dir='ltr'><strong>Livo-</strong></span> 
     </span>
     <span class='ocr_line' id='line_1_65' title="bbox 970 2323 1770 2410; baseline 0.006 -27"><span class='ocrx_word' id='word_1_400' title='bbox 970 2325 1037 2383; x_wconf 90' lang='lat' dir='ltr'><strong>niae</strong></span> <span class='ocrx_word' id='word_1_401' title='bbox 1057 2323 1124 2399; x_wconf 84' lang='lat' dir='ltr'><strong>arx)</strong></span> <span class='ocrx_word' id='word_1_402' title='bbox 1147 2326 1294 2406; x_wconf 87' lang='lat' dir='ltr'><strong>tantisper</strong></span> <span class='ocrx_word' id='word_1_403' title='bbox 1316 2324 1500 2397; x_wconf 86' lang='lat' dir='ltr'><strong>subsistant,</strong></span> <span class='ocrx_word' id='word_1_404' title='bbox 1525 2324 1593 2385; x_wconf 87' lang='lat' dir='ltr'><strong>dour</strong></span> <span class='ocrx_word' id='word_1_405' title='bbox 1624 2326 1693 2389; x_wconf 81' lang='lat' dir='ltr'><strong>fidei</strong></span> <span class='ocrx_word' id='word_1_406' title='bbox 1719 2348 1770 2410; x_wconf 94' lang='lat' dir='ltr'><strong>pu-</strong></span> 
     </span>
     <span class='ocr_line' id='line_1_66' title="bbox 969 2415 1771 2497; baseline 0.007 -22"><span class='ocrx_word' id='word_1_407' title='bbox 969 2417 1065 2477; x_wconf 88' lang='lat' dir='ltr'><strong>blicae</strong></span> <span class='ocrx_word' id='word_1_408' title='bbox 1084 2415 1210 2491; x_wconf 88' lang='lat' dir='ltr'><strong>litterae,</strong></span> <span class='ocrx_word' id='word_1_409' title='bbox 1230 2416 1406 2479; x_wconf 86' lang='lat' dir='ltr'><strong>acPristavi</strong></span> <span class='ocrx_word' id='word_1_410' title='bbox 1426 2416 1630 2497; x_wconf 76' lang='lat' dir='ltr'><strong>Novogardia,</strong></span> <span class='ocrx_word' id='word_1_411' title='bbox 1648 2418 1771 2481; x_wconf 86' lang='lat' dir='ltr'><strong>Plesco-</strong></span> 
     </span>
     <span class='ocr_line' id='line_1_67' title="bbox 970 2509 1770 2591; baseline 0.005 -22"><span class='ocrx_word' id='word_1_412' title='bbox 970 2511 1055 2569; x_wconf 87' lang='lat' dir='ltr'><strong>viave</strong></span> <span class='ocrx_word' id='word_1_413' title='bbox 1073 2520 1244 2591; x_wconf 85' lang='lat' dir='ltr'><strong>appareant,</strong></span> <span class='ocrx_word' id='word_1_414' title='bbox 1270 2512 1362 2571; x_wconf 90' lang='lat' dir='ltr'><strong>tutius</strong></span> <span class='ocrx_word' id='word_1_415' title='bbox 1386 2531 1404 2570; x_wconf 90' lang='lat' dir='ltr'><strong>a</strong></span> <span class='ocrx_word' id='word_1_416' title='bbox 1427 2509 1556 2573; x_wconf 86' lang='lat' dir='ltr'><strong>Cosacis</strong></span> <span class='ocrx_word' id='word_1_417' title='bbox 1585 2511 1673 2573; x_wconf 87' lang='lat' dir='ltr'><strong>fuerit</strong></span> <span class='ocrx_word' id='word_1_418' title='bbox 1706 2514 1770 2573; x_wconf 91' lang='lat' dir='ltr'><strong>iter.</strong></span> 
     </span>
     <span class='ocr_line' id='line_1_68' title="bbox 972 2600 1771 2683; baseline 0.005 -22"><span class='ocrx_word' id='word_1_419' title='bbox 972 2600 1061 2674; x_wconf 80' lang='lat' dir='ltr'><strong>Quod</strong></span> <span class='ocrx_word' id='word_1_420' title='bbox 1082 2604 1109 2662; x_wconf 86' lang='lat' dir='ltr'><strong>si</strong></span> <span class='ocrx_word' id='word_1_421' title='bbox 1130 2603 1252 2663; x_wconf 89' lang='lat' dir='ltr'><strong>alterurn</strong></span> <span class='ocrx_word' id='word_1_422' title='bbox 1272 2604 1452 2674; x_wconf 85' lang='lat' dir='ltr'><strong>instituatur,</strong></span> <span class='ocrx_word' id='word_1_423' title='bbox 1475 2624 1533 2683; x_wconf 84' lang='lat' dir='ltr'><strong>qua</strong></span> <span class='ocrx_word' id='word_1_424' title='bbox 1553 2604 1771 2665; x_wconf 86' lang='lat' dir='ltr'><strong>Suroleuscinm</strong></span> 
     </span>
     <span class='ocr_line' id='line_1_69' title="bbox 972 2694 1772 2777; baseline -0.001 -21"><span class='ocrx_word' id='word_1_425' title='bbox 972 2696 1078 2772; x_wconf 73' lang='lat' dir='ltr'><strong>Legati</strong></span> <span class='ocrx_word' id='word_1_426' title='bbox 1098 2694 1271 2777; x_wconf 80' lang='lat' dir='ltr'><strong>plerumque</strong></span> <span class='ocrx_word' id='word_1_427' title='bbox 1290 2696 1555 2777; x_wconf 87' lang='lat' dir='ltr'><strong>sulentproticisci,</strong></span> <span class='ocrx_word' id='word_1_428' title='bbox 1577 2695 1676 2757; x_wconf 87' lang='lat' dir='ltr'><strong>Orsae</strong></span> <span class='ocrx_word' id='word_1_429' title='bbox 1696 2717 1772 2756; x_wconf 91' lang='lat' dir='ltr'><strong>corn-</strong></span> 
     </span>
     <span class='ocr_line' id='line_1_70' title="bbox 972 2785 1774 2859; baseline 0.001 -11"><span class='ocrx_word' id='word_1_430' title='bbox 972 2785 1144 2848; x_wconf 88' lang='lat' dir='ltr'><strong>morandum</strong></span> <span class='ocrx_word' id='word_1_431' title='bbox 1165 2789 1236 2859; x_wconf 91' lang='lat' dir='ltr'><strong>erit,</strong></span> <span class='ocrx_word' id='word_1_432' title='bbox 1261 2785 1357 2847; x_wconf 90' lang='lat' dir='ltr'><strong>donec</strong></span> <span class='ocrx_word' id='word_1_433' title='bbox 1377 2787 1630 2849; x_wconf 87' lang='lat' dir='ltr'><strong>aSmolensceusi</strong></span> <span class='ocrx_word' id='word_1_434' title='bbox 1638 2788 1774 2851; x_wconf 87' lang='lat' dir='ltr'><strong>Palatino</strong></span> 
     </span>
     <span class='ocr_line' id='line_1_71' title="bbox 973 2878 1777 2960; baseline 0 -19"><span class='ocrx_word' id='word_1_435' title='bbox 973 2887 1182 2960; x_wconf 75' lang='lat' dir='ltr'><strong>cognoscatur,</strong></span> <span class='ocrx_word' id='word_1_436' title='bbox 1195 2878 1322 2939; x_wconf 83' lang='lat' dir='ltr'><strong>Moerus</strong></span> <span class='ocrx_word' id='word_1_437' title='bbox 1335 2882 1456 2941; x_wconf 90' lang='lat' dir='ltr'><strong>venisse</strong></span> <span class='ocrx_word' id='word_1_438' title='bbox 1476 2878 1515 2941; x_wconf 87' lang='lat' dir='ltr'><strong>ad</strong></span> <span class='ocrx_word' id='word_1_439' title='bbox 1536 2878 1620 2953; x_wconf 83' lang='lat' dir='ltr'><strong>lines,</strong></span> <span class='ocrx_word' id='word_1_440' title='bbox 1640 2900 1678 2942; x_wconf 92' lang='lat' dir='ltr'><strong>ue</strong></span> <span class='ocrx_word' id='word_1_441' title='bbox 1700 2883 1777 2943; x_wconf 87' lang='lat' dir='ltr'><strong>inter</strong></span> 
     </span>
     <span class='ocr_line' id='line_1_72' title="bbox 973 2970 1776 3055; baseline 0.002 -22"><span class='ocrx_word' id='word_1_442' title='bbox 973 2972 1172 3033; x_wconf 86' lang='lat' dir='ltr'><strong>densissimas</strong></span> <span class='ocrx_word' id='word_1_443' title='bbox 1202 2971 1270 3032; x_wconf 87' lang='lat' dir='ltr'><strong>illas</strong></span> <span class='ocrx_word' id='word_1_444' title='bbox 1306 2972 1399 3033; x_wconf 77' lang='lat' dir='ltr'><strong>silvas</strong></span> <span class='ocrx_word' id='word_1_445' title='bbox 1431 2970 1615 3033; x_wconf 82' lang='lat' dir='ltr'><strong>Cosacornm</strong></span> <span class='ocrx_word' id='word_1_446' title='bbox 1645 2971 1776 3055; x_wconf 85' lang='lat' dir='ltr'><strong>praedae</strong></span> 
     </span>
     <span class='ocr_line' id='line_1_73' title="bbox 974 3060 1774 3147; baseline -0.001 -20"><span class='ocrx_word' id='word_1_447' title='bbox 974 3066 1119 3147; x_wconf 82' lang='lat' dir='ltr'><strong>expositis</strong></span> <span class='ocrx_word' id='word_1_448' title='bbox 1139 3060 1315 3125; x_wconf 87' lang='lat' dir='ltr'><strong>manendum</strong></span> <span class='ocrx_word' id='word_1_449' title='bbox 1337 3066 1386 3136; x_wconf 92' lang='lat' dir='ltr'><strong>sit,</strong></span> <span class='ocrx_word' id='word_1_450' title='bbox 1400 3062 1646 3146; x_wconf 85' lang='lat' dir='ltr'><strong>quemadmodum</strong></span> <span class='ocrx_word' id='word_1_451' title='bbox 1658 3084 1774 3126; x_wconf 87' lang='lat' dir='ltr'><strong>surnnro</strong></span> 
     </span>
     <span class='ocr_line' id='line_1_74' title="bbox 973 3154 1373 3240; baseline -0.013 -21"><span class='ocrx_word' id='word_1_452' title='bbox 973 3157 1104 3240; x_wconf 86' lang='lat' dir='ltr'><strong>periculo</strong></span> <span class='ocrx_word' id='word_1_453' title='bbox 1124 3157 1211 3217; x_wconf 92' lang='lat' dir='ltr'><strong>nobis</strong></span> <span class='ocrx_word' id='word_1_454' title='bbox 1232 3154 1373 3217; x_wconf 88' lang='lat' dir='ltr'><strong>accidit..</strong></span> 
     </span>
    </p>
   </div>
   <div class='ocr_carea' id='block_1_5' title="bbox 1208 3466 1541 3543">
    <p class='ocr_par' dir='ltr' id='par_1_10' title="bbox 1208 3466 1541 3543">
     <span class='ocr_line' id='line_1_75' title="bbox 1208 3466 1541 3543; baseline 0.003 -2"><span class='ocrx_word' id='word_1_455' title='bbox 1208 3466 1541 3543; x_wconf 75' lang='lat' dir='ltr'><em>LITTERAE</em></span> 
     </span>
    </p>
   </div>
   <div class='ocr_carea' id='block_1_6' title="bbox 977 3625 1785 3809">
    <p class='ocr_par' dir='ltr' id='par_1_11' title="bbox 977 3625 1785 3809">
     <span class='ocr_line' id='line_1_76' title="bbox 977 3625 1785 3684; baseline 0 -11"><span class='ocrx_word' id='word_1_456' title='bbox 977 3627 1146 3673; x_wconf 78' lang='lat' dir='ltr'><strong>ASllhfth</strong></span> <span class='ocrx_word' id='word_1_457' title='bbox 1167 3625 1363 3673; x_wconf 72' lang='lat' dir='ltr'><strong>PONTlFICE</strong></span> <span class='ocrx_word' id='word_1_458' title='bbox 1387 3626 1609 3684; x_wconf 71' lang='lat' dir='ltr'><strong>tortosonte,</strong></span> <span class='ocrx_word' id='word_1_459' title='bbox 1628 3627 1785 3680; x_wconf 72' lang='lat' dir='ltr'><strong>QUALES:</strong></span> 
     </span>
     <span class='ocr_line' id='line_1_77' title="bbox 1016 3750 1740 3809; baseline 0 -12"><span class='ocrx_word' id='word_1_460' title='bbox 1016 3753 1113 3797; x_wconf 77' lang='lat' dir='ltr'><strong>north</strong></span> <span class='ocrx_word' id='word_1_461' title='bbox 1134 3750 1237 3809; x_wconf 74' lang='lat' dir='ltr'><strong>tritu,</strong></span> <span class='ocrx_word' id='word_1_462' title='bbox 1257 3750 1437 3803; x_wconf 74' lang='lat' dir='ltr'><strong>QUAENAM</strong></span> <span class='ocrx_word' id='word_1_463' title='bbox 1456 3750 1543 3797; x_wconf 77' lang='lat' dir='ltr'>ESSE</span> <span class='ocrx_word' id='word_1_464' title='bbox 1563 3750 1740 3797; x_wconf 69' lang='lat' dir='ltr'><strong>otiantur.</strong></span> 
     </span>
    </p>
   </div>
   <div class='ocr_carea' id='block_1_7' title="bbox 982 3986 1784 4163">
    <p class='ocr_par' dir='ltr' id='par_1_12' title="bbox 982 3986 1784 4163">
     <span class='ocr_line' id='line_1_78' title="bbox 1058 3986 1784 4071; baseline 0.003 -22"><span class='ocrx_word' id='word_1_465' title='bbox 1058 3990 1145 4069; x_wconf 84' lang='lat' dir='ltr'><strong>Quae</strong></span> <span class='ocrx_word' id='word_1_466' title='bbox 1164 3996 1316 4071; x_wconf 85' lang='lat' dir='ltr'><strong>postrema</strong></span> <span class='ocrx_word' id='word_1_467' title='bbox 1336 3986 1391 4049; x_wconf 90' lang='lat' dir='ltr'><strong>fuit</strong></span> <span class='ocrx_word' id='word_1_468' title='bbox 1409 3988 1516 4050; x_wconf 88' lang='lat' dir='ltr'><strong>litteris</strong></span> <span class='ocrx_word' id='word_1_469' title='bbox 1528 3990 1569 4051; x_wconf 92' lang='lat' dir='ltr'><strong>V.</strong></span> <span class='ocrx_word' id='word_1_470' title='bbox 1584 3988 1784 4053; x_wconf 87' lang='lat' dir='ltr'><strong>Beatitudinis</strong></span> 
     </span>
     <span class='ocr_line' id='line_1_79' title="bbox 982 4079 1783 4163; baseline 0.002 -19"><span class='ocrx_word' id='word_1_471' title='bbox 982 4082 1021 4146; x_wconf 89' lang='lat' dir='ltr'><strong>arl</strong></span> <span class='ocrx_word' id='word_1_472' title='bbox 1042 4083 1178 4144; x_wconf 85' lang='lat' dir='ltr'><strong>hloscum</strong></span> <span class='ocrx_word' id='word_1_473' title='bbox 1199 4082 1363 4163; x_wconf 82' lang='lat' dir='ltr'><strong>inscriptio,</strong></span> <span class='ocrx_word' id='word_1_474' title='bbox 1396 4079 1499 4143; x_wconf 87' lang='lat' dir='ltr'><strong>eadem</strong></span> <span class='ocrx_word' id='word_1_475' title='bbox 1519 4091 1553 4144; x_wconf 91' lang='lat' dir='ltr'><strong>ut</strong></span> <span class='ocrx_word' id='word_1_476' title='bbox 1572 4091 1715 4155; x_wconf 85' lang='lat' dir='ltr'><strong>servetur,</strong></span> <span class='ocrx_word' id='word_1_477' title='bbox 1737 4104 1783 4146; x_wconf 87' lang='lat' dir='ltr'><strong>ex·</strong></span> 
     </span>
    </p>
   </div>
   <div class='ocr_carea' id='block_1_8' title="bbox 120 4172 1791 5275">
    <p class='ocr_par' dir='ltr' id='par_1_13' title="bbox 120 4172 1786 4447">
     <span class='ocr_line' id='line_1_80' title="bbox 120 4172 1786 4260; baseline -0.002 -19"><span class='ocrx_word' id='word_1_478' title='bbox 120 4178 301 4259; x_wconf 82' lang='lat' dir='ltr'><strong>hydromelis</strong></span> <span class='ocrx_word' id='word_1_479' title='bbox 322 4184 420 4255; x_wconf 89' lang='lat' dir='ltr'><strong>potus,</strong></span> <span class='ocrx_word' id='word_1_480' title='bbox 440 4193 499 4253; x_wconf 81' lang='lat' dir='ltr'><strong>quo</strong></span> <span class='ocrx_word' id='word_1_481' title='bbox 518 4194 637 4253; x_wconf 86' lang='lat' dir='ltr'><strong>seraper</strong></span> <span class='ocrx_word' id='word_1_482' title='bbox 654 4178 788 4243; x_wconf 80' lang='lat' dir='ltr'><strong>utantur,</strong></span> <span class='ocrx_word' id='word_1_483' title='bbox 808 4173 923 4234; x_wconf 88' lang='lat' dir='ltr'><strong>coelum</strong></span> <span class='ocrx_word' id='word_1_484' title='bbox 982 4174 1093 4260; x_wconf 90' lang='lat' dir='ltr'><strong>pediet.</strong></span> <span class='ocrx_word' id='word_1_485' title='bbox 1131 4178 1179 4237; x_wconf 82' lang='lat' dir='ltr'><strong>Ac</strong></span> <span class='ocrx_word' id='word_1_486' title='bbox 1209 4172 1327 4255; x_wconf 85' lang='lat' dir='ltr'><strong>quidem</strong></span> <span class='ocrx_word' id='word_1_487' title='bbox 1354 4193 1426 4235; x_wconf 91' lang='lat' dir='ltr'><strong>anre</strong></span> <span class='ocrx_word' id='word_1_488' title='bbox 1450 4174 1628 4255; x_wconf 75' lang='lat' dir='ltr'><strong>obsignatae</strong></span> <span class='ocrx_word' id='word_1_489' title='bbox 1652 4172 1786 4249; x_wconf 85' lang='lat' dir='ltr'><strong>fuernnt;</strong></span> 
     </span>
     <span class='ocr_line' id='line_1_81' title="bbox 120 4265 1786 4350; baseline -0.001 -16"><span class='ocrx_word' id='word_1_490' title='bbox 120 4291 180 4335; x_wconf 93' lang='lat' dir='ltr'><strong>non</strong></span> <span class='ocrx_word' id='word_1_491' title='bbox 200 4268 279 4329; x_wconf 85' lang='lat' dir='ltr'><strong>idenr</strong></span> <span class='ocrx_word' id='word_1_492' title='bbox 304 4268 384 4350; x_wconf 84' lang='lat' dir='ltr'><strong>quod</strong></span> <span class='ocrx_word' id='word_1_493' title='bbox 415 4265 496 4346; x_wconf 90' lang='lat' dir='ltr'><strong>apud</strong></span> <span class='ocrx_word' id='word_1_494' title='bbox 520 4286 592 4338; x_wconf 90' lang='lat' dir='ltr'><strong>nos,</strong></span> <span class='ocrx_word' id='word_1_495' title='bbox 620 4268 736 4329; x_wconf 85' lang='lat' dir='ltr'><strong>itineris</strong></span> <span class='ocrx_word' id='word_1_496' title='bbox 769 4266 926 4332; x_wconf 75' lang='lat' dir='ltr'><strong>lassitudo,</strong></span> <span class='ocrx_word' id='word_1_497' title='bbox 983 4272 1063 4331; x_wconf 90' lang='lat' dir='ltr'><strong>sient</strong></span> <span class='ocrx_word' id='word_1_498' title='bbox 1072 4267 1180 4329; x_wconf 90' lang='lat' dir='ltr'><strong>Veneti</strong></span> <span class='ocrx_word' id='word_1_499' title='bbox 1192 4286 1309 4349; x_wconf 84' lang='lat' dir='ltr'><strong>quoque</strong></span> <span class='ocrx_word' id='word_1_500' title='bbox 1321 4266 1470 4329; x_wconf 69' lang='lat' dir='ltr'><strong>fecerunta</strong></span> <span class='ocrx_word' id='word_1_501' title='bbox 1490 4270 1624 4348; x_wconf 87' lang='lat' dir='ltr'><strong>quamvis</strong></span> <span class='ocrx_word' id='word_1_502' title='bbox 1644 4272 1786 4343; x_wconf 70' lang='lat' dir='ltr'><strong>easdam,</strong></span> 
     </span>
     <span class='ocr_line' id='line_1_82' title="bbox 120 4358 1519 4447; baseline -0.006 -20"><span class='ocrx_word' id='word_1_503' title='bbox 120 4362 307 4447; x_wconf 75' lang='lat' dir='ltr'><strong>quantumvis</strong></span> <span class='ocrx_word' id='word_1_504' title='bbox 327 4362 463 4421; x_wconf 87' lang='lat' dir='ltr'><strong>valentes</strong></span> <span class='ocrx_word' id='word_1_505' title='bbox 490 4358 614 4437; x_wconf 77' lang='lat' dir='ltr'><strong>fatigant</strong></span> <span class='ocrx_word' id='word_1_506' title='bbox 642 4359 791 4429; x_wconf 78' lang='lat' dir='ltr'><strong>honines,</strong></span> <span class='ocrx_word' id='word_1_507' title='bbox 816 4359 925 4438; x_wconf 80' lang='lat' dir='ltr'><strong>quihus</strong></span> <span class='ocrx_word' id='word_1_508' title='bbox 983 4384 1021 4424; x_wconf 90' lang='lat' dir='ltr'><strong>au</strong></span> <span class='ocrx_word' id='word_1_509' title='bbox 1042 4360 1072 4421; x_wconf 95' lang='lat' dir='ltr'><strong>id</strong></span> <span class='ocrx_word' id='word_1_510' title='bbox 1092 4380 1212 4442; x_wconf 87' lang='lat' dir='ltr'><strong>semper</strong></span> <span class='ocrx_word' id='word_1_511' title='bbox 1231 4361 1519 4421; x_wconf 84' lang='lat' dir='ltr'><strong>necessarinur&#39;erit.</strong></span> 
     </span>
    </p>

    <p class='ocr_par' dir='ltr' id='par_1_14' title="bbox 120 4450 1791 4907">
     <span class='ocr_line' id='line_1_83' title="bbox 120 4450 1787 4533; baseline -0.005 -14"><span class='ocrx_word' id='word_1_512' title='bbox 120 4462 151 4520; x_wconf 93' lang='lat' dir='ltr'><strong>irr</strong></span> <span class='ocrx_word' id='word_1_513' title='bbox 176 4462 240 4518; x_wconf 89' lang='lat' dir='ltr'><strong>toto</strong></span> <span class='ocrx_word' id='word_1_514' title='bbox 264 4454 315 4517; x_wconf 85' lang='lat' dir='ltr'><strong>illo</strong></span> <span class='ocrx_word' id='word_1_515' title='bbox 342 4459 482 4515; x_wconf 74' lang='lat' dir='ltr'><strong>remma</strong></span> <span class='ocrx_word' id='word_1_516' title='bbox 512 4456 608 4512; x_wconf 86' lang='lat' dir='ltr'><strong>tractu</strong></span> <span class='ocrx_word' id='word_1_517' title='bbox 635 4472 722 4513; x_wconf 86' lang='lat' dir='ltr'><strong>neruo</strong></span> <span class='ocrx_word' id='word_1_518' title='bbox 748 4451 861 4512; x_wconf 88' lang='lat' dir='ltr'><strong>laturus</strong></span> <span class='ocrx_word' id='word_1_519' title='bbox 887 4453 927 4512; x_wconf 84' lang='lat' dir='ltr'><strong>sit</strong></span> <span class='ocrx_word' id='word_1_520' title='bbox 1061 4454 1106 4515; x_wconf 82' lang='lat' dir='ltr'><strong>Ex</strong></span> <span class='ocrx_word' id='word_1_521' title='bbox 1125 4454 1163 4513; x_wconf 91' lang='lat' dir='ltr'><strong>iis</strong></span> <span class='ocrx_word' id='word_1_522' title='bbox 1183 4460 1296 4523; x_wconf 88' lang='lat' dir='ltr'><strong>auteur,</strong></span> <span class='ocrx_word' id='word_1_523' title='bbox 1317 4472 1393 4533; x_wconf 85' lang='lat' dir='ltr'><strong>quae</strong></span> <span class='ocrx_word' id='word_1_524' title='bbox 1413 4453 1462 4513; x_wconf 92' lang='lat' dir='ltr'><strong>ille</strong></span> <span class='ocrx_word' id='word_1_525' title='bbox 1482 4450 1520 4514; x_wconf 93' lang='lat' dir='ltr'><strong>ad</strong></span> <span class='ocrx_word' id='word_1_526' title='bbox 1543 4453 1677 4514; x_wconf 84' lang='lat' dir='ltr'><strong>l&#39;estram</strong></span> <span class='ocrx_word' id='word_1_527' title='bbox 1688 4453 1787 4513; x_wconf 90' lang='lat' dir='ltr'><strong>Beati·</strong></span> 
     </span>
     <span class='ocr_line' id='line_1_84' title="bbox 122 4542 1787 4634; baseline -0.008 -20"><span class='ocrx_word' id='word_1_528' title='bbox 122 4572 223 4634; x_wconf 76' lang='lat' dir='ltr'><strong>open,</strong></span> <span class='ocrx_word' id='word_1_529' title='bbox 248 4549 306 4610; x_wconf 85' lang='lat' dir='ltr'><strong>uisi</strong></span> <span class='ocrx_word' id='word_1_530' title='bbox 330 4546 411 4627; x_wconf 91' lang='lat' dir='ltr'><strong>apud</strong></span> <span class='ocrx_word' id='word_1_531' title='bbox 431 4544 572 4623; x_wconf 77' lang='lat' dir='ltr'><strong>nhgnuur</strong></span> <span class='ocrx_word' id='word_1_532' title='bbox 591 4542 764 4605; x_wconf 61' lang='lat' dir='ltr'><strong>meviae</strong></span> <span class='ocrx_word' id='word_1_533' title='bbox 790 4544 927 4606; x_wconf 80' lang='lat' dir='ltr'><strong>Ducem:</strong></span> <span class='ocrx_word' id='word_1_534' title='bbox 984 4545 1126 4617; x_wconf 87' lang='lat' dir='ltr'><strong>tudinem,</strong></span> <span class='ocrx_word' id='word_1_535' title='bbox 1143 4553 1232 4626; x_wconf 90' lang='lat' dir='ltr'><strong>atque</strong></span> <span class='ocrx_word' id='word_1_536' title='bbox 1245 4543 1284 4605; x_wconf 92' lang='lat' dir='ltr'><strong>ad</strong></span> <span class='ocrx_word' id='word_1_537' title='bbox 1300 4545 1376 4605; x_wconf 87' lang='lat' dir='ltr'><strong>alios</strong></span> <span class='ocrx_word' id='word_1_538' title='bbox 1390 4544 1547 4627; x_wconf 86' lang='lat' dir='ltr'><strong>Principes</strong></span> <span class='ocrx_word' id='word_1_539' title='bbox 1565 4546 1697 4626; x_wconf 87' lang='lat' dir='ltr'><strong>scripsit,</strong></span> <span class='ocrx_word' id='word_1_540' title='bbox 1711 4545 1787 4603; x_wconf 89' lang='lat' dir='ltr'><strong>sunri</strong></span> 
     </span>
     <span class='ocr_line' id='line_1_85' title="bbox 123 4633 1791 4726; baseline -0.008 -19"><span class='ocrx_word' id='word_1_541' title='bbox 123 4647 174 4726; x_wconf 76' lang='lat' dir='ltr'><strong>qui</strong></span> <span class='ocrx_word' id='word_1_542' title='bbox 194 4645 243 4723; x_wconf 84' lang='lat' dir='ltr'><strong>(nt</strong></span> <span class='ocrx_word' id='word_1_543' title='bbox 262 4642 337 4713; x_wconf 82' lang='lat' dir='ltr'><strong>dixi)</strong></span> <span class='ocrx_word' id='word_1_544' title='bbox 370 4638 468 4718; x_wconf 85' lang='lat' dir='ltr'><strong>siquis</strong></span> <span class='ocrx_word' id='word_1_545' title='bbox 499 4635 540 4697; x_wconf 88' lang='lat' dir='ltr'><strong>ad</strong></span> <span class='ocrx_word' id='word_1_546' title='bbox 558 4648 682 4698; x_wconf 88' lang='lat' dir='ltr'><strong>mortem</strong></span> <span class='ocrx_word' id='word_1_547' title='bbox 702 4637 862 4710; x_wconf 87' lang='lat' dir='ltr'><strong>laboraret,</strong></span> <span class='ocrx_word' id='word_1_548' title='bbox 888 4658 926 4699; x_wconf 93' lang='lat' dir='ltr'><strong>ne</strong></span> <span class='ocrx_word' id='word_1_549' title='bbox 985 4648 1087 4723; x_wconf 87' lang='lat' dir='ltr'><strong>potest</strong></span> <span class='ocrx_word' id='word_1_550' title='bbox 1106 4641 1228 4700; x_wconf 90' lang='lat' dir='ltr'><strong>occasio</strong></span> <span class='ocrx_word' id='word_1_551' title='bbox 1250 4635 1289 4698; x_wconf 89' lang='lat' dir='ltr'><strong>ad</strong></span> <span class='ocrx_word' id='word_1_552' title='bbox 1309 4656 1403 4697; x_wconf 88' lang='lat' dir='ltr'><strong>novas</strong></span> <span class='ocrx_word' id='word_1_553' title='bbox 1423 4636 1538 4697; x_wconf 89' lang='lat' dir='ltr'><strong>litteras</strong></span> <span class='ocrx_word' id='word_1_554' title='bbox 1559 4633 1791 4705; x_wconf 69' lang='lat' dir='ltr'><strong>dictandaslre·</strong></span> 
     </span>
     <span class='ocr_line' id='line_1_86' title="bbox 124 4726 1790 4818; baseline -0.007 -19"><span class='ocrx_word' id='word_1_555' title='bbox 124 4737 261 4818; x_wconf 86' lang='lat' dir='ltr'><strong>pcrsrittit</strong></span> <span class='ocrx_word' id='word_1_556' title='bbox 280 4732 409 4814; x_wconf 84' lang='lat' dir='ltr'><strong>quidem,</strong></span> <span class='ocrx_word' id='word_1_557' title='bbox 429 4735 462 4791; x_wconf 91' lang='lat' dir='ltr'><strong>ut</strong></span> <span class='ocrx_word' id='word_1_558' title='bbox 481 4750 499 4790; x_wconf 90' lang='lat' dir='ltr'><strong>e</strong></span> <span class='ocrx_word' id='word_1_559' title='bbox 518 4730 583 4789; x_wconf 90' lang='lat' dir='ltr'><strong>suis</strong></span> <span class='ocrx_word' id='word_1_560' title='bbox 605 4730 731 4791; x_wconf 85' lang='lat' dir='ltr'><strong>medicis</strong></span> <span class='ocrx_word' id='word_1_561' title='bbox 751 4731 859 4810; x_wconf 81' lang='lat' dir='ltr'><strong>aliquis</strong></span> <span class='ocrx_word' id='word_1_562' title='bbox 878 4751 926 4792; x_wconf 90' lang='lat' dir='ltr'><strong>ae·</strong></span> <span class='ocrx_word' id='word_1_563' title='bbox 987 4736 1208 4813; x_wconf 76' lang='lat' dir='ltr'><strong>gationemque,</strong></span> <span class='ocrx_word' id='word_1_564' title='bbox 1222 4733 1249 4790; x_wconf 93' lang='lat' dir='ltr'><strong>si</strong></span> <span class='ocrx_word' id='word_1_565' title='bbox 1270 4727 1388 4809; x_wconf 82' lang='lat' dir='ltr'><strong>qnando</strong></span> <span class='ocrx_word' id='word_1_566' title='bbox 1409 4730 1530 4789; x_wconf 86' lang='lat' dir='ltr'><strong>occasio</strong></span> <span class='ocrx_word' id='word_1_567' title='bbox 1552 4747 1586 4788; x_wconf 94' lang='lat' dir='ltr'><strong>se</strong></span> <span class='ocrx_word' id='word_1_568' title='bbox 1608 4726 1706 4798; x_wconf 88' lang='lat' dir='ltr'><strong>daret,</strong></span> <span class='ocrx_word' id='word_1_569' title='bbox 1728 4727 1790 4787; x_wconf 89' lang='lat' dir='ltr'><strong>orit-</strong></span> 
     </span>
     <span class='ocr_line' id='line_1_87' title="bbox 125 4820 1116 4907; baseline -0.008 -18"><span class='ocrx_word' id='word_1_570' title='bbox 125 4836 238 4907; x_wconf 78' lang='lat' dir='ltr'><strong>grotnm</strong></span> <span class='ocrx_word' id='word_1_571' title='bbox 257 4828 384 4891; x_wconf 69' lang='lat' dir='ltr'><strong>inrisere</strong></span> <span class='ocrx_word' id='word_1_572' title='bbox 403 4824 452 4885; x_wconf 88' lang='lat' dir='ltr'><strong>vel</strong></span> <span class='ocrx_word' id='word_1_573' title='bbox 462 4824 490 4884; x_wconf 86' lang='lat' dir='ltr'><strong>sl</strong></span> <span class='ocrx_word' id='word_1_574' title='bbox 500 4820 596 4883; x_wconf 81' lang='lat' dir='ltr'><strong>semel</strong></span> <span class='ocrx_word' id='word_1_575' title='bbox 614 4824 789 4902; x_wconf 72' lang='lat' dir='ltr'><strong>permiserit,</strong></span> <span class='ocrx_word' id='word_1_576' title='bbox 809 4824 860 4883; x_wconf 78' lang='lat' dir='ltr'><strong>vix</strong></span> <span class='ocrx_word' id='word_1_577' title='bbox 876 4844 928 4883; x_wconf 91' lang='lat' dir='ltr'><strong>un·</strong></span> <span class='ocrx_word' id='word_1_578' title='bbox 985 4822 1116 4885; x_wconf 88' lang='lat' dir='ltr'><strong>tendam.</strong></span> 
     </span>
    </p>

    <p class='ocr_par' dir='ltr' id='par_1_15' title="bbox 125 4908 1763 5275">
     <span class='ocr_line' id='line_1_88' title="bbox 125 4908 1763 5002; baseline -0.008 -21"><span class='ocrx_word' id='word_1_579' title='bbox 125 4942 213 5002; x_wconf 84' lang='lat' dir='ltr'><strong>qnam</strong></span> <span class='ocrx_word' id='word_1_580' title='bbox 230 4921 336 4983; x_wconf 85' lang='lat' dir='ltr'><strong>reverti</strong></span> <span class='ocrx_word' id='word_1_581' title='bbox 354 4908 444 4979; x_wconf 85' lang='lat' dir='ltr'><strong>sinet.</strong></span> <span class='ocrx_word' id='word_1_582' title='bbox 476 4915 642 4977; x_wconf 83' lang='lat' dir='ltr'><strong>Phoruracs</strong></span> <span class='ocrx_word' id='word_1_583' title='bbox 666 4916 768 4994; x_wconf 75' lang='lat' dir='ltr'><strong>igitnr,</strong></span> <span class='ocrx_word' id='word_1_584' title='bbox 793 4934 930 4993; x_wconf 79' lang='lat' dir='ltr'><strong>quaeque</strong></span> <span class='ocrx_word' id='word_1_585' title='bbox 1063 4915 1156 4976; x_wconf 79' lang='lat' dir='ltr'><strong>l’orro</strong></span> <span class='ocrx_word' id='word_1_586' title='bbox 1177 4917 1206 4973; x_wconf 92' lang='lat' dir='ltr'><strong>iu</strong></span> <span class='ocrx_word' id='word_1_587' title='bbox 1227 4913 1334 4974; x_wconf 86' lang='lat' dir='ltr'><strong>litteris</strong></span> <span class='ocrx_word' id='word_1_588' title='bbox 1354 4933 1412 4972; x_wconf 93' lang='lat' dir='ltr'><strong>non</strong></span> <span class='ocrx_word' id='word_1_589' title='bbox 1435 4912 1523 4972; x_wconf 88' lang='lat' dir='ltr'><strong>fuerit</strong></span> <span class='ocrx_word' id='word_1_590' title='bbox 1541 4908 1763 4991; x_wconf 75' lang='lat' dir='ltr'><strong>satis,lregatn</strong></span> 
     </span>
     <span class='ocr_line' id='line_1_89' title="bbox 125 5004 1744 5087; baseline -0.004 -14"><span class='ocrx_word' id='word_1_591' title='bbox 125 5010 262 5077; x_wconf 83' lang='lat' dir='ltr'><strong>medicus</strong></span> <span class='ocrx_word' id='word_1_592' title='bbox 279 5013 349 5073; x_wconf 86' lang='lat' dir='ltr'><strong>nani</strong></span> <span class='ocrx_word' id='word_1_593' title='bbox 366 5010 431 5073; x_wconf 88' lang='lat' dir='ltr'><strong>fora</strong></span> <span class='ocrx_word' id='word_1_594' title='bbox 451 5008 605 5086; x_wconf 81' lang='lat' dir='ltr'><strong>intelliget,</strong></span> <span class='ocrx_word' id='word_1_595' title='bbox 624 5027 728 5069; x_wconf 87' lang='lat' dir='ltr'><strong>seeum</strong></span> <span class='ocrx_word' id='word_1_596' title='bbox 747 5007 832 5079; x_wconf 88' lang='lat' dir='ltr'><strong>ferat,</strong></span> <span class='ocrx_word' id='word_1_597' title='bbox 852 5028 930 5087; x_wconf 83' lang='lat' dir='ltr'><strong>quae</strong></span> <span class='ocrx_word' id='word_1_598' title='bbox 987 5026 1096 5069; x_wconf 91' lang='lat' dir='ltr'><strong>vocare</strong></span> <span class='ocrx_word' id='word_1_599' title='bbox 1115 5005 1264 5068; x_wconf 87' lang='lat' dir='ltr'><strong>Dilectum</strong></span> <span class='ocrx_word' id='word_1_600' title='bbox 1285 5005 1389 5078; x_wconf 88' lang='lat' dir='ltr'><strong>hlium,</strong></span> <span class='ocrx_word' id='word_1_601' title='bbox 1416 5007 1475 5065; x_wconf 93' lang='lat' dir='ltr'><strong>nisi</strong></span> <span class='ocrx_word' id='word_1_602' title='bbox 1500 5005 1574 5066; x_wconf 91' lang='lat' dir='ltr'><strong>haec</strong></span> <span class='ocrx_word' id='word_1_603' title='bbox 1600 5024 1657 5067; x_wconf 78' lang='lat' dir='ltr'><strong>uox</strong></span> <span class='ocrx_word' id='word_1_604' title='bbox 1676 5004 1744 5087; x_wconf 62' lang='lat' dir='ltr'><strong>frea</strong></span> 
     </span>
     <span class='ocr_line' id='line_1_90' title="bbox 128 5097 1740 5188; baseline -0.005 -21"><span class='ocrx_word' id='word_1_605' title='bbox 128 5102 247 5188; x_wconf 74' lang='lat' dir='ltr'><strong>quiden</strong></span> <span class='ocrx_word' id='word_1_606' title='bbox 266 5103 296 5163; x_wconf 92' lang='lat' dir='ltr'><strong>ia</strong></span> <span class='ocrx_word' id='word_1_607' title='bbox 316 5104 431 5176; x_wconf 85' lang='lat' dir='ltr'><strong>itinera,</strong></span> <span class='ocrx_word' id='word_1_608' title='bbox 455 5110 508 5164; x_wconf 87' lang='lat' dir='ltr'><strong>aut</strong></span> <span class='ocrx_word' id='word_1_609' title='bbox 529 5100 636 5161; x_wconf 84' lang='lat' dir='ltr'><strong>Vilnae</strong></span> <span class='ocrx_word' id='word_1_610' title='bbox 660 5100 756 5161; x_wconf 77' lang='lat' dir='ltr'><strong>coeni</strong></span> <span class='ocrx_word' id='word_1_611' title='bbox 781 5106 927 5180; x_wconf 88' lang='lat' dir='ltr'><strong>poterunt.</strong></span> <span class='ocrx_word' id='word_1_612' title='bbox 987 5104 1035 5178; x_wconf 87' lang='lat' dir='ltr'><strong>(et</strong></span> <span class='ocrx_word' id='word_1_613' title='bbox 1047 5097 1166 5180; x_wconf 79' lang='lat' dir='ltr'><strong>quiden</strong></span> <span class='ocrx_word' id='word_1_614' title='bbox 1175 5098 1222 5158; x_wconf 88' lang='lat' dir='ltr'><strong>vel</strong></span> <span class='ocrx_word' id='word_1_615' title='bbox 1234 5101 1341 5177; x_wconf 79' lang='lat' dir='ltr'><strong>magni,</strong></span> <span class='ocrx_word' id='word_1_616' title='bbox 1354 5106 1387 5159; x_wconf 92' lang='lat' dir='ltr'><strong>nt</strong></span> <span class='ocrx_word' id='word_1_617' title='bbox 1397 5100 1457 5181; x_wconf 90' lang='lat' dir='ltr'><strong>ipsi</strong></span> <span class='ocrx_word' id='word_1_618' title='bbox 1477 5099 1620 5165; x_wconf 83' lang='lat' dir='ltr'><strong>scribunt.</strong></span> <span class='ocrx_word' id='word_1_619' title='bbox 1640 5098 1687 5160; x_wconf 88' lang='lat' dir='ltr'><strong>vel</strong></span> <span class='ocrx_word' id='word_1_620' title='bbox 1710 5118 1740 5181; x_wconf 92' lang='lat' dir='ltr'><strong>pr</strong></span> 
     </span>
     <span class='ocr_line' id='line_1_91' title="bbox 129 5191 1726 5275; baseline -0.006 -16"><span class='ocrx_word' id='word_1_621' title='bbox 129 5194 268 5271; x_wconf 85' lang='lat' dir='ltr'><strong>Quodsi</strong></span> <span class='ocrx_word' id='word_1_622' title='bbox 294 5194 428 5259; x_wconf 67' lang='lat' dir='ltr'><strong>neum·</strong></span> <span class='ocrx_word' id='word_1_623' title='bbox 454 5195 541 5257; x_wconf 83' lang='lat' dir='ltr'><strong>fuerit</strong></span> <span class='ocrx_word' id='word_1_624' title='bbox 566 5192 707 5275; x_wconf 85' lang='lat' dir='ltr'><strong>prudeus,</strong></span> <span class='ocrx_word' id='word_1_625' title='bbox 726 5212 763 5255; x_wconf 84' lang='lat' dir='ltr'><strong>ac</strong></span> <span class='ocrx_word' id='word_1_626' title='bbox 784 5194 868 5274; x_wconf 89' lang='lat' dir='ltr'><strong>pius,</strong></span> <span class='ocrx_word' id='word_1_627' title='bbox 893 5216 930 5261; x_wconf 74' lang='lat' dir='ltr'><strong>ex</strong></span> <span class='ocrx_word' id='word_1_628' title='bbox 990 5193 1087 5275; x_wconf 86' lang='lat' dir='ltr'><strong>eipni)</strong></span> <span class='ocrx_word' id='word_1_629' title='bbox 1106 5191 1302 5254; x_wconf 85' lang='lat' dir='ltr'><strong>adscribatur.</strong></span> <span class='ocrx_word' id='word_1_630' title='bbox 1335 5192 1411 5255; x_wconf 87' lang='lat' dir='ltr'><strong>Nam</strong></span> <span class='ocrx_word' id='word_1_631' title='bbox 1432 5192 1489 5253; x_wconf 88' lang='lat' dir='ltr'><strong>hac</strong></span> <span class='ocrx_word' id='word_1_632' title='bbox 1508 5212 1582 5253; x_wconf 85' lang='lat' dir='ltr'><strong>voce</strong></span> <span class='ocrx_word' id='word_1_633' title='bbox 1603 5192 1726 5262; x_wconf 78' lang='lat' dir='ltr'><strong>ll&#39;uncii‚</strong></span> 
     </span>
    </p>
   </div>
   <div class='ocr_carea' id='block_1_9' title="bbox 1405 5296 1444 5353">
    <p class='ocr_par' dir='ltr' id='par_1_16' title="bbox 1405 5296 1444 5353">
     <span class='ocr_line' id='line_1_92' title="bbox 1405 5296 1444 5353; baseline -0.051 0"><span class='ocrx_word' id='word_1_634' title='bbox 1405 5296 1444 5353; x_wconf 76' lang='lat'><strong>&#39;20</strong></span> 
     </span>
    </p>
   </div>
   <div class='ocr_carea' id='block_1_10' title="bbox 0 0 1909 5610">
    <p class='ocr_par' dir='ltr' id='par_1_17' title="bbox 0 0 1909 5610">
     <span class='ocr_line' id='line_1_93' title="bbox 0 0 1909 5610; baseline 0 0"><span class='ocrx_word' id='word_1_635' title='bbox 0 0 1909 5610; x_wconf 95' lang='lat' dir='ltr'><strong> </strong></span> 
     </span>
    </p>
   </div>
  </div>
 </body>
</html>
