<?xml version="1.0" encoding="UTF-8"?>
<!DOCTYPE html PUBLIC "-//W3C//DTD XHTML 1.0 Transitional//EN"
    "http://www.w3.org/TR/xhtml1/DTD/xhtml1-transitional.dtd">
<html xmlns="http://www.w3.org/1999/xhtml" xml:lang="en" lang="en">
 <head>
  <title>
</title>
<meta http-equiv="Content-Type" content="text/html;charset=utf-8" />
  <meta name='ocr-system' content='tesseract 3.04.00' />
  <meta name='ocr-capabilities' content='ocr_page ocr_carea ocr_par ocr_line ocrx_word'/>
</head>
<body>
  <div class='ocr_page' id='page_1' title='image "./historiaeruthen00stargoog_0511.png"; bbox 0 0 3742 5626; ppageno 0'>
   <div class='ocr_carea' id='block_1_1' title="bbox 161 180 1678 257">
    <p class='ocr_par' dir='ltr' id='par_1_1' title="bbox 161 180 1678 257">
     <span class='ocr_line' id='line_1_1' title="bbox 161 180 1678 257; baseline 0.001 -14"><span class='ocrx_word' id='word_1_1' title='bbox 161 180 217 245; x_wconf 73' lang='lat'>18⁰</span> <span class='ocrx_word' id='word_1_2' title='bbox 312 182 551 250; x_wconf 70' lang='lat' dir='ltr'>natandum</span> <span class='ocrx_word' id='word_1_3' title='bbox 571 180 899 247; x_wconf 68' lang='lat' dir='ltr'>ufflnudstutatt</span> <span class='ocrx_word' id='word_1_4' title='bbox 917 182 973 243; x_wconf 73' lang='grc' dir='ltr'>ΒΕ</span> <span class='ocrx_word' id='word_1_5' title='bbox 992 182 1133 249; x_wconf 76' lang='lat' dir='ltr'>sunto</span> <span class='ocrx_word' id='word_1_6' title='bbox 1152 182 1454 257; x_wconf 73' lang='lat' dir='ltr'>Moscththu,</span> <span class='ocrx_word' id='word_1_7' title='bbox 1476 184 1600 249; x_wconf 73' lang='lat' dir='ltr'>uranu</span> <span class='ocrx_word' id='word_1_8' title='bbox 1622 184 1678 246; x_wconf 88' lang='lat' dir='ltr'>l&#39;l.</span> 
     </span>
    </p>
   </div>
   <div class='ocr_carea' id='block_1_2' title="bbox 99 344 1829 3683">
    <p class='ocr_par' dir='ltr' id='par_1_2' title="bbox 99 344 1829 3683">
     <span class='ocr_line' id='line_1_2' title="bbox 160 344 1829 426; baseline 0.001 -22"><span class='ocrx_word' id='word_1_9' title='bbox 160 344 291 423; x_wconf 84' lang='lat' dir='ltr'>quicum</span> <span class='ocrx_word' id='word_1_10' title='bbox 309 348 532 409; x_wconf 80' lang='lat' dir='ltr'>sulutisecrun</span> <span class='ocrx_word' id='word_1_11' title='bbox 555 352 659 407; x_wconf 89' lang='lat' dir='ltr'>auctor</span> <span class='ocrx_word' id='word_1_12' title='bbox 672 344 791 415; x_wconf 77' lang='lat' dir='ltr'>luisset,</span> <span class='ocrx_word' id='word_1_13' title='bbox 811 365 961 406; x_wconf 87' lang='lat' dir='ltr'>ornameu·</span> <span class='ocrx_word' id='word_1_14' title='bbox 1022 346 1229 426; x_wconf 78' lang='lat' dir='ltr'>comprobare:</span> <span class='ocrx_word' id='word_1_15' title='bbox 1252 346 1435 408; x_wconf 79' lang='lat' dir='ltr'>dudicieruur</span> <span class='ocrx_word' id='word_1_16' title='bbox 1462 347 1552 409; x_wconf 80' lang='lat' dir='ltr'>terrra</span> <span class='ocrx_word' id='word_1_17' title='bbox 1578 348 1633 421; x_wconf 84' lang='lat' dir='ltr'>iis,</span> <span class='ocrx_word' id='word_1_18' title='bbox 1656 348 1697 405; x_wconf 90' lang='lat' dir='ltr'>de</span> <span class='ocrx_word' id='word_1_19' title='bbox 1723 348 1829 425; x_wconf 76' lang='lat' dir='ltr'>quibu.-</span> 
     </span>
     <span class='ocr_line' id='line_1_3' title="bbox 160 438 1827 519; baseline 0.001 -22"><span class='ocrx_word' id='word_1_20' title='bbox 160 441 313 511; x_wconf 77' lang='lat' dir='ltr'>tom-,ao</span> <span class='ocrx_word' id='word_1_21' title='bbox 331 438 547 501; x_wconf 79' lang='lat' dir='ltr'>commodorum</span> <span class='ocrx_word' id='word_1_22' title='bbox 569 438 741 499; x_wconf 89' lang='lat' dir='ltr'>Provinciae</span> <span class='ocrx_word' id='word_1_23' title='bbox 752 439 821 518; x_wconf 86' lang='lat' dir='ltr'>ejus</span> <span class='ocrx_word' id='word_1_24' title='bbox 834 458 892 499; x_wconf 88' lang='lat' dir='ltr'>ooo</span> <span class='ocrx_word' id='word_1_25' title='bbox 913 440 963 499; x_wconf 85' lang='lat' dir='ltr'>mi·</span> <span class='ocrx_word' id='word_1_26' title='bbox 1021 459 1111 517; x_wconf 84' lang='lat' dir='ltr'>supra</span> <span class='ocrx_word' id='word_1_27' title='bbox 1129 444 1285 501; x_wconf 87' lang='lat' dir='ltr'>ostensum</span> <span class='ocrx_word' id='word_1_28' title='bbox 1304 446 1366 510; x_wconf 81' lang='lat' dir='ltr'>est,</span> <span class='ocrx_word' id='word_1_29' title='bbox 1386 442 1649 501; x_wconf 85' lang='lat' dir='ltr'>constitutionibus</span> <span class='ocrx_word' id='word_1_30' title='bbox 1666 438 1827 519; x_wconf 79' lang='lat' dir='ltr'>descripte.</span> 
     </span>
     <span class='ocr_line' id='line_1_4' title="bbox 161 531 1826 595; baseline 0.002 -7"><span class='ocrx_word' id='word_1_31' title='bbox 161 548 260 591; x_wconf 81' lang='lat' dir='ltr'>nerem</span> <span class='ocrx_word' id='word_1_32' title='bbox 287 552 385 594; x_wconf 87' lang='lat' dir='ltr'>curam</span> <span class='ocrx_word' id='word_1_33' title='bbox 412 553 448 593; x_wconf 91' lang='lat' dir='ltr'>se</span> <span class='ocrx_word' id='word_1_34' title='bbox 468 532 582 593; x_wconf 85' lang='lat' dir='ltr'>babere</span> <span class='ocrx_word' id='word_1_35' title='bbox 602 536 780 593; x_wconf 75' lang='lat' dir='ltr'><strong>ostensurus</strong></span> <span class='ocrx_word' id='word_1_36' title='bbox 799 543 896 593; x_wconf 83' lang='lat' dir='ltr'>esset.</span> <span class='ocrx_word' id='word_1_37' title='bbox 917 533 962 591; x_wconf 84' lang='lat' dir='ltr'>Sl·</span> <span class='ocrx_word' id='word_1_38' title='bbox 1020 531 1127 593; x_wconf 87' lang='lat' dir='ltr'>tradita</span> <span class='ocrx_word' id='word_1_39' title='bbox 1160 532 1220 593; x_wconf 87' lang='lat' dir='ltr'>illis</span> <span class='ocrx_word' id='word_1_40' title='bbox 1244 533 1308 595; x_wconf 84' lang='lat' dir='ltr'>luit.</span> <span class='ocrx_word' id='word_1_41' title='bbox 1360 534 1560 595; x_wconf 71' lang='lat' dir='ltr'>castellorum</span> <span class='ocrx_word' id='word_1_42' title='bbox 1592 532 1826 593; x_wconf 76' lang='lat' dir='ltr'>demolitionem.</span> 
     </span>
     <span class='ocr_line' id='line_1_5' title="bbox 159 622 1824 705; baseline 0.001 -23"><span class='ocrx_word' id='word_1_43' title='bbox 159 623 280 701; x_wconf 77' lang='lat' dir='ltr'>gillatim</span> <span class='ocrx_word' id='word_1_44' title='bbox 300 646 386 701; x_wconf 87' lang='lat' dir='ltr'>vcro,</span> <span class='ocrx_word' id='word_1_45' title='bbox 412 623 492 703; x_wconf 83' lang='lat' dir='ltr'>qued</span> <span class='ocrx_word' id='word_1_46' title='bbox 517 625 696 705; x_wconf 74' lang='lat' dir='ltr'><strong>praecipuae</strong></span> <span class='ocrx_word' id='word_1_47' title='bbox 720 626 906 687; x_wconf 68' lang='lat' dir='ltr'>auctoritatis</span> <span class='ocrx_word' id='word_1_48' title='bbox 931 626 961 685; x_wconf 90' lang='lat' dir='ltr'>in</span> <span class='ocrx_word' id='word_1_49' title='bbox 1021 622 1079 683; x_wconf 90' lang='lat' dir='ltr'>boc</span> <span class='ocrx_word' id='word_1_50' title='bbox 1111 626 1298 704; x_wconf 84' lang='lat' dir='ltr'>potissimum</span> <span class='ocrx_word' id='word_1_51' title='bbox 1323 626 1449 687; x_wconf 88' lang='lat' dir='ltr'>consilio</span> <span class='ocrx_word' id='word_1_52' title='bbox 1482 626 1552 687; x_wconf 78' lang='lat' dir='ltr'>Rex</span> <span class='ocrx_word' id='word_1_53' title='bbox 1577 628 1758 704; x_wconf 83' lang='lat' dir='ltr'>imperarat,</span> <span class='ocrx_word' id='word_1_54' title='bbox 1794 646 1824 684; x_wconf 82' lang='lat' dir='ltr'>uc</span> 
     </span>
     <span class='ocr_line' id='line_1_6' title="bbox 159 714 1824 798; baseline -0.002 -23"><span class='ocrx_word' id='word_1_55' title='bbox 159 714 210 777; x_wconf 87' lang='lat' dir='ltr'>illa</span> <span class='ocrx_word' id='word_1_56' title='bbox 234 718 389 779; x_wconf 77' lang='lat' dir='ltr'>Provincia</span> <span class='ocrx_word' id='word_1_57' title='bbox 412 715 623 795; x_wconf 73' lang='lat' dir='ltr'>Magistratus:</span> <span class='ocrx_word' id='word_1_58' title='bbox 643 716 838 779; x_wconf 78' lang='lat' dir='ltr'>Germanicae</span> <span class='ocrx_word' id='word_1_59' title='bbox 861 719 963 797; x_wconf 80' lang='lat' dir='ltr'>gentis</span> <span class='ocrx_word' id='word_1_60' title='bbox 1020 718 1102 777; x_wconf 88' lang='lat' dir='ltr'>vires</span> <span class='ocrx_word' id='word_1_61' title='bbox 1126 716 1321 794; x_wconf 76' lang='lat' dir='ltr'>Provinciae,</span> <span class='ocrx_word' id='word_1_62' title='bbox 1348 719 1595 798; x_wconf 79' lang='lat' dir='ltr'>quemadmodum</span> <span class='ocrx_word' id='word_1_63' title='bbox 1619 718 1824 795; x_wconf 69' lang='lat' dir='ltr'>:superioribu-¹</span> 
     </span>
     <span class='ocr_line' id='line_1_7' title="bbox 99 809 1821 891; baseline 0.001 -24"><span class='ocrx_word' id='word_1_64' title='bbox 99 845 103 851; x_wconf 85' lang='lat'><em>·</em></span> <span class='ocrx_word' id='word_1_65' title='bbox 159 813 304 889; x_wconf 87' lang='lat' dir='ltr'>peterent,</span> <span class='ocrx_word' id='word_1_66' title='bbox 323 829 389 871; x_wconf 75' lang='lat' dir='ltr'>evm</span> <span class='ocrx_word' id='word_1_67' title='bbox 410 810 450 871; x_wconf 90' lang='lat' dir='ltr'>ab</span> <span class='ocrx_word' id='word_1_68' title='bbox 470 809 585 873; x_wconf 88' lang='lat' dir='ltr'>bonore</span> <span class='ocrx_word' id='word_1_69' title='bbox 603 831 640 871; x_wconf 91' lang='lat' dir='ltr'>eo</span> <span class='ocrx_word' id='word_1_70' title='bbox 660 832 697 874; x_wconf 84' lang='lat' dir='ltr'>ex</span> <span class='ocrx_word' id='word_1_71' title='bbox 715 810 963 883; x_wconf 87' lang='lat' dir='ltr'>Provincialibus,</span> <span class='ocrx_word' id='word_1_72' title='bbox 1020 811 1200 891; x_wconf 80' lang='lat' dir='ltr'>temporibus</span> <span class='ocrx_word' id='word_1_73' title='bbox 1219 812 1332 873; x_wconf 75' lang='lat' dir='ltr'>suebum</span> <span class='ocrx_word' id='word_1_74' title='bbox 1351 811 1459 883; x_wconf 82' lang='lat' dir='ltr'>tuerat,</span> <span class='ocrx_word' id='word_1_75' title='bbox 1477 812 1739 873; x_wconf 72' lang='lat' dir='ltr'>distraherentur:</span> <span class='ocrx_word' id='word_1_76' title='bbox 1764 830 1821 870; x_wconf 78' lang='lat' dir='ltr'>eau-</span> 
     </span>
     <span class='ocr_line' id='line_1_8' title="bbox 157 900 1821 985; baseline 0.002 -26"><span class='ocrx_word' id='word_1_77' title='bbox 157 900 185 960; x_wconf 84' lang='lat' dir='ltr'>si</span> <span class='ocrx_word' id='word_1_78' title='bbox 210 902 260 981; x_wconf 82' lang='lat' dir='ltr'>qui</span> <span class='ocrx_word' id='word_1_79' title='bbox 283 902 324 965; x_wconf 86' lang='lat' dir='ltr'>ad</span> <span class='ocrx_word' id='word_1_80' title='bbox 343 921 412 964; x_wconf 91' lang='lat' dir='ltr'>eum</span> <span class='ocrx_word' id='word_1_81' title='bbox 432 902 533 965; x_wconf 90' lang='lat' dir='ltr'>idonei</span> <span class='ocrx_word' id='word_1_82' title='bbox 559 903 648 965; x_wconf 85' lang='lat' dir='ltr'>lutari</span> <span class='ocrx_word' id='word_1_83' title='bbox 669 910 788 977; x_wconf 73' lang='lat' dir='ltr'>esunt,</span> <span class='ocrx_word' id='word_1_84' title='bbox 813 904 961 965; x_wconf 86' lang='lat' dir='ltr'>nemiuem</span> <span class='ocrx_word' id='word_1_85' title='bbox 1019 902 1145 985; x_wconf 76' lang='lat' dir='ltr'>denque</span> <span class='ocrx_word' id='word_1_86' title='bbox 1157 905 1196 965; x_wconf 91' lang='lat' dir='ltr'>ob</span> <span class='ocrx_word' id='word_1_87' title='bbox 1214 924 1349 976; x_wconf 82' lang='lat' dir='ltr'>causam,</span> <span class='ocrx_word' id='word_1_88' title='bbox 1368 925 1406 967; x_wconf 80' lang='lat' dir='ltr'>ex</span> <span class='ocrx_word' id='word_1_89' title='bbox 1424 906 1492 967; x_wconf 88' lang='lat' dir='ltr'>suis</span> <span class='ocrx_word' id='word_1_90' title='bbox 1510 924 1631 985; x_wconf 77' lang='lat' dir='ltr'>quoque</span> <span class='ocrx_word' id='word_1_91' title='bbox 1650 923 1714 965; x_wconf 89' lang='lat' dir='ltr'>non</span> <span class='ocrx_word' id='word_1_92' title='bbox 1734 924 1821 983; x_wconf 82' lang='lat' dir='ltr'>pauc:</span> 
     </span>
     <span class='ocr_line' id='line_1_9' title="bbox 158 992 1820 1079; baseline 0.002 -26"><span class='ocrx_word' id='word_1_93' title='bbox 158 992 315 1057; x_wconf 80' lang='lat' dir='ltr'>exclusum</span> <span class='ocrx_word' id='word_1_94' title='bbox 335 995 404 1058; x_wconf 82' lang='lat' dir='ltr'>Rex</span> <span class='ocrx_word' id='word_1_95' title='bbox 425 996 531 1059; x_wconf 75' lang='lat' dir='ltr'>velletr</span> <span class='ocrx_word' id='word_1_96' title='bbox 550 1018 588 1059; x_wconf 89' lang='lat' dir='ltr'>eo</span> <span class='ocrx_word' id='word_1_97' title='bbox 608 1000 736 1059; x_wconf 81' lang='lat' dir='ltr'>tutamur</span> <span class='ocrx_word' id='word_1_98' title='bbox 755 998 909 1062; x_wconf 75' lang='lat' dir='ltr'>acerbius.</span> <span class='ocrx_word' id='word_1_99' title='bbox 931 998 959 1057; x_wconf 91' lang='lat' dir='ltr'>si</span> <span class='ocrx_word' id='word_1_100' title='bbox 1019 996 1202 1079; x_wconf 78' lang='lat' dir='ltr'>dejecturum</span> <span class='ocrx_word' id='word_1_101' title='bbox 1221 1018 1258 1059; x_wconf 87' lang='lat' dir='ltr'>sc</span> <span class='ocrx_word' id='word_1_102' title='bbox 1276 997 1420 1061; x_wconf 79' lang='lat' dir='ltr'>edixerat·</span> <span class='ocrx_word' id='word_1_103' title='bbox 1458 998 1540 1059; x_wconf 80' lang='lat' dir='ltr'>ldere</span> <span class='ocrx_word' id='word_1_104' title='bbox 1565 997 1617 1059; x_wconf 87' lang='lat' dir='ltr'>bic</span> <span class='ocrx_word' id='word_1_105' title='bbox 1638 998 1679 1057; x_wconf 82' lang='lat' dir='ltr'>iis</span> <span class='ocrx_word' id='word_1_106' title='bbox 1706 1016 1820 1077; x_wconf 75' lang='lat' dir='ltr'>respue</span> 
     </span>
     <span class='ocr_line' id='line_1_10' title="bbox 154 1086 1821 1171; baseline -0.001 -20"><span class='ocrx_word' id='word_1_107' title='bbox 154 1086 212 1165; x_wconf 72' lang='lat' dir='ltr'>ipsi</span> <span class='ocrx_word' id='word_1_108' title='bbox 232 1090 369 1169; x_wconf 83' lang='lat' dir='ltr'>propriae</span> <span class='ocrx_word' id='word_1_109' title='bbox 388 1089 496 1153; x_wconf 80' lang='lat' dir='ltr'>salutis</span> <span class='ocrx_word' id='word_1_110' title='bbox 513 1091 708 1171; x_wconf 82' lang='lat' dir='ltr'>liberatisque</span> <span class='ocrx_word' id='word_1_111' title='bbox 732 1096 874 1153; x_wconf 88' lang='lat' dir='ltr'>auctores</span> <span class='ocrx_word' id='word_1_112' title='bbox 898 1090 960 1169; x_wconf 75' lang='lat' dir='ltr'>dig·</span> <span class='ocrx_word' id='word_1_113' title='bbox 1018 1110 1086 1152; x_wconf 84' lang='lat' dir='ltr'>suar</span> <span class='ocrx_word' id='word_1_114' title='bbox 1106 1090 1172 1166; x_wconf 86' lang='lat' dir='ltr'>tuit,</span> <span class='ocrx_word' id='word_1_115' title='bbox 1191 1090 1375 1153; x_wconf 77' lang='lat' dir='ltr'>tondehere</span> <span class='ocrx_word' id='word_1_116' title='bbox 1393 1112 1450 1153; x_wconf 74' lang='lat' dir='ltr'>eris</span> <span class='ocrx_word' id='word_1_117' title='bbox 1465 1090 1646 1159; x_wconf 87' lang='lat' dir='ltr'>detrectare,</span> <span class='ocrx_word' id='word_1_118' title='bbox 1667 1090 1701 1151; x_wconf 90' lang='lat' dir='ltr'>in</span> <span class='ocrx_word' id='word_1_119' title='bbox 1724 1110 1758 1150; x_wconf 90' lang='lat' dir='ltr'>re</span> <span class='ocrx_word' id='word_1_120' title='bbox 1772 1110 1821 1167; x_wconf 80' lang='lat' dir='ltr'>qur</span> 
     </span>
     <span class='ocr_line' id='line_1_11' title="bbox 156 1180 1820 1265; baseline 0.003 -28"><span class='ocrx_word' id='word_1_121' title='bbox 156 1180 247 1241; x_wconf 87' lang='lat' dir='ltr'>nitate</span> <span class='ocrx_word' id='word_1_122' title='bbox 266 1190 327 1243; x_wconf 82' lang='lat' dir='ltr'>tant</span> <span class='ocrx_word' id='word_1_123' title='bbox 344 1184 516 1263; x_wconf 79' lang='lat' dir='ltr'>praeclarae</span> <span class='ocrx_word' id='word_1_124' title='bbox 535 1186 817 1247; x_wconf 79' lang='lat' dir='ltr'>victorirerenotos</span> <span class='ocrx_word' id='word_1_125' title='bbox 835 1182 961 1245; x_wconf 86' lang='lat' dir='ltr'>vellent:</span> <span class='ocrx_word' id='word_1_126' title='bbox 1018 1182 1164 1263; x_wconf 77' lang='lat' dir='ltr'>publicam</span> <span class='ocrx_word' id='word_1_127' title='bbox 1187 1184 1376 1265; x_wconf 70' lang='lat' dir='ltr'>potissimum</span> <span class='ocrx_word' id='word_1_128' title='bbox 1400 1183 1577 1246; x_wconf 80' lang='lat' dir='ltr'>Provinciae</span> <span class='ocrx_word' id='word_1_129' title='bbox 1599 1182 1737 1243; x_wconf 79' lang='lat' dir='ltr'>salutem</span> <span class='ocrx_word' id='word_1_130' title='bbox 1764 1182 1820 1243; x_wconf 83' lang='lat' dir='ltr'>lle:</span> 
     </span>
     <span class='ocr_line' id='line_1_12' title="bbox 153 1270 1818 1357; baseline 0 -24"><span class='ocrx_word' id='word_1_131' title='bbox 153 1270 287 1335; x_wconf 76' lang='lat' dir='ltr'>daturam</span> <span class='ocrx_word' id='word_1_132' title='bbox 318 1296 438 1356; x_wconf 84' lang='lat' dir='ltr'>operam</span> <span class='ocrx_word' id='word_1_133' title='bbox 464 1276 596 1356; x_wconf 77' lang='lat' dir='ltr'>Regem,</span> <span class='ocrx_word' id='word_1_134' title='bbox 627 1282 660 1338; x_wconf 88' lang='lat' dir='ltr'>ut</span> <span class='ocrx_word' id='word_1_135' title='bbox 687 1298 755 1339; x_wconf 78' lang='lat' dir='ltr'>curn</span> <span class='ocrx_word' id='word_1_136' title='bbox 783 1278 960 1339; x_wconf 74' lang='lat' dir='ltr'>Provinciae</span> <span class='ocrx_word' id='word_1_137' title='bbox 1017 1282 1258 1357; x_wconf 68' lang='lat' dir='ltr'>spectaretque</span> <span class='ocrx_word' id='word_1_138' title='bbox 1279 1276 1378 1337; x_wconf 82' lang='lat' dir='ltr'>vuinus</span> <span class='ocrx_word' id='word_1_139' title='bbox 1396 1278 1465 1357; x_wconf 76' lang='lat' dir='ltr'>ejus</span> <span class='ocrx_word' id='word_1_140' title='bbox 1484 1274 1655 1356; x_wconf 79' lang='lat' dir='ltr'>exemplum</span> <span class='ocrx_word' id='word_1_141' title='bbox 1677 1278 1818 1336; x_wconf 77' lang='lat' dir='ltr'>inritareo·</span> 
     </span>
     <span class='ocr_line' id='line_1_13' title="bbox 153 1366 1820 1453; baseline 0.001 -28"><span class='ocrx_word' id='word_1_142' title='bbox 153 1366 338 1445; x_wconf 83' lang='lat' dir='ltr'>praeficeret,</span> <span class='ocrx_word' id='word_1_143' title='bbox 358 1370 408 1449; x_wconf 84' lang='lat' dir='ltr'>qul</span> <span class='ocrx_word' id='word_1_144' title='bbox 428 1390 467 1431; x_wconf 82' lang='lat' dir='ltr'>ex</span> <span class='ocrx_word' id='word_1_145' title='bbox 487 1372 652 1452; x_wconf 78' lang='lat' dir='ltr'>acquitate,</span> <span class='ocrx_word' id='word_1_146' title='bbox 676 1372 867 1453; x_wconf 75' lang='lat' dir='ltr'>ipsorumque</span> <span class='ocrx_word' id='word_1_147' title='bbox 889 1372 960 1453; x_wconf 82' lang='lat' dir='ltr'>jure</span> <span class='ocrx_word' id='word_1_148' title='bbox 1017 1374 1073 1429; x_wconf 92' lang='lat' dir='ltr'>tur.</span> <span class='ocrx_word' id='word_1_149' title='bbox 1118 1371 1149 1428; x_wconf 92' lang='lat' dir='ltr'>lu</span> <span class='ocrx_word' id='word_1_150' title='bbox 1175 1370 1311 1449; x_wconf 78' lang='lat' dir='ltr'>captivus</span> <span class='ocrx_word' id='word_1_151' title='bbox 1341 1368 1531 1431; x_wconf 82' lang='lat' dir='ltr'>redimendos</span> <span class='ocrx_word' id='word_1_152' title='bbox 1560 1376 1665 1429; x_wconf 91' lang='lat' dir='ltr'>certus</span> <span class='ocrx_word' id='word_1_153' title='bbox 1695 1368 1820 1449; x_wconf 86' lang='lat' dir='ltr'>Bujarici</span> 
     </span>
     <span class='ocr_line' id='line_1_14' title="bbox 153 1459 1820 1543; baseline 0 -22"><span class='ocrx_word' id='word_1_154' title='bbox 153 1478 190 1521; x_wconf 90' lang='lat' dir='ltr'>ac</span> <span class='ocrx_word' id='word_1_155' title='bbox 213 1459 331 1539; x_wconf 79' lang='lat' dir='ltr'>tegibus</span> <span class='ocrx_word' id='word_1_156' title='bbox 357 1464 457 1523; x_wconf 86' lang='lat' dir='ltr'>omnia</span> <span class='ocrx_word' id='word_1_157' title='bbox 482 1462 720 1541; x_wconf 74' lang='lat' dir='ltr'>administraret,</span> <span class='ocrx_word' id='word_1_158' title='bbox 744 1476 807 1527; x_wconf 81' lang='lat' dir='ltr'>tun</span> <span class='ocrx_word' id='word_1_159' title='bbox 830 1484 902 1525; x_wconf 84' lang='lat' dir='ltr'>rere</span> <span class='ocrx_word' id='word_1_160' title='bbox 927 1464 958 1525; x_wconf 86' lang='lat' dir='ltr'>iu</span> <span class='ocrx_word' id='word_1_161' title='bbox 1016 1464 1137 1539; x_wconf 76' lang='lat' dir='ltr'>generis</span> <span class='ocrx_word' id='word_1_162' title='bbox 1161 1481 1302 1524; x_wconf 89' lang='lat' dir='ltr'>numerus</span> <span class='ocrx_word' id='word_1_163' title='bbox 1327 1462 1497 1543; x_wconf 70' lang='lat' dir='ltr'>pre-issue</span> <span class='ocrx_word' id='word_1_164' title='bbox 1515 1462 1554 1521; x_wconf 83' lang='lat' dir='ltr'>iis</span> <span class='ocrx_word' id='word_1_165' title='bbox 1579 1461 1646 1523; x_wconf 88' lang='lat' dir='ltr'>luit.</span> <span class='ocrx_word' id='word_1_166' title='bbox 1696 1462 1820 1539; x_wconf 72' lang='lat' dir='ltr'>blnguov</span> 
     </span>
     <span class='ocr_line' id='line_1_15' title="bbox 152 1550 1817 1639; baseline 0.001 -26"><span class='ocrx_word' id='word_1_167' title='bbox 152 1550 330 1615; x_wconf 86' lang='lat' dir='ltr'>Provinciali</span> <span class='ocrx_word' id='word_1_168' title='bbox 350 1556 469 1637; x_wconf 88' lang='lat' dir='ltr'>publicu</span> <span class='ocrx_word' id='word_1_169' title='bbox 488 1558 616 1619; x_wconf 87' lang='lat' dir='ltr'>coasilio</span> <span class='ocrx_word' id='word_1_170' title='bbox 636 1556 861 1633; x_wconf 83' lang='lat' dir='ltr'>constituendo,</span> <span class='ocrx_word' id='word_1_171' title='bbox 879 1556 958 1639; x_wconf 86' lang='lat' dir='ltr'>judi·</span> <span class='ocrx_word' id='word_1_172' title='bbox 1018 1556 1088 1617; x_wconf 83' lang='lat' dir='ltr'>llux</span> <span class='ocrx_word' id='word_1_173' title='bbox 1108 1576 1175 1615; x_wconf 74' lang='lat' dir='ltr'>cun</span> <span class='ocrx_word' id='word_1_174' title='bbox 1189 1552 1602 1634; x_wconf 78' lang='lat' dir='ltr'>difficultatibusquibusdem</span> <span class='ocrx_word' id='word_1_175' title='bbox 1622 1556 1706 1631; x_wconf 85' lang='lat' dir='ltr'>suis,</span> <span class='ocrx_word' id='word_1_176' title='bbox 1727 1576 1817 1635; x_wconf 82' lang='lat' dir='ltr'>querr-</span> 
     </span>
     <span class='ocr_line' id='line_1_16' title="bbox 152 1646 1819 1730; baseline 0 -25"><span class='ocrx_word' id='word_1_177' title='bbox 152 1646 210 1707; x_wconf 89' lang='lat' dir='ltr'>ciis</span> <span class='ocrx_word' id='word_1_178' title='bbox 237 1648 407 1730; x_wconf 81' lang='lat' dir='ltr'>ceterisque</span> <span class='ocrx_word' id='word_1_179' title='bbox 429 1649 539 1711; x_wconf 85' lang='lat' dir='ltr'>officiis</span> <span class='ocrx_word' id='word_1_180' title='bbox 557 1650 744 1723; x_wconf 74' lang='lat' dir='ltr'>Praecidam,</span> <span class='ocrx_word' id='word_1_181' title='bbox 762 1650 958 1713; x_wconf 79' lang='lat' dir='ltr'>Succamera-</span> <span class='ocrx_word' id='word_1_182' title='bbox 1015 1647 1173 1711; x_wconf 84' lang='lat' dir='ltr'>admodum</span> <span class='ocrx_word' id='word_1_183' title='bbox 1192 1646 1290 1726; x_wconf 72' lang='lat' dir='ltr'>trigae</span> <span class='ocrx_word' id='word_1_184' title='bbox 1315 1670 1334 1709; x_wconf 80' lang='grc' dir='ltr'>ι</span> <span class='ocrx_word' id='word_1_185' title='bbox 1353 1648 1439 1726; x_wconf 76' lang='lat' dir='ltr'>Rege</span> <span class='ocrx_word' id='word_1_186' title='bbox 1465 1650 1593 1709; x_wconf 79' lang='lat' dir='ltr'>monitu:</span> <span class='ocrx_word' id='word_1_187' title='bbox 1616 1646 1734 1717; x_wconf 81' lang='lat' dir='ltr'>luerat.</span> <span class='ocrx_word' id='word_1_188' title='bbox 1760 1650 1819 1727; x_wconf 81' lang='lat' dir='ltr'>ipse</span> 
     </span>
     <span class='ocr_line' id='line_1_17' title="bbox 152 1739 1817 1825; baseline 0 -27"><span class='ocrx_word' id='word_1_189' title='bbox 152 1739 274 1812; x_wconf 89' lang='lat' dir='ltr'>riorum,</span> <span class='ocrx_word' id='word_1_190' title='bbox 293 1745 324 1801; x_wconf 91' lang='lat' dir='ltr'>et</span> <span class='ocrx_word' id='word_1_191' title='bbox 336 1740 514 1821; x_wconf 84' lang='lat' dir='ltr'>reliquorum</span> <span class='ocrx_word' id='word_1_192' title='bbox 526 1746 717 1825; x_wconf 74' lang='lat' dir='ltr'>praecipuam</span> <span class='ocrx_word' id='word_1_193' title='bbox 730 1754 869 1807; x_wconf 87' lang='lat' dir='ltr'>vetustae</span> <span class='ocrx_word' id='word_1_194' title='bbox 886 1764 955 1825; x_wconf 85' lang='lat' dir='ltr'>qun·</span> <span class='ocrx_word' id='word_1_195' title='bbox 1016 1742 1143 1804; x_wconf 75' lang='lat' dir='ltr'>Comitia</span> <span class='ocrx_word' id='word_1_196' title='bbox 1160 1741 1242 1803; x_wconf 88' lang='lat' dir='ltr'>obire</span> <span class='ocrx_word' id='word_1_197' title='bbox 1261 1762 1320 1803; x_wconf 91' lang='lat' dir='ltr'>uon</span> <span class='ocrx_word' id='word_1_198' title='bbox 1338 1742 1498 1822; x_wconf 85' lang='lat' dir='ltr'>potuisset,</span> <span class='ocrx_word' id='word_1_199' title='bbox 1522 1740 1659 1819; x_wconf 73' lang='lat' dir='ltr'>Legatos</span> <span class='ocrx_word' id='word_1_200' title='bbox 1684 1742 1817 1799; x_wconf 84' lang='lat' dir='ltr'>miserat:</span> 
     </span>
     <span class='ocr_line' id='line_1_18' title="bbox 151 1830 1819 1917; baseline 0.003 -26"><span class='ocrx_word' id='word_1_201' title='bbox 151 1851 210 1911; x_wconf 77' lang='lat' dir='ltr'>pue</span> <span class='ocrx_word' id='word_1_202' title='bbox 236 1830 409 1897; x_wconf 78' lang='lat' dir='ltr'>Nobilitatis</span> <span class='ocrx_word' id='word_1_203' title='bbox 429 1836 592 1897; x_wconf 82' lang='lat' dir='ltr'>bivouicae</span> <span class='ocrx_word' id='word_1_204' title='bbox 617 1838 646 1897; x_wconf 91' lang='lat' dir='ltr'>in</span> <span class='ocrx_word' id='word_1_205' title='bbox 666 1836 826 1897; x_wconf 78' lang='lat' dir='ltr'>Provincia</span> <span class='ocrx_word' id='word_1_206' title='bbox 849 1858 887 1899; x_wconf 88' lang='lat' dir='ltr'>ea</span> <span class='ocrx_word' id='word_1_207' title='bbox 912 1856 955 1899; x_wconf 89' lang='lat' dir='ltr'>ra-</span> <span class='ocrx_word' id='word_1_208' title='bbox 1014 1856 1069 1917; x_wconf 92' lang='lat' dir='ltr'>per</span> <span class='ocrx_word' id='word_1_209' title='bbox 1094 1852 1172 1913; x_wconf 79' lang='lat' dir='ltr'>quos</span> <span class='ocrx_word' id='word_1_210' title='bbox 1198 1832 1302 1895; x_wconf 80' lang='lat' dir='ltr'>eaden</span> <span class='ocrx_word' id='word_1_211' title='bbox 1329 1834 1393 1895; x_wconf 87' lang='lat' dir='ltr'>lere</span> <span class='ocrx_word' id='word_1_212' title='bbox 1417 1854 1495 1913; x_wconf 82' lang='lat' dir='ltr'>quae</span> <span class='ocrx_word' id='word_1_213' title='bbox 1519 1832 1633 1911; x_wconf 76' lang='lat' dir='ltr'>Ripae,</span> <span class='ocrx_word' id='word_1_214' title='bbox 1658 1834 1819 1913; x_wconf 85' lang='lat' dir='ltr'>proposuit.</span> 
     </span>
     <span class='ocr_line' id='line_1_19' title="bbox 149 1924 1817 2013; baseline 0.001 -30"><span class='ocrx_word' id='word_1_215' title='bbox 149 1924 260 1987; x_wconf 80' lang='lat' dir='ltr'>tiones:</span> <span class='ocrx_word' id='word_1_216' title='bbox 280 1924 411 1991; x_wconf 77' lang='lat' dir='ltr'>babitare</span> <span class='ocrx_word' id='word_1_217' title='bbox 430 1930 476 1990; x_wconf 91' lang='lat' dir='ltr'>iri.</span> <span class='ocrx_word' id='word_1_218' title='bbox 510 1932 590 1991; x_wconf 87' lang='lat' dir='ltr'>luter</span> <span class='ocrx_word' id='word_1_219' title='bbox 602 1932 672 2013; x_wconf 85' lang='lat' dir='ltr'>jura</span> <span class='ocrx_word' id='word_1_220' title='bbox 691 1950 729 1992; x_wconf 87' lang='lat' dir='ltr'>ac</span> <span class='ocrx_word' id='word_1_221' title='bbox 746 1932 879 2011; x_wconf 73' lang='lat' dir='ltr'>privatas</span> <span class='ocrx_word' id='word_1_222' title='bbox 895 1931 957 1991; x_wconf 86' lang='lat' dir='ltr'>sin·</span> <span class='ocrx_word' id='word_1_223' title='bbox 1014 1946 1092 2009; x_wconf 80' lang='lat' dir='ltr'>quac</span> <span class='ocrx_word' id='word_1_224' title='bbox 1118 1946 1186 1989; x_wconf 82' lang='lat' dir='ltr'>cunr</span> <span class='ocrx_word' id='word_1_225' title='bbox 1209 1927 1278 1989; x_wconf 85' lang='lat' dir='ltr'>eine</span> <span class='ocrx_word' id='word_1_226' title='bbox 1302 1928 1474 2007; x_wconf 82' lang='lat' dir='ltr'>praescotia</span> <span class='ocrx_word' id='word_1_227' title='bbox 1493 1928 1561 2009; x_wconf 90' lang='lat' dir='ltr'>cjus</span> <span class='ocrx_word' id='word_1_228' title='bbox 1587 1926 1737 2007; x_wconf 76' lang='lat' dir='ltr'>explicari</span> <span class='ocrx_word' id='word_1_229' title='bbox 1767 1948 1817 1985; x_wconf 91' lang='lat' dir='ltr'>oon</span> 
     </span>
     <span class='ocr_line' id='line_1_20' title="bbox 148 2018 1816 2103; baseline 0 -24"><span class='ocrx_word' id='word_1_230' title='bbox 148 2018 283 2099; x_wconf 77' lang='lat' dir='ltr'>galerum</span> <span class='ocrx_word' id='word_1_231' title='bbox 303 2022 518 2101; x_wconf 71' lang='lat' dir='ltr'>possessionen</span> <span class='ocrx_word' id='word_1_232' title='bbox 537 2022 568 2083; x_wconf 91' lang='lat' dir='ltr'>id</span> <span class='ocrx_word' id='word_1_233' title='bbox 586 2022 747 2084; x_wconf 85' lang='lat' dir='ltr'>discrimen</span> <span class='ocrx_word' id='word_1_234' title='bbox 767 2023 893 2087; x_wconf 78' lang='lat' dir='ltr'>lactina:</span> <span class='ocrx_word' id='word_1_235' title='bbox 913 2028 955 2103; x_wconf 84' lang='lat' dir='ltr'>ut,</span> <span class='ocrx_word' id='word_1_236' title='bbox 1014 2028 1152 2103; x_wconf 74' lang='lat' dir='ltr'>possem,</span> <span class='ocrx_word' id='word_1_237' title='bbox 1171 2018 1211 2081; x_wconf 84' lang='lat' dir='ltr'>ed</span> <span class='ocrx_word' id='word_1_238' title='bbox 1228 2020 1387 2099; x_wconf 81' lang='lat' dir='ltr'>sequentia</span> <span class='ocrx_word' id='word_1_239' title='bbox 1403 2018 1531 2081; x_wconf 79' lang='lat' dir='ltr'>Comitia</span> <span class='ocrx_word' id='word_1_240' title='bbox 1551 2018 1733 2079; x_wconf 85' lang='lat' dir='ltr'>necessario</span> <span class='ocrx_word' id='word_1_241' title='bbox 1752 2018 1816 2079; x_wconf 79' lang='lat' dir='ltr'>dilu-</span> 
     </span>
     <span class='ocr_line' id='line_1_21' title="bbox 149 2110 1815 2199; baseline -0.001 -26"><span class='ocrx_word' id='word_1_242' title='bbox 149 2132 227 2193; x_wconf 76' lang='lat' dir='ltr'>quac</span> <span class='ocrx_word' id='word_1_243' title='bbox 246 2132 267 2175; x_wconf 76' lang='lat' dir='ltr'>a</span> <span class='ocrx_word' id='word_1_244' title='bbox 282 2114 489 2195; x_wconf 82' lang='lat' dir='ltr'>superioribus</span> <span class='ocrx_word' id='word_1_245' title='bbox 496 2115 645 2180; x_wconf 79' lang='lat' dir='ltr'>bironiac</span> <span class='ocrx_word' id='word_1_246' title='bbox 661 2115 863 2199; x_wconf 82' lang='lat' dir='ltr'>Principibus,</span> <span class='ocrx_word' id='word_1_247' title='bbox 883 2116 953 2195; x_wconf 74' lang='lat' dir='ltr'>legi·</span> <span class='ocrx_word' id='word_1_248' title='bbox 1013 2120 1063 2175; x_wconf 91' lang='lat' dir='ltr'>tus</span> <span class='ocrx_word' id='word_1_249' title='bbox 1083 2114 1148 2173; x_wconf 87' lang='lat' dir='ltr'>tuit.</span> <span class='ocrx_word' id='word_1_250' title='bbox 1189 2110 1309 2183; x_wconf 80' lang='lat' dir='ltr'>Quibus</span> <span class='ocrx_word' id='word_1_251' title='bbox 1328 2112 1420 2173; x_wconf 86' lang='lat' dir='ltr'>rebus</span> <span class='ocrx_word' id='word_1_252' title='bbox 1441 2112 1601 2188; x_wconf 87' lang='lat' dir='ltr'>conlectis,</span> <span class='ocrx_word' id='word_1_253' title='bbox 1623 2114 1743 2173; x_wconf 83' lang='lat' dir='ltr'>crebris</span> <span class='ocrx_word' id='word_1_254' title='bbox 1753 2134 1815 2171; x_wconf 91' lang='lat' dir='ltr'>uuo-</span> 
     </span>
     <span class='ocr_line' id='line_1_22' title="bbox 149 2204 1814 2290; baseline -0.001 -23"><span class='ocrx_word' id='word_1_255' title='bbox 149 2207 306 2287; x_wconf 71' lang='lat' dir='ltr'>deisque·</span> <span class='ocrx_word' id='word_1_256' title='bbox 323 2210 392 2290; x_wconf 87' lang='lat' dir='ltr'>ejus</span> <span class='ocrx_word' id='word_1_257' title='bbox 426 2211 652 2288; x_wconf 75' lang='lat' dir='ltr'>magistratibus</span> <span class='ocrx_word' id='word_1_258' title='bbox 686 2209 725 2271; x_wconf 89' lang='lat' dir='ltr'>ad</span> <span class='ocrx_word' id='word_1_259' title='bbox 756 2208 954 2273; x_wconf 81' lang='lat' dir='ltr'>Guilbelmuru</span> <span class='ocrx_word' id='word_1_260' title='bbox 1013 2208 1063 2268; x_wconf 81' lang='lat' dir='ltr'>tiis</span> <span class='ocrx_word' id='word_1_261' title='bbox 1090 2206 1129 2267; x_wconf 91' lang='lat' dir='ltr'>dc</span> <span class='ocrx_word' id='word_1_262' title='bbox 1147 2211 1289 2283; x_wconf 86' lang='lat' dir='ltr'>apparatu</span> <span class='ocrx_word' id='word_1_263' title='bbox 1310 2204 1499 2267; x_wconf 81' lang='lat' dir='ltr'>Tarturomm</span> <span class='ocrx_word' id='word_1_264' title='bbox 1510 2204 1691 2267; x_wconf 75' lang='lat' dir='ltr'>verreriam</span> <span class='ocrx_word' id='word_1_265' title='bbox 1711 2206 1814 2277; x_wconf 77' lang='lat' dir='ltr'>alletis,</span> 
     </span>
     <span class='ocr_line' id='line_1_23' title="bbox 148 2297 1815 2383; baseline -0.002 -22"><span class='ocrx_word' id='word_1_266' title='bbox 148 2298 354 2363; x_wconf 74' lang='lat' dir='ltr'>Marcbienen</span> <span class='ocrx_word' id='word_1_267' title='bbox 373 2301 671 2381; x_wconf 78' lang='lat' dir='ltr'>Brandcburgeuaenr</span> <span class='ocrx_word' id='word_1_268' title='bbox 681 2302 953 2383; x_wconf 80' lang='lat' dir='ltr'>drcbiepiscopum</span> <span class='ocrx_word' id='word_1_269' title='bbox 1012 2298 1161 2363; x_wconf 78' lang='lat' dir='ltr'>Varsavia</span> <span class='ocrx_word' id='word_1_270' title='bbox 1175 2300 1354 2361; x_wconf 81' lang='lat' dir='ltr'>&#39;Cracoviaru</span> <span class='ocrx_word' id='word_1_271' title='bbox 1374 2297 1442 2359; x_wconf 80' lang='lat' dir='ltr'>Rex</span> <span class='ocrx_word' id='word_1_272' title='bbox 1462 2297 1681 2377; x_wconf 78' lang='lat' dir='ltr'>proficiscitur.</span> <span class='ocrx_word' id='word_1_273' title='bbox 1702 2300 1815 2359; x_wconf 88' lang='lat' dir='ltr'>venicu-</span> 
     </span>
     <span class='ocr_line' id='line_1_24' title="bbox 147 2389 1814 2477; baseline -0.002 -22"><span class='ocrx_word' id='word_1_274' title='bbox 147 2392 314 2471; x_wconf 74' lang='lat' dir='ltr'>Rigonum</span> <span class='ocrx_word' id='word_1_275' title='bbox 332 2395 470 2475; x_wconf 84' lang='lat' dir='ltr'>protecta</span> <span class='ocrx_word' id='word_1_276' title='bbox 483 2400 609 2471; x_wconf 86' lang='lat' dir='ltr'>essent,</span> <span class='ocrx_word' id='word_1_277' title='bbox 629 2397 699 2477; x_wconf 84' lang='lat' dir='ltr'>jure</span> <span class='ocrx_word' id='word_1_278' title='bbox 724 2396 793 2475; x_wconf 88' lang='lat' dir='ltr'>ipso</span> <span class='ocrx_word' id='word_1_279' title='bbox 812 2404 876 2457; x_wconf 85' lang='lat' dir='ltr'>rata</span> <span class='ocrx_word' id='word_1_280' title='bbox 901 2394 953 2457; x_wconf 78' lang='lat' dir='ltr'>be·</span> <span class='ocrx_word' id='word_1_281' title='bbox 1010 2400 1071 2455; x_wconf 77' lang='lat' dir='ltr'>ton</span> <span class='ocrx_word' id='word_1_282' title='bbox 1090 2390 1218 2469; x_wconf 63' lang='lat' dir='ltr'>laegatio</span> <span class='ocrx_word' id='word_1_283' title='bbox 1235 2412 1256 2453; x_wconf 88' lang='lat' dir='ltr'>a</span> <span class='ocrx_word' id='word_1_284' title='bbox 1277 2389 1401 2453; x_wconf 75' lang='lat' dir='ltr'>Tartaro</span> <span class='ocrx_word' id='word_1_285' title='bbox 1420 2390 1512 2455; x_wconf 85' lang='lat' dir='ltr'>adiit:</span> <span class='ocrx_word' id='word_1_286' title='bbox 1531 2410 1620 2469; x_wconf 80' lang='lat' dir='ltr'>quac,</span> <span class='ocrx_word' id='word_1_287' title='bbox 1641 2391 1702 2452; x_wconf 88' lang='lat' dir='ltr'>nisi</span> <span class='ocrx_word' id='word_1_288' title='bbox 1723 2394 1814 2451; x_wconf 89' lang='lat' dir='ltr'>couri-</span> 
     </span>
     <span class='ocr_line' id='line_1_25' title="bbox 148 2482 1817 2568; baseline -0.001 -23"><span class='ocrx_word' id='word_1_289' title='bbox 148 2486 304 2547; x_wconf 84' lang='lat' dir='ltr'>bercntur:</span> <span class='ocrx_word' id='word_1_290' title='bbox 329 2506 409 2567; x_wconf 82' lang='lat' dir='ltr'>quae</span> <span class='ocrx_word' id='word_1_291' title='bbox 427 2508 448 2551; x_wconf 83' lang='lat' dir='ltr'>u</span> <span class='ocrx_word' id='word_1_292' title='bbox 466 2488 684 2568; x_wconf 81' lang='lat' dir='ltr'>posterioribus</span> <span class='ocrx_word' id='word_1_293' title='bbox 702 2488 811 2549; x_wconf 87' lang='lat' dir='ltr'>collata</span> <span class='ocrx_word' id='word_1_294' title='bbox 837 2494 953 2565; x_wconf 88' lang='lat' dir='ltr'>esseut,</span> <span class='ocrx_word' id='word_1_295' title='bbox 1011 2507 1071 2547; x_wconf 91' lang='lat' dir='ltr'>nuo</span> <span class='ocrx_word' id='word_1_296' title='bbox 1108 2482 1295 2545; x_wconf 76' lang='lat' dir='ltr'>conditiones</span> <span class='ocrx_word' id='word_1_297' title='bbox 1320 2504 1397 2563; x_wconf 78' lang='lat' dir='ltr'>rpuas</span> <span class='ocrx_word' id='word_1_298' title='bbox 1416 2482 1548 2555; x_wconf 78' lang='lat' dir='ltr'>terebat,</span> <span class='ocrx_word' id='word_1_299' title='bbox 1571 2482 1644 2547; x_wconf 79' lang='lat' dir='ltr'>Rex</span> <span class='ocrx_word' id='word_1_300' title='bbox 1667 2486 1817 2563; x_wconf 84' lang='lat' dir='ltr'>acciperet</span> 
     </span>
     <span class='ocr_line' id='line_1_26' title="bbox 147 2574 1816 2663; baseline -0.002 -22"><span class='ocrx_word' id='word_1_301' title='bbox 147 2578 228 2659; x_wconf 76' lang='lat' dir='ltr'>qued</span> <span class='ocrx_word' id='word_1_302' title='bbox 247 2600 286 2641; x_wconf 89' lang='lat' dir='ltr'>ca</span> <span class='ocrx_word' id='word_1_303' title='bbox 304 2584 438 2663; x_wconf 81' lang='lat' dir='ltr'>tempora</span> <span class='ocrx_word' id='word_1_304' title='bbox 456 2581 528 2643; x_wconf 87' lang='lat' dir='ltr'>inde</span> <span class='ocrx_word' id='word_1_305' title='bbox 545 2588 713 2645; x_wconf 83' lang='lat' dir='ltr'>consecuta</span> <span class='ocrx_word' id='word_1_306' title='bbox 732 2581 871 2652; x_wconf 81' lang='lat' dir='ltr'>luissent,</span> <span class='ocrx_word' id='word_1_307' title='bbox 890 2580 953 2661; x_wconf 80' lang='lat' dir='ltr'>qui·</span> <span class='ocrx_word' id='word_1_308' title='bbox 1010 2580 1107 2660; x_wconf 84' lang='lat' dir='ltr'>iisque</span> <span class='ocrx_word' id='word_1_309' title='bbox 1134 2576 1340 2646; x_wconf 69' lang='lat' dir='ltr'>mustacea,</span> <span class='ocrx_word' id='word_1_310' title='bbox 1365 2576 1475 2645; x_wconf 71' lang='lat' dir='ltr'>bollum</span> <span class='ocrx_word' id='word_1_311' title='bbox 1504 2574 1713 2639; x_wconf 74' lang='lat' dir='ltr'>denunciabat.</span> <span class='ocrx_word' id='word_1_312' title='bbox 1768 2576 1816 2637; x_wconf 79' lang='lat' dir='ltr'>Ad</span> 
     </span>
     <span class='ocr_line' id='line_1_27' title="bbox 146 2666 1816 2755; baseline -0.001 -22"><span class='ocrx_word' id='word_1_313' title='bbox 146 2672 205 2733; x_wconf 89' lang='lat' dir='ltr'>bus</span> <span class='ocrx_word' id='word_1_314' title='bbox 234 2674 327 2735; x_wconf 75' lang='lat' dir='ltr'>multa</span> <span class='ocrx_word' id='word_1_315' title='bbox 355 2692 415 2735; x_wconf 88' lang='lat' dir='ltr'>oon</span> <span class='ocrx_word' id='word_1_316' title='bbox 446 2674 550 2738; x_wconf 81' lang='lat' dir='ltr'>urdlue</span> <span class='ocrx_word' id='word_1_317' title='bbox 584 2674 704 2745; x_wconf 77' lang='lat' dir='ltr'>flerent,</span> <span class='ocrx_word' id='word_1_318' title='bbox 735 2672 957 2755; x_wconf 84' lang='lat' dir='ltr'>Provinciequc</span> <span class='ocrx_word' id='word_1_319' title='bbox 1011 2694 1078 2735; x_wconf 87' lang='lat' dir='ltr'>earu</span> <span class='ocrx_word' id='word_1_320' title='bbox 1104 2672 1198 2736; x_wconf 85' lang='lat' dir='ltr'>Sinna</span> <span class='ocrx_word' id='word_1_321' title='bbox 1217 2668 1319 2731; x_wconf 75' lang='lat' dir='ltr'>uam</span> <span class='ocrx_word' id='word_1_322' title='bbox 1343 2668 1459 2729; x_wconf 83' lang='lat' dir='ltr'>litteras</span> <span class='ocrx_word' id='word_1_323' title='bbox 1486 2666 1676 2752; x_wconf 66' lang='lat' dir='ltr'>adjuverat:</span> <span class='ocrx_word' id='word_1_324' title='bbox 1701 2672 1816 2747; x_wconf 71' lang='lat' dir='ltr'>«poribus</span> 
     </span>
     <span class='ocr_line' id='line_1_28' title="bbox 147 2760 1813 2849; baseline -0.004 -20"><span class='ocrx_word' id='word_1_325' title='bbox 147 2766 227 2829; x_wconf 88' lang='lat' dir='ltr'>nullo</span> <span class='ocrx_word' id='word_1_326' title='bbox 246 2764 310 2829; x_wconf 85' lang='lat' dir='ltr'>lere</span> <span class='ocrx_word' id='word_1_327' title='bbox 329 2772 413 2829; x_wconf 88' lang='lat' dir='ltr'>certo</span> <span class='ocrx_word' id='word_1_328' title='bbox 430 2766 556 2849; x_wconf 86' lang='lat' dir='ltr'>lmperio</span> <span class='ocrx_word' id='word_1_329' title='bbox 581 2772 748 2839; x_wconf 86' lang='lat' dir='ltr'>teneretur,</span> <span class='ocrx_word' id='word_1_330' title='bbox 774 2766 814 2829; x_wconf 91' lang='lat' dir='ltr'>de</span> <span class='ocrx_word' id='word_1_331' title='bbox 832 2768 871 2829; x_wconf 89' lang='lat' dir='ltr'>iis</span> <span class='ocrx_word' id='word_1_332' title='bbox 890 2766 952 2829; x_wconf 81' lang='lat' dir='ltr'>lte·</span> <span class='ocrx_word' id='word_1_333' title='bbox 1010 2766 1139 2829; x_wconf 77' lang='lat' dir='ltr'>&#39;Purcen</span> <span class='ocrx_word' id='word_1_334' title='bbox 1167 2764 1257 2829; x_wconf 87' lang='lat' dir='ltr'>etiam</span> <span class='ocrx_word' id='word_1_335' title='bbox 1288 2761 1413 2842; x_wconf 85' lang='lat' dir='ltr'>iujurias</span> <span class='ocrx_word' id='word_1_336' title='bbox 1437 2760 1552 2825; x_wconf 69' lang='lat' dir='ltr'>Tartari</span> <span class='ocrx_word' id='word_1_337' title='bbox 1575 2781 1633 2821; x_wconf 80' lang='lat' dir='ltr'>usu</span> <span class='ocrx_word' id='word_1_338' title='bbox 1658 2761 1813 2839; x_wconf 82' lang='lat' dir='ltr'>neglectu-</span> 
     </span>
     <span class='ocr_line' id='line_1_29' title="bbox 145 2853 1813 2943; baseline -0.007 -19"><span class='ocrx_word' id='word_1_339' title='bbox 145 2880 212 2941; x_wconf 74' lang='lat' dir='ltr'>gen</span> <span class='ocrx_word' id='word_1_340' title='bbox 237 2880 278 2923; x_wconf 79' lang='lat' dir='ltr'>ex</span> <span class='ocrx_word' id='word_1_341' title='bbox 303 2860 431 2939; x_wconf 82' lang='lat' dir='ltr'>publicis</span> <span class='ocrx_word' id='word_1_342' title='bbox 457 2860 637 2927; x_wconf 83' lang='lat' dir='ltr'>Provinciae</span> <span class='ocrx_word' id='word_1_343' title='bbox 662 2860 841 2931; x_wconf 66' lang='lat' dir='ltr'>monum:</span> <span class='ocrx_word' id='word_1_344' title='bbox 862 2861 951 2943; x_wconf 84' lang='lat' dir='ltr'>eujus</span> <span class='ocrx_word' id='word_1_345' title='bbox 1010 2878 1074 2921; x_wconf 93' lang='lat' dir='ltr'>rum</span> <span class='ocrx_word' id='word_1_346' title='bbox 1091 2855 1299 2925; x_wconf 80' lang='lat' dir='ltr'>osteodelmt.‚;</span> <span class='ocrx_word' id='word_1_347' title='bbox 1317 2853 1388 2919; x_wconf 83' lang='lat' dir='ltr'>lam</span> <span class='ocrx_word' id='word_1_348' title='bbox 1406 2860 1478 2917; x_wconf 81' lang='lat' dir='ltr'>ante</span> <span class='ocrx_word' id='word_1_349' title='bbox 1496 2860 1601 2929; x_wconf 76' lang='lat' dir='ltr'>auten,</span> <span class='ocrx_word' id='word_1_350' title='bbox 1618 2853 1813 2933; x_wconf 78' lang='lat' dir='ltr'>quemadmo-</span> 
     </span>
     <span class='ocr_line' id='line_1_30' title="bbox 147 2948 1813 3035; baseline 0.002 -20"><span class='ocrx_word' id='word_1_351' title='bbox 147 2958 180 3015; x_wconf 92' lang='lat' dir='ltr'>ut</span> <span class='ocrx_word' id='word_1_352' title='bbox 198 2954 309 3035; x_wconf 80' lang='lat' dir='ltr'>opibus</span> <span class='ocrx_word' id='word_1_353' title='bbox 326 2974 366 3017; x_wconf 80' lang='lat' dir='ltr'>ac</span> <span class='ocrx_word' id='word_1_354' title='bbox 382 2956 484 3017; x_wconf 75' lang='lat' dir='ltr'>nemis</span> <span class='ocrx_word' id='word_1_355' title='bbox 510 2960 615 3018; x_wconf 81' lang='lat' dir='ltr'>contra</span> <span class='ocrx_word' id='word_1_356' title='bbox 639 2974 746 3015; x_wconf 87' lang='lat' dir='ltr'>omues</span> <span class='ocrx_word' id='word_1_357' title='bbox 772 2974 865 3017; x_wconf 78' lang='lat' dir='ltr'>casm</span> <span class='ocrx_word' id='word_1_358' title='bbox 889 2974 952 3020; x_wconf 73' lang='lat' dir='ltr'>mu·</span> <span class='ocrx_word' id='word_1_359' title='bbox 1009 2952 1255 3015; x_wconf 77' lang='lat' dir='ltr'>uun-oaeneon</span> <span class='ocrx_word' id='word_1_360' title='bbox 1275 2953 1334 3019; x_wconf 62' lang='lat'>⁰⁸¹,</span> <span class='ocrx_word' id='word_1_361' title='bbox 1349 2950 1463 3027; x_wconf 58' lang='lat' dir='ltr'>jud-‘¹¹¹</span> <span class='ocrx_word' id='word_1_362' title='bbox 1481 2948 1630 3027; x_wconf 60' lang='lat' dir='ltr'>settim·</span> <span class='ocrx_word' id='word_1_363' title='bbox 1650 2954 1765 3025; x_wconf 67' lang='lat' dir='ltr'>lflttem</span> <span class='ocrx_word' id='word_1_364' title='bbox 1784 2952 1813 3009; x_wconf 71' lang='lat'>1¹¹</span> 
     </span>
     <span class='ocr_line' id='line_1_31' title="bbox 147 3038 1811 3125; baseline -0.002 -22"><span class='ocrx_word' id='word_1_365' title='bbox 147 3044 272 3113; x_wconf 67' lang='lat' dir='ltr'>utrem.</span> <span class='ocrx_word' id='word_1_366' title='bbox 297 3048 461 3125; x_wconf 77' lang='lat' dir='ltr'>praecipu:</span> <span class='ocrx_word' id='word_1_367' title='bbox 477 3048 553 3107; x_wconf 77' lang='lat' dir='ltr'>ratio</span> <span class='ocrx_word' id='word_1_368' title='bbox 579 3044 719 3107; x_wconf 79' lang='lat' dir='ltr'>babendo</span> <span class='ocrx_word' id='word_1_369' title='bbox 737 3047 766 3107; x_wconf 86' lang='lat' dir='ltr'>ei</span> <span class='ocrx_word' id='word_1_370' title='bbox 792 3057 894 3107; x_wconf 82' lang='lat' dir='ltr'>essct:</span> <span class='ocrx_word' id='word_1_371' title='bbox 919 3050 951 3107; x_wconf 89' lang='lat' dir='ltr'>ct</span> <span class='ocrx_word' id='word_1_372' title='bbox 1010 3040 1344 3105; x_wconf 82' lang='lat' dir='ltr'>RussioruZemoscius</span> <span class='ocrx_word' id='word_1_373' title='bbox 1363 3042 1569 3117; x_wconf 75' lang='lat' dir='ltr'>praemiserat:</span> <span class='ocrx_word' id='word_1_374' title='bbox 1586 3038 1627 3101; x_wconf 79' lang='lat' dir='ltr'>sd</span> <span class='ocrx_word' id='word_1_375' title='bbox 1646 3058 1712 3101; x_wconf 76' lang='lat' dir='ltr'>ea·</span> <span class='ocrx_word' id='word_1_376' title='bbox 1725 3062 1811 3120; x_wconf 81' lang='lat' dir='ltr'>quoru</span> 
     </span>
     <span class='ocr_line' id='line_1_32' title="bbox 146 3132 1811 3222; baseline -0.003 -24"><span class='ocrx_word' id='word_1_377' title='bbox 146 3136 293 3222; x_wconf 68' lang='lat' dir='ltr'>majusque</span> <span class='ocrx_word' id='word_1_378' title='bbox 313 3136 441 3197; x_wconf 80' lang='lat' dir='ltr'>meritis:</span> <span class='ocrx_word' id='word_1_379' title='bbox 460 3154 571 3215; x_wconf 71' lang='lat' dir='ltr'>genem</span> <span class='ocrx_word' id='word_1_380' title='bbox 591 3138 720 3219; x_wconf 83' lang='lat' dir='ltr'>denique</span> <span class='ocrx_word' id='word_1_381' title='bbox 736 3138 804 3218; x_wconf 86' lang='lat' dir='ltr'>ipso</span> <span class='ocrx_word' id='word_1_382' title='bbox 824 3152 948 3217; x_wconf 79' lang='lat' dir='ltr'>posses-</span> <span class='ocrx_word' id='word_1_383' title='bbox 1009 3141 1108 3216; x_wconf 87' lang='lat' dir='ltr'>potest</span> <span class='ocrx_word' id='word_1_384' title='bbox 1119 3136 1442 3197; x_wconf 77' lang='lat' dir='ltr'>maximununremm</span> <span class='ocrx_word' id='word_1_385' title='bbox 1462 3134 1589 3195; x_wconf 88' lang='lat' dir='ltr'>militurn</span> <span class='ocrx_word' id='word_1_386' title='bbox 1596 3132 1717 3215; x_wconf 78' lang='lat' dir='ltr'>edJ&#39;icit:</span> <span class='ocrx_word' id='word_1_387' title='bbox 1736 3154 1811 3213; x_wconf 79' lang='lat' dir='ltr'>quos</span> 
     </span>
     <span class='ocr_line' id='line_1_33' title="bbox 144 3226 1804 3321; baseline -0.008 -26"><span class='ocrx_word' id='word_1_388' title='bbox 144 3228 264 3321; x_wconf 71' lang='lat' dir='ltr'>stupu!</span> <span class='ocrx_word' id='word_1_389' title='bbox 296 3232 495 3299; x_wconf 68' lang='lat' dir='ltr'>cantuum</span> <span class='ocrx_word' id='word_1_390' title='bbox 529 3230 570 3293; x_wconf 87' lang='lat' dir='ltr'>ad</span> <span class='ocrx_word' id='word_1_391' title='bbox 605 3251 702 3311; x_wconf 82' lang='lat' dir='ltr'>caque</span> <span class='ocrx_word' id='word_1_392' title='bbox 738 3228 950 3307; x_wconf 79' lang='lat' dir='ltr'>cognoscenda</span> <span class='ocrx_word' id='word_1_393' title='bbox 1009 3228 1148 3293; x_wconf 85' lang='lat' dir='ltr'>addictos</span> <span class='ocrx_word' id='word_1_394' title='bbox 1169 3226 1428 3297; x_wconf 82' lang='lat' dir='ltr'>adbucbabcbct,</span> <span class='ocrx_word' id='word_1_395' title='bbox 1447 3246 1554 3289; x_wconf 87' lang='lat' dir='ltr'>omnes</span> <span class='ocrx_word' id='word_1_396' title='bbox 1575 3226 1730 3287; x_wconf 77' lang='lat' dir='ltr'>contrabit:</span> <span class='ocrx_word' id='word_1_397' title='bbox 1756 3246 1804 3283; x_wconf 90' lang='lat' dir='ltr'>no·</span> 
     </span>
     <span class='ocr_line' id='line_1_34' title="bbox 144 3316 1807 3409; baseline -0.005 -22"><span class='ocrx_word' id='word_1_398' title='bbox 144 3322 377 3409; x_wconf 54' lang='lat' dir='ltr'>pubemque</span> <span class='ocrx_word' id='word_1_399' title='bbox 401 3326 534 3403; x_wconf 71' lang='lat' dir='ltr'>tempere</span> <span class='ocrx_word' id='word_1_400' title='bbox 559 3330 740 3386; x_wconf 86' lang='lat' dir='ltr'>conventum</span> <span class='ocrx_word' id='word_1_401' title='bbox 759 3320 948 3388; x_wconf 79' lang='lat' dir='ltr'>Pruviecteli·</span> <span class='ocrx_word' id='word_1_402' title='bbox 1009 3342 1064 3383; x_wconf 85' lang='lat' dir='ltr'>vos</span> <span class='ocrx_word' id='word_1_403' title='bbox 1079 3322 1151 3383; x_wconf 80' lang='lat' dir='ltr'>&#39;suis</span> <span class='ocrx_word' id='word_1_404' title='bbox 1168 3319 1328 3399; x_wconf 87' lang='lat' dir='ltr'>stipendiis</span> <span class='ocrx_word' id='word_1_405' title='bbox 1348 3318 1427 3379; x_wconf 88' lang='lat' dir='ltr'>alius</span> <span class='ocrx_word' id='word_1_406' title='bbox 1447 3320 1622 3379; x_wconf 86' lang='lat' dir='ltr'>conscribit:</span> <span class='ocrx_word' id='word_1_407' title='bbox 1640 3340 1675 3379; x_wconf 82' lang='lat' dir='ltr'>ex</span> <span class='ocrx_word' id='word_1_408' title='bbox 1691 3316 1807 3379; x_wconf 77' lang='lat' dir='ltr'>Nobili-</span> 
     </span>
     <span class='ocr_line' id='line_1_35' title="bbox 144 3410 1809 3495; baseline -0.003 -19"><span class='ocrx_word' id='word_1_409' title='bbox 144 3412 205 3481; x_wconf 77' lang='lat' dir='ltr'>bui</span> <span class='ocrx_word' id='word_1_410' title='bbox 223 3410 449 3490; x_wconf 69' lang='lat' dir='ltr'>adiutum-‚lu</span> <span class='ocrx_word' id='word_1_411' title='bbox 468 3434 528 3495; x_wconf 82' lang='lat' dir='ltr'>que</span> <span class='ocrx_word' id='word_1_412' title='bbox 546 3414 751 3495; x_wconf 72' lang='lat' dir='ltr'>unuquisque</span> <span class='ocrx_word' id='word_1_413' title='bbox 775 3414 849 3475; x_wconf 79' lang='lat' dir='ltr'>Jure</span> <span class='ocrx_word' id='word_1_414' title='bbox 867 3414 949 3477; x_wconf 76' lang='lat' dir='ltr'>cubi·</span> <span class='ocrx_word' id='word_1_415' title='bbox 1008 3420 1069 3478; x_wconf 87' lang='lat' dir='ltr'>tate</span> <span class='ocrx_word' id='word_1_416' title='bbox 1096 3414 1264 3475; x_wconf 73' lang='lat' dir='ltr'>rio-uinum</span> <span class='ocrx_word' id='word_1_417' title='bbox 1290 3412 1483 3473; x_wconf 81' lang='lat' dir='ltr'>tortiseiruum</span> <span class='ocrx_word' id='word_1_418' title='bbox 1507 3430 1654 3493; x_wconf 58' lang='lat' dir='ltr'>queque</span> <span class='ocrx_word' id='word_1_419' title='bbox 1684 3420 1809 3473; x_wconf 85' lang='lat' dir='ltr'>evocat:</span> 
     </span>
     <span class='ocr_line' id='line_1_36' title="bbox 144 3502 1812 3598; baseline 0 -31"><span class='ocrx_word' id='word_1_420' title='bbox 144 3505 252 3598; x_wconf 63' lang='lat' dir='ltr'>bapt..</span> <span class='ocrx_word' id='word_1_421' title='bbox 280 3502 359 3574; x_wconf 71' lang='lat' dir='ltr'>cun</span> <span class='ocrx_word' id='word_1_422' title='bbox 383 3508 650 3585; x_wconf 75' lang='lat' dir='ltr'>nutent-superiori</span> <span class='ocrx_word' id='word_1_423' title='bbox 674 3510 853 3587; x_wconf 84' lang='lat' dir='ltr'>terupestate</span> <span class='ocrx_word' id='word_1_424' title='bbox 877 3509 948 3569; x_wconf 89' lang='lat' dir='ltr'>ami·</span> <span class='ocrx_word' id='word_1_425' title='bbox 1008 3514 1197 3588; x_wconf 85' lang='lat' dir='ltr'>praeterens</span> <span class='ocrx_word' id='word_1_426' title='bbox 1218 3506 1443 3576; x_wconf 58' lang='lat' dir='ltr'>minuatione,</span> <span class='ocrx_word' id='word_1_427' title='bbox 1464 3502 1629 3583; x_wconf 77' lang='lat' dir='ltr'>Ostrogiae</span> <span class='ocrx_word' id='word_1_428' title='bbox 1647 3504 1720 3567; x_wconf 80' lang='lat' dir='ltr'>uox</span> <span class='ocrx_word' id='word_1_429' title='bbox 1737 3525 1812 3567; x_wconf 81' lang='lat' dir='ltr'>suas</span> 
     </span>
     <span class='ocr_line' id='line_1_37' title="bbox 142 3596 1811 3683; baseline -0.006 -14"><span class='ocrx_word' id='word_1_430' title='bbox 142 3596 386 3680; x_wconf 49' lang='lat' dir='ltr'>&amp;0110ss</span> <span class='ocrx_word' id='word_1_431' title='bbox 408 3598 570 3677; x_wconf 62' lang='lat' dir='ltr'>Pantul·</span> <span class='ocrx_word' id='word_1_432' title='bbox 597 3618 655 3663; x_wconf 75' lang='lat' dir='ltr'>uta</span> <span class='ocrx_word' id='word_1_433' title='bbox 678 3598 862 3663; x_wconf 84' lang='lat' dir='ltr'>dicerentur:</span> <span class='ocrx_word' id='word_1_434' title='bbox 889 3622 948 3663; x_wconf 88' lang='lat' dir='ltr'>eos</span> <span class='ocrx_word' id='word_1_435' title='bbox 1006 3602 1127 3683; x_wconf 79' lang='lat' dir='ltr'>cep&#39;ms,</span> <span class='ocrx_word' id='word_1_436' title='bbox 1151 3620 1228 3680; x_wconf 80' lang='lat' dir='ltr'>quas</span> <span class='ocrx_word' id='word_1_437' title='bbox 1252 3620 1312 3661; x_wconf 90' lang='lat' dir='ltr'>una</span> <span class='ocrx_word' id='word_1_438' title='bbox 1338 3597 1574 3659; x_wconf 75' lang='lat' dir='ltr'>contemnendas</span> <span class='ocrx_word' id='word_1_439' title='bbox 1609 3619 1628 3659; x_wconf 90' lang='lat' dir='ltr'>e</span> <span class='ocrx_word' id='word_1_440' title='bbox 1653 3600 1811 3662; x_wconf 81' lang='lat' dir='ltr'>clientibus</span> 
     </span>
    </p>
   </div>
   <div class='ocr_carea' id='block_1_3' title="bbox 37 3690 1812 3776">
    <p class='ocr_par' dir='ltr' id='par_1_3' title="bbox 37 3690 1812 3776">
     <span class='ocr_line' id='line_1_38' title="bbox 37 3690 1812 3776; baseline 0.001 -25"><span class='ocrx_word' id='word_1_441' title='bbox 37 3701 40 3707; x_wconf 86' lang='lat'>&#39;</span> <span class='ocrx_word' id='word_1_442' title='bbox 143 3696 321 3776; x_wconf 47' lang='lat' dir='ltr'>*actm</span> <span class='ocrx_word' id='word_1_443' title='bbox 339 3692 460 3773; x_wconf 62' lang='lat' dir='ltr'>qulbus,</span> <span class='ocrx_word' id='word_1_444' title='bbox 478 3712 596 3776; x_wconf 76' lang='lat' dir='ltr'>queque</span> <span class='ocrx_word' id='word_1_445' title='bbox 614 3700 758 3776; x_wconf 72' lang='lat' dir='ltr'>tempere,</span> <span class='ocrx_word' id='word_1_446' title='bbox 777 3698 809 3755; x_wconf 91' lang='lat' dir='ltr'>et</span> <span class='ocrx_word' id='word_1_447' title='bbox 828 3700 948 3755; x_wconf 85' lang='lat' dir='ltr'>sentcn-</span> <span class='ocrx_word' id='word_1_448' title='bbox 1006 3696 1073 3757; x_wconf 84' lang='lat' dir='ltr'>suis</span> <span class='ocrx_word' id='word_1_449' title='bbox 1090 3700 1212 3757; x_wconf 82' lang='lat' dir='ltr'>coactas</span> <span class='ocrx_word' id='word_1_450' title='bbox 1222 3692 1362 3767; x_wconf 89' lang='lat' dir='ltr'>babebat,</span> <span class='ocrx_word' id='word_1_451' title='bbox 1380 3693 1605 3771; x_wconf 85' lang='lat' dir='ltr'>promptissime</span> <span class='ocrx_word' id='word_1_452' title='bbox 1616 3690 1812 3775; x_wconf 83' lang='lat' dir='ltr'>Reipublicae</span> 
     </span>
    </p>
   </div>
   <div class='ocr_carea' id='block_1_4' title="bbox 141 3782 1811 4157">
    <p class='ocr_par' dir='ltr' id='par_1_4' title="bbox 141 3782 1811 4157">
     <span class='ocr_line' id='line_1_39' title="bbox 141 3782 1811 3867; baseline -0.007 -10"><span class='ocrx_word' id='word_1_453' title='bbox 141 3782 536 3862; x_wconf 54' lang='lat' dir='ltr'>&amp;immunera</span> <span class='ocrx_word' id='word_1_454' title='bbox 557 3786 824 3867; x_wconf 83' lang='lat' dir='ltr'>aperiredcbere,</span> <span class='ocrx_word' id='word_1_455' title='bbox 849 3806 947 3867; x_wconf 78' lang='lat' dir='ltr'>caque</span> <span class='ocrx_word' id='word_1_456' title='bbox 1005 3788 1158 3851; x_wconf 86' lang='lat' dir='ltr'>otlcrcbat.</span> <span class='ocrx_word' id='word_1_457' title='bbox 1198 3788 1301 3865; x_wconf 80' lang='lat' dir='ltr'>ltaque</span> <span class='ocrx_word' id='word_1_458' title='bbox 1320 3786 1349 3845; x_wconf 93' lang='lat' dir='ltr'>io</span> <span class='ocrx_word' id='word_1_459' title='bbox 1370 3784 1511 3847; x_wconf 76' lang='lat' dir='ltr'>Rosciam</span> <span class='ocrx_word' id='word_1_460' title='bbox 1528 3784 1729 3851; x_wconf 82' lang='lat' dir='ltr'>Zamoseium</span> <span class='ocrx_word' id='word_1_461' title='bbox 1748 3808 1811 3849; x_wconf 86' lang='lat' dir='ltr'>cou-</span> 
     </span>
     <span class='ocr_line' id='line_1_40' title="bbox 141 3876 1589 3970; baseline -0.008 -21"><span class='ocrx_word' id='word_1_462' title='bbox 141 3876 595 3970; x_wconf 46' lang='lat' dir='ltr'>ffi⁴wvtdm⁰mqn</span> <span class='ocrx_word' id='word_1_463' title='bbox 623 3882 745 3945; x_wconf 74' lang='lat' dir='ltr'>testium</span> <span class='ocrx_word' id='word_1_464' title='bbox 777 3882 951 3965; x_wconf 68' lang='lat' dir='ltr'>juramento.</span> <span class='ocrx_word' id='word_1_465' title='bbox 1005 3884 1051 3945; x_wconf 77' lang='lat' dir='ltr'>tra</span> <span class='ocrx_word' id='word_1_466' title='bbox 1070 3879 1211 3943; x_wconf 75' lang='lat' dir='ltr'>Tarum·</span> <span class='ocrx_word' id='word_1_467' title='bbox 1232 3878 1381 3943; x_wconf 81' lang='lat' dir='ltr'>cracovia</span> <span class='ocrx_word' id='word_1_468' title='bbox 1398 3878 1471 3941; x_wconf 78' lang='lat' dir='ltr'>Rex</span> <span class='ocrx_word' id='word_1_469' title='bbox 1491 3880 1589 3941; x_wconf 83' lang='lat' dir='ltr'>mittit.</span> 
     </span>
     <span class='ocr_line' id='line_1_41' title="bbox 141 3996 620 4157; baseline -0.017 -22"><span class='ocrx_word' id='word_1_470' title='bbox 141 3996 359 4157; x_wconf 46' lang='lat' dir='ltr'>&#39;dffifl‘li&#39;r&#39;o&#39;jss</span> <span class='ocrx_word' id='word_1_471' title='bbox 381 4011 416 4129; x_wconf 76' lang='grc' dir='ltr'>..Ϊ</span> <span class='ocrx_word' id='word_1_472' title='bbox 488 4104 502 4124; x_wconf 86' lang='grc'>..</span> <span class='ocrx_word' id='word_1_473' title='bbox 616 4029 620 4037; x_wconf 90' lang='grc'><strong>’</strong></span> 
     </span>
    </p>
   </div>
   <div class='ocr_carea' id='block_1_5' title="bbox 0 0 1876 5626">
    <p class='ocr_par' dir='ltr' id='par_1_5' title="bbox 0 0 1876 5626">
     <span class='ocr_line' id='line_1_42' title="bbox 0 0 1876 5626; baseline 0 8"><span class='ocrx_word' id='word_1_474' title='bbox 0 0 1876 5626; x_wconf 95' lang='lat' dir='ltr'> </span> 
     </span>
    </p>
   </div>
  </div>
 </body>
</html>
