3742 5626
511 218 640 283 vilan
659 216 840 281 ioannis
860 214 1080 291 basilium,
1100 214 1223 278 amno
1244 215 1265 277 Ι.
1670 220 1726 281 roo

52 396 190 473 pectentes
210 389 313 470 partim
332 390 435 467 aqmrta
457 386 501 455 ri,
531 386 635 465 purtim
660 380 780 443 insidiis
804 382 856 443 eir·
917 378 1047 439 trarlidit.
1086 377 1266 456 li'orogrodii
1292 380 1331 439 ab
1356 382 1424 459 ejus
1449 388 1534 460 quatre
1558 384 1622 463 jero
1649 386 1719 445 oliuu

51 484 210 557 conuenit,
231 476 534 559 eosqueneltegiae
552 476 705 555 dignitatis
723 474 859 537 aernules
916 473 1032 533 subacti
1066 472 1199 531 lucrante
1227 492 1265 531 eo
1292 476 1392 531 autera
1421 478 1553 553 tempere
1578 478 1608 537 in
1635 498 1719 561 spera

52 576 190 651 baberet,
221 574 269 635 vel
301 570 427 641 eccidit,
457 572 505 631 rel
529 578 662 631 extorres
688 572 718 629 in
743 570 858 629 alienas
917 566 1062 625 libertatis
1083 566 1185 635 erecti,
1206 570 1236 624 et
1255 564 1403 643 praesuiis
1422 564 1579 647 Theophili
1599 570 1721 651 llagran·

52 676 147 731 terras
166 668 263 749 ejecit.
293 664 465 743 Exemplum
485 664 588 741 llugitii
607 662 768 743 singulare,
789 662 857 721 Rex
916 660 1044 719 tissirnis
1065 657 1258 717 concionibus
1277 658 1399 727 incitati,
1418 660 1509 719 armis
1529 665 1650 741 patriam
1670 666 1721 727 rle·

52 762 165 823 ordinis
190 761 240 820 sui
265 764 451 837 persecutor,
479 756 657 837 fratrumque
684 756 773 815 lratrr
792 776 858 835 pro·
917 752 1039 811 lenrlere
1066 758 1096 811 ct
1124 750 1238 831 proelio
1265 748 1417 811 decertare
1437 758 1611 815 statuerunt.
1652 760 1722 817 Pro·

53 854 140 915 ditor.
180 852 323 913 lllalurum
354 854 383 911 in
411 872 448 911 ee
477 851 598 918 artium,
630 850 858 927 bellicarnmque
917 846 1013 905 lectus
1033 850 1081 904 est
1102 849 1204 903 errrrtra
1225 864 1280 903 ero·
1300 842 1446 913 Basilius,
1466 850 1516 925 qni
1535 850 1642 921 armis,
1662 872 1721 911 urar·

53 950 143 1009 etiam
163 966 256 1007 rernm
280 946 382 1025 peritia
403 943 562 1021 singularis
582 942 654 1011 luit,
684 942 771 1019 longo
791 962 859 1010 usu,
917 939 1092 1011 ludionibus,
1129 946 1159 995 et
1195 935 1325 1015 ‹leoiqne
1364 939 1475 1013 ingenti
1508 946 1719 1005 tormentorum

54 1046 84 1102 at
104 1041 193 1101 uariis
217 1040 369 1117 utriusque
397 1036 533 1097 lortmme
552 1036 763 1117 superirruentis
783 1054 859 1093 com·
916 1036 1060 1113 apparatu
1086 1032 1234 1089 civitatem
1261 1030 1452 1091 veliementer
1479 1036 1651 1095 conterruit.
1692 1040 1724 1097 ls

54 1142 167 1213 parata.
215 1132 315 1211 Super
344 1130 420 1191 lraec
451 1130 570 1209 rigebat
601 1132 631 1189 in
661 1150 698 1187 eo
729 1126 859 1187 erudelis
917 1128 1046 1202 impetus
1070 1125 1114 1183 uti
1133 1124 1304 1203 repentinus
1331 1146 1386 1185 uer
1409 1132 1617 1207 exspectatus,
1643 1150 1722 1191 suor-

55 1228 217 1287 auctoritas
236 1232 268 1285 et
288 1226 335 1285 uis
359 1225 473 1301 imperii
497 1222 535 1283 sd
563 1220 739 1303 explicanda
759 1220 858 1279 brrieu·
919 1238 1001 1291 mos,
1027 1218 1202 1295 intimosque
1229 1222 1260 1277 et
1284 1226 1421 1281 sacratos
1447 1242 1566 1300 queque
1586 1221 1722 1285 homiues

55 1319 153 1400 daque
179 1318 320 1389 consilia,
346 1336 540 1395 magnumque
565 1334 685 1395 semper
704 1312 767 1373 auri
789 1332 860 1391 pou·
919 1309 956 1369 ad
977 1330 1058 1369 arura
1077 1312 1198 1369 exciuit.
1225 1311 1289 1371 m'ed
1308 1312 1479 1373 dimicatum
1500 1322 1549 1373 est
1566 1336 1585 1375 a
1606 1318 1724 1379 ciuibus

56 1412 114 1473 dns
133 1412 173 1473 sd
192 1410 384 1491 proditionem
411 1410 526 1469 urbium
546 1412 742 1488 comparatum
764 1407 792 1465 in
813 1426 860 1466 cs·
921 1403 1001 1463 nullo
1023 1402 1141 1473 ordine,
1161 1424 1227 1463 curu
1249 1406 1388 1485 inopinati
1409 1406 1517 1467 bootes
1535 1416 1565 1467 et
1584 1408 1724 1491 despero·

56 1507 128 1565 stris
152 1504 294 1565 babebat.
336 1502 424 1573 lluas
442 1504 482 1561 ob
501 1523 550 1561 res
570 1500 718 1581 corruptis
738 1498 863 1575 largitio·
919 1498 962 1556 tio
982 1498 1049 1577 ipsa
1068 1496 1252 1555 contrubatis
1277 1497 1447 1559 bornioibus
1471 1522 1585 1561 ornnem
1607 1504 1723 1565 cerrsilii

57 1600 145 1659 nibus
163 1598 314 1657 beurinurn
333 1596 440 1657 animis
465 1594 589 1653 feliciter
616 1590 762 1653 interdum
784 1590 862 1651 bella
921 1595 952 1649 et
972 1589 1146 1668 discipliuae
1166 1590 1310 1649 rationem
1324 1593 1443 1671 penitus
1463 1594 1627 1673 eriperent:
1646 1598 1724 1657 arleo

56 1691 243 1751 coolieiebat.
282 1688 358 1751 Nam
384 1694 416 1749 et
439 1686 518 1769 opud
545 1685 755 1747 Smoleuscum
780 1685 863 1763 prius
921 1690 953 1743 ut
971 1683 1070 1745 lllosci
1091 1682 1169 1743 felici
1195 1680 1321 1743 audacia
1341 1687 1508 1765 progressi,
1533 1690 1636 1750 stratis
1655 1692 1725 1751 eiri-

56 1784 184 1865 pecunie
204 1783 319 1853 bootes,
338 1804 424 1862 uquam
445 1782 535 1841 aruris
556 1780 635 1850 vicit,
654 1796 724 1855 erga
741 1776 862 1838 Plesre·
921 1778 987 1847 bus,
1009 1776 1264 1859 nobilissimisque
1278 1778 1414 1839 Ducibus
1424 1778 1539 1857 aliquot
1551 1780 1726 1855 interiectis,

58 1878 180 1937 aienses
190 1882 220 1937 et
232 1870 757 1955 Nouogrodiensesconsimililraude
777 1891 862 1931 usus.
920 1870 1047 1949 ipsoque
1066 1872 1154 1931 etiam
1177 1870 1344 1951 'l'lreopbilo
1364 1870 1513 1951 praesule,
1533 1874 1582 1953 qui
1602 1876 1725 1953 impigre

57 1971 98 2031 Et
117 1970 347 2031 Plcscouienses
368 1966 487 2046 quidem
514 1968 597 2045 pressi
617 1970 689 2025 sunt
708 1966 782 2025 inter
801 1964 863 2045 plu·
921 1964 1116 2042 perturbatam
1143 1986 1263 2025 suorum
1289 1966 1384 2025 neiern
1409 1986 1546 2044 reparare
1565 1968 1724 2029 euertenda-

58 2066 129 2125 riurs
150 2064 228 2123 malo
247 2062 335 2123 etiarn
356 2059 471 2119 ciuilem
493 2058 687 2130 discordiam,
706 2058 734 2117 si
746 2058 863 2137 quidem
924 2066 984 2127 rat,
1010 2056 1111 2117 multis
1135 2058 1258 2117 telorum
1279 2058 1389 2117 ictibus
1407 2078 1484 2137 pene
1504 2080 1664 2139 oppresso,
1683 2062 1724 2121 ln·

58 2176 125 2217 cum
152 2156 239 2234 plebs
265 2174 360 2215 noras
383 2152 502 2213 tabulas
527 2162 558 2211 et
583 2150 761 2211 ‹lirisiouem
781 2170 864 2229 agro·
923 2156 968 2209 tra
1004 2150 1120 2209 urreoia
1152 2150 1283 2211 bostium
1314 2152 1479 2211 consistere
1511 2154 1726 2237 quiescerequo

59 2270 121 2310 ruru
147 2248 269 2309 diuitum
294 2248 471 2324 impotenter
499 2244 658 2323 llagitaret,
689 2242 740 2303 diu
771 2264 804 2303 re
833 2244 863 2303 io
923 2242 1041 2301 mirriure
1059 2240 1266 2303 dubitaverint.
1307 2247 1349 2305 lta
1371 2245 1489 2304 uexatis
1515 2246 1544 2305 in
1565 2248 1661 2307 uicino
1682 2268 1727 2307 ur·

60 2343 180 2401 civitate
208 2344 348 2413 tractata,
381 2360 447 2397 cum
477 2338 578 2397 exitus
606 2336 779 2397 tumultuum
805 2357 864 2397 nou
924 2336 1028 2403 bibus,
1057 2334 1191 2397 llasilius
1210 2337 1248 2397 nd
1267 2344 1386 2397 eeteros
1410 2338 1581 2399 irrsidiarnm
1601 2346 1632 2401 ct
1652 2340 1725 2401 lran-

60 2435 256 2501 inueniretur,
281 2430 321 2491 ad
340 2436 521 2510 postremum
543 2430 697 2507 praesules
717 2436 748 2489 ct
767 2450 865 2489 saeer-
923 2428 992 2487 dum
1025 2428 1180 2489 machinas
1211 2434 1372 2501 convertit,
1404 2452 1469 2491 cum
1502 2434 1612 2511 quibus
1641 2434 1727 2495 tidem

60 2528 148 2588 dotes
184 2526 312 2587 ciuitatis
349 2524 496 2585 aduersus
531 2523 649 2603 piebem
679 2524 767 2583 nimio
803 2525 864 2583 otio
924 2534 1030 2583 sancte
1057 2544 1202 2602 nunquam
1235 2524 1334 2585 coluit.
1373 2526 1424 2585 rid
1450 2526 1588 2585 tlarrilnm
1610 2534 1640 2587 et
1658 2528 1729 2587 Fer·

61 2620 274 2692 lasciuientem,
293 2618 405 2679 arrxilia
423 2638 443 2677 a
464 2616 689 2677 tironensium
709 2616 866 2693 Magistro,
924 2615 1085 2677 ‹lirmndum
1113 2620 1262 2677 t'nesares
1288 2618 1454 2679 ticrmmros
1478 2620 1599 2679 maritia
1620 2622 1729 2701 potius.

61 2734 129 2774 mox
153 2714 193 2773 eb
217 2710 454 2787 Nouogrodianis
480 2710 626 2789 petivere,
657 2710 791 2787 utrisque
817 2730 865 2769 ne-
925 2728 1012 2785 qnam
1039 2710 1126 2767 animi
1153 2712 1352 2789 propensione
1381 2710 1503 2783 ductus,
1537 2712 1670 2789 Legatos
1698 2716 1728 2773 in

61 2806 212 2886 gentibus,
231 2804 270 2863 ad
291 2804 446 2871 Basiliam,
465 2822 552 2879 quem
573 2803 630 2881 ipsi
650 2800 796 2861 hactenns
816 2822 867 2879 op·
926 2800 1099 2881 llispnoiam
1137 2808 1167 2861 et
1200 2802 1387 2861 Germaniam
1424 2804 1513 2862 misit.
1563 2802 1730 2887 Praecipue

62 2902 280 2979 pugrmuerant,
300 2896 468 2955 decurrunt.
508 2892 606 2953 Terrta
624 2890 805 2953 discordium
825 2895 867 2953 iu·
926 2906 1025 2953 nutem
1058 2914 1219 2973 perunagna
1257 2896 1391 2972 promissi
1432 2895 1560 2975 tideique
1599 2898 1729 2957 uanitate

62 2990 150 3051 sauia
170 2988 239 3058 suit,
259 2996 291 3045 ut
309 3006 396 3065 quem
417 3006 538 3066 seurpcr
555 2984 672 3045 bostem
692 2986 867 3057 habuerant,
926 3005 997 3065 ergo
1017 2984 1112 3045 [lires
1133 2986 1273 3045 l‘oloniae
1298 2986 1403 3065 Reges
1430 2994 1479 3047 est
1503 3008 1594 3047 usus:
1620 2990 1729 3067 quibus

62 3102 132 3143 cum
157 3079 197 3141 ad
222 3080 344 3139 tutelam
369 3079 482 3159 patriae
507 3092 658 3139 vocarent.
707 3078 781 3139 Erat
812 3078 867 3139 lla-
927 3100 986 3139 rree
1005 3078 1099 3137 semel
1119 3098 1195 3160 piace
1213 3086 1372 3158 suscepta.
1399 3100 1436 3141 ac
1450 3082 1644 3163 jurisjurandi
1664 3084 1729 3145 reli-

62 3176 152 3235 silius
170 3174 214 3235 uir
235 3172 314 3233 lustu
335 3172 446 3249 ingenti
459 3170 622 3249 praeditus,
643 3178 675 3231 ut
694 3172 732 3231 iis
751 3172 869 3247 accidit,
927 3172 1014 3249 giooe
1033 3174 1163 3244 sancita,
1188 3172 1227 3233 ad
1246 3172 1467 3252 tranquillitatis
1487 3174 1620 3235 liduciam
1640 3176 1730 3237 adrln·

63 3270 114 3349 qui
135 3270 164 3327 in
185 3262 329 3327 secundis
357 3264 492 3323 tortuose
516 3262 636 3323 llatibus
658 3264 745 3325 lacile
766 3274 867 3325 eentu-
927 3268 1001 3335 ctis,
1021 3270 1052 3324 et
1072 3271 1174 3325 contra
1193 3266 1348 3335 lrarbaros,
1369 3266 1539 3347 nominique
1560 3270 1731 3331 lllrristiano

63 3364 215 3423 meseuut:
231 3360 354 3439 jamque
374 3357 544 3419 calamitate
558 3358 719 3419 ricinornm
740 3358 868 3431 insulan,-
928 3356 1056 3417 inlestos
1076 3358 1202 3439 populos
1223 3358 1302 3419 bella
1320 3360 1511 3437 gerentibus,
1533 3360 1621 3421 tidem
1641 3364 1731 3445 impia

63 3456 171 3515 tieret
191 3452 386 3511 facinorosior
412 3448 563 3523 redditus,
590 3460 622 3511 et
647 3450 868 3511 dissensionem
928 3452 1030 3527 fregit,
1065 3458 1151 3529 praeta
1180 3452 1278 3510 ramniu
1309 3453 1444 3525 uiolauit,
1474 3460 1506 3513 et
1535 3454 1732 3535 redintegrate

64 3548 187 3616 deins,
223 3545 413 3605 occasionem
443 3542 629 3603 invadendae
661 3542 870 3605 deminutionis
928 3544 1023 3617 belle,
1054 3545 1101 3605 rel
1130 3566 1149 3603 a
1180 3547 1352 3607 necessaria
1382 3566 1436 3605 eos
1465 3554 1569 3609 eontra
1597 3548 1733 3611 ellanicus

64 3640 257 3707 esistimaas,
277 3636 369 3717 primo
389 3636 477 3695 tacite
497 3652 563 3693 enm
584 3634 723 3713 praesule
742 3636 871 3697 ciuitatis
928 3636 1119 3705 defensione,
1160 3639 1209 3697 vel
1255 3638 1437 3716 pulcerrimis
1473 3660 1526 3719 pro
1569 3638 1734 3721 Republica

64 3752 120 3815 per
152 3732 349 3791 internuntios
373 3734 404 3785 ct
429 3746 549 3785 mnrrcra
574 3728 652 3805 agit,
677 3734 708 3787 ct
728 3728 801 3787 inita
822 3748 870 3787 so·
931 3728 1101 3789 Christiana
1121 3732 1239 3809 coeptis
1258 3734 1421 3799 reserarit,
1448 3738 1479 3791 et
1498 3732 1647 3791 ‹iluistera
1666 3738 1733 3794 suis

65 3826 174 3887 cietate
205 3822 382 3903 paciscitur,
411 3824 445 3877 ut
472 3818 589 3897 prodita
619 3822 692 3881 urbe
716 3818 872 3901 protectus
930 3824 1046 3903 irrjnriis
1065 3824 1173 3899 coegit.
1208 3824 1319 3883 Contra
1339 3824 1422 3883 solos
1445 3826 1639 3885 Casanerrses
1660 3824 1734 3887 'l'sr-

66 3920 137 3999 ejus
156 3916 393 3977 constitueretur.
433 3910 545 3971 Postea
571 3912 711 3980 insidias,
737 3934 814 3993 quas
833 3914 871 3973 ci·
931 3922 1012 3974 toros
1033 3912 1122 3975 lallax
1140 3920 1284 3995 tyrarrnos
1304 3916 1462 3975 infeliciter
1481 3916 1568 3975 riolos
1587 3922 1731 3979 exercuit.

64 4012 156 4071 sibus
184 4014 357 4089 paraverat,
388 4006 417 4063 in
447 4006 544 4082 ipsum
577 4006 744 4085 praesulem
776 4008 872 4065 vertit.
933 4010 1006 4067 t'um
1034 4008 1110 4065 euim
1137 4007 1236 4067 oblata
1261 4008 1499 4087 praeclarissimo
1521 4012 1684 4073 occasione
1703 4014 1733 4071 in

64 4103 205 4177 Namque
234 4120 300 4159 cum
333 4098 414 4157 relnt
442 4096 551 4159 arbiter
580 4098 676 4159 civilis
706 4096 873 4159 discordiae
932 4119 1048 4159 summa
1068 4120 1124 4179 spe
1146 4102 1275 4177 ingentis
1296 4102 1436 4160 uictoriae
1449 4100 1735 4167 lllaebmcdeminsm

65 4194 233 4256 exercitum
264 4192 328 4249 urbi
358 4190 556 4259 arlmorisset,
587 4197 698 4253 statuto
731 4196 874 4271 tempere,
934 4194 1150 4251 Casarrcasium
1183 4194 1347 4273 l'riucipesr
1375 4196 1414 4253 eb
1439 4198 1616 4257 concitatam
1643 4200 1736 4260 reliet-

66 4306 128 4368 quo
148 4284 187 4344 de
206 4282 412 4359 eouqrunendu
432 4304 507 4363 pace
527 4302 593 4343 curu
615 4282 753 4365 praesule
775 4284 874 4364 loque·
934 4286 1040 4345 lienem
1061 4286 1150 4345 aruris
1176 4286 1317 4347 mulctare
1342 4288 1516 4361 statuisset,
1542 4290 1661 4361 lmnrlo,
1685 4314 1735 4373 pe·

68 4392 166 4449 retur,
192 4380 290 4457 ipsum
310 4396 377 4435 eum
398 4376 607 4437 sacerdotibus
627 4376 695 4435 aliis
715 4379 808 4457 cepit,
828 4396 876 4437 cn·
935 4378 1183 4459 calumniasque
1203 4382 1367 4441 instructus
1387 4381 1613 4443 florentissimas
1632 4388 1737 4465 copias

67 4480 220 4555 piumque,
240 4476 270 4529 et
290 4469 417 4529 uinculis
435 4470 627 4529 constrictum
648 4470 677 4527 in
690 4468 876 4531 dioscoriam
935 4474 965 4532 in
994 4470 1215 4551 expeditionem
1245 4474 1336 4535 duxit.
1378 4477 1470 4535 (lires
1494 4478 1653 4537 abeuntem
1683 4478 1737 4535 rir-

70 4566 167 4633 arisit,
192 4568 284 4643 atque
311 4568 344 4621 ut
369 4564 399 4621 in
425 4562 477 4621 illo
502 4562 634 4621 subitum
659 4582 695 4621 sc
720 4584 757 4623 es
781 4564 876 4625 amico
935 4566 1166 4639 cumsistebant,
1185 4566 1413 4647 srmdabautque
1433 4590 1472 4629 ne
1491 4588 1527 4629 se
1545 4576 1658 4629 temere
1677 4570 1740 4629 iuti·

71 4660 144 4721 lacit
163 4658 288 4729 bostem,
308 4656 354 4715 sie
373 4676 414 4715 ex
431 4660 531 4733 optate
552 4674 647 4715 rerum
667 4676 814 4719 successu
834 4678 877 4719 re·
936 4660 986 4721 dis
1015 4660 1148 4719 barbaris
1178 4662 1361 4721 committere
1392 4660 1495 4732 rellat,
1530 4658 1587 4721 sod
1616 4662 1657 4721 ia·
1675 4666 1741 4721 tots

72 4758 164 4833 paule
185 4750 333 4811 crudelior
352 4750 465 4821 erasit,
484 4752 516 4807 et
534 4746 681 4807 adversus
699 4750 808 4809 inritos
828 4771 878 4831 po·
938 4752 1054 4813 alienae
1082 4754 1218 4813 insaniae
1245 4754 1355 4813 extera
1385 4758 1551 4831 spectaretr
1565 4750 1638 4813 Μ
1660 4757 1743 4822 -ss'n

73 4844 185 4903 leubae
201 4864 288 4923 puae,
308 4862 325 4901 a
346 4842 456 4921 quibus
474 4838 633 4919 aliquande
646 4842 760 4901 uexatis
780 4844 880 4913 armis,
939 4866 976 4905 eo
995 4844 1251 4925 progrediendum,
1270 4844 1351 4905 nuris
1368 4844 1640 4912 satim-maturi

74 4956 130 5019 per
159 4956 233 5015 quas
262 4956 355 5015 saepe
385 4934 525 5015 repulsus
555 4932 665 5003 luerat,
698 4954 756 4993 uon
784 4934 879 4995 solun
939 4957 994 4998 aus
1014 4938 1081 4999 siue
1100 4938 1440 5016 perierim-sistque*

72 5028 192 5109 gladios
219 5028 385 5089 distrinxit:
419 5044 520 5087 rernm
552 5026 639 5087 etiam
666 5026 881 5089 rrelandissima
940 5036 1002 5089 tur:
1025 5030 1102 5089 sutis
1127 5030 1206 5091 em·
1225 5034 1310 5103 sads
1324 5027 1348 5104 ἸΙ

73 5142 213 5203 quaeque
225 5122 397 5201 tyrannicae
417 5118 600 5181 crudelitatis
619 5120 767 5195 exercuit,
787 5120 881 5183 eires·
940 5122 969 5183 si
987 5120 1246 5185 mammarium
1327 5122 1335 5136 '

73 5236 135 5295 que
166 5216 196 5273 in
225 5214 398 5273 servitutem
428 5232 496 5273 cunr
522 5212 699 5291 conjugilms
723 5218 754 5273 et
779 5212 882 5273 liberis
941 5222 1081 5275 terrorem
1106 5214 1293 5295 incuterem
1327 5212 1340 5279 l

1283 5318 1323 5379 tt
