<?xml version="1.0" encoding="UTF-8"?>
<!DOCTYPE html PUBLIC "-//W3C//DTD XHTML 1.0 Transitional//EN"
    "http://www.w3.org/TR/xhtml1/DTD/xhtml1-transitional.dtd">
<html xmlns="http://www.w3.org/1999/xhtml" xml:lang="en" lang="en">
 <head>
  <title>
</title>
<meta http-equiv="Content-Type" content="text/html;charset=utf-8" />
  <meta name='ocr-system' content='tesseract 3.04.00' />
  <meta name='ocr-capabilities' content='ocr_page ocr_carea ocr_par ocr_line ocrx_word'/>
</head>
<body>
  <div class='ocr_page' id='page_1' title='image "./historiaeruthen00stargoog/historiaeruthen00stargoog_0281.png"; bbox 0 0 3742 5626; ppageno 0'>
   <div class='ocr_carea' id='block_1_1' title="bbox 100 242 1103 309">
    <p class='ocr_par' dir='ltr' id='par_1_1' title="bbox 100 242 1103 309">
     <span class='ocr_line' id='line_1_1' title="bbox 100 242 1103 309; baseline -0.005 -1"><span class='ocrx_word' id='word_1_1' title='bbox 100 254 133 309; x_wconf 83' lang='lat' dir='ltr'><strong>to</strong></span> <span class='ocrx_word' id='word_1_2' title='bbox 763 246 895 303; x_wconf 76' lang='lat' dir='ltr'><strong>tacent</strong></span> <span class='ocrx_word' id='word_1_3' title='bbox 916 242 1103 303; x_wconf 59' lang='lat' dir='ltr'><strong>Utatttattt.</strong></span> 
     </span>
    </p>
   </div>
   <div class='ocr_carea' id='block_1_2' title="bbox 98 394 1761 839">
    <p class='ocr_par' dir='ltr' id='par_1_2' title="bbox 98 394 1761 663">
     <span class='ocr_line' id='line_1_2' title="bbox 98 394 1761 478; baseline -0.005 -15"><span class='ocrx_word' id='word_1_4' title='bbox 98 403 266 463; x_wconf 81' lang='lat' dir='ltr'><strong>sidentibus</strong></span> <span class='ocrx_word' id='word_1_5' title='bbox 286 400 388 457; x_wconf 79' lang='lat' dir='ltr'><strong>iterun</strong></span> <span class='ocrx_word' id='word_1_6' title='bbox 415 414 472 455; x_wconf 85' lang='lat' dir='ltr'><strong>nos</strong></span> <span class='ocrx_word' id='word_1_7' title='bbox 496 396 666 457; x_wconf 73' lang='lat' dir='ltr'><strong>iaelomevit</strong></span> <span class='ocrx_word' id='word_1_8' title='bbox 685 394 817 459; x_wconf 81' lang='lat' dir='ltr'><strong>Praeeo:</strong></span> <span class='ocrx_word' id='word_1_9' title='bbox 847 397 900 455; x_wconf 87' lang='grc' dir='ltr'>Ιιιι-</span> <span class='ocrx_word' id='word_1_10' title='bbox 959 396 1047 465; x_wconf 76' lang='lat' dir='ltr'><strong>nisit,</strong></span> <span class='ocrx_word' id='word_1_11' title='bbox 1063 418 1123 477; x_wconf 91' lang='lat' dir='ltr'><strong>quo</strong></span> <span class='ocrx_word' id='word_1_12' title='bbox 1136 403 1260 477; x_wconf 83' lang='lat' dir='ltr'><strong>accepto</strong></span> <span class='ocrx_word' id='word_1_13' title='bbox 1278 405 1455 478; x_wconf 75' lang='lat' dir='ltr'><strong>garstatoqne</strong></span> <span class='ocrx_word' id='word_1_14' title='bbox 1473 397 1613 477; x_wconf 81' lang='lat' dir='ltr'><strong>Gregorio</strong></span> <span class='ocrx_word' id='word_1_15' title='bbox 1631 396 1761 476; x_wconf 84' lang='lat' dir='ltr'><strong>porrexi.</strong></span> 
     </span>
     <span class='ocr_line' id='line_1_3' title="bbox 98 486 1758 574; baseline -0.004 -21"><span class='ocrx_word' id='word_1_16' title='bbox 98 498 216 574; x_wconf 88' lang='lat' dir='ltr'><strong>perator</strong></span> <span class='ocrx_word' id='word_1_17' title='bbox 235 489 324 550; x_wconf 86' lang='lat' dir='ltr'><strong>bodie</strong></span> <span class='ocrx_word' id='word_1_18' title='bbox 345 508 400 547; x_wconf 80' lang='lat' dir='ltr'><strong>ros</strong></span> <span class='ocrx_word' id='word_1_19' title='bbox 419 486 457 548; x_wconf 92' lang='lat' dir='ltr'><strong>ad</strong></span> <span class='ocrx_word' id='word_1_20' title='bbox 471 488 637 549; x_wconf 67' lang='lat' dir='ltr'><strong>coavivium</strong></span> <span class='ocrx_word' id='word_1_21' title='bbox 657 488 769 560; x_wconf 80' lang='lat' dir='ltr'><strong>latitat,</strong></span> <span class='ocrx_word' id='word_1_22' title='bbox 788 488 901 563; x_wconf 89' lang='lat' dir='ltr'><strong>surgite</strong></span> <span class='ocrx_word' id='word_1_23' title='bbox 960 490 1008 567; x_wconf 91' lang='lat' dir='ltr'><strong>qui</strong></span> <span class='ocrx_word' id='word_1_24' title='bbox 1032 489 1164 549; x_wconf 82' lang='lat' dir='ltr'><strong>Arrroldo</strong></span> <span class='ocrx_word' id='word_1_25' title='bbox 1184 490 1309 567; x_wconf 87' lang='lat' dir='ltr'><strong>ipseque</strong></span> <span class='ocrx_word' id='word_1_26' title='bbox 1322 490 1416 549; x_wconf 81' lang='lat' dir='ltr'><strong>l&#39;aulo</strong></span> <span class='ocrx_word' id='word_1_27' title='bbox 1433 491 1622 551; x_wconf 76' lang='lat' dir='ltr'><strong>ll’eraieden.</strong></span> <span class='ocrx_word' id='word_1_28' title='bbox 1642 490 1692 568; x_wconf 93' lang='lat' dir='ltr'><strong>qni</strong></span> <span class='ocrx_word' id='word_1_29' title='bbox 1712 488 1758 547; x_wconf 83' lang='lat' dir='ltr'><strong>to-</strong></span> 
     </span>
     <span class='ocr_line' id='line_1_4' title="bbox 98 580 1757 663; baseline -0.005 -20"><span class='ocrx_word' id='word_1_30' title='bbox 98 592 128 643; x_wconf 91' lang='lat' dir='ltr'><strong>el</strong></span> <span class='ocrx_word' id='word_1_31' title='bbox 141 580 486 663; x_wconf 84' lang='lat' dir='ltr'><strong>agiteipsinslllajestali</strong></span> <span class='ocrx_word' id='word_1_32' title='bbox 500 580 711 659; x_wconf 84' lang='lat' dir='ltr'><strong>gratias,qned</strong></span> <span class='ocrx_word' id='word_1_33' title='bbox 724 580 901 642; x_wconf 76' lang='lat' dir='ltr'><strong>laetttnest:</strong></span> <span class='ocrx_word' id='word_1_34' title='bbox 960 580 1048 639; x_wconf 84' lang='lat' dir='ltr'><strong>bantri</strong></span> <span class='ocrx_word' id='word_1_35' title='bbox 1069 582 1310 641; x_wconf 82' lang='lat' dir='ltr'><strong>ll⁷cnrtrrnrnnrll</strong></span> <span class='ocrx_word' id='word_1_36' title='bbox 1328 589 1384 639; x_wconf 88' lang='lat' dir='ltr'><strong>etc.</strong></span> <span class='ocrx_word' id='word_1_37' title='bbox 1413 582 1453 641; x_wconf 76' lang='lat' dir='ltr'><strong>Ut</strong></span> <span class='ocrx_word' id='word_1_38' title='bbox 1479 603 1583 641; x_wconf 89' lang='lat' dir='ltr'><strong>omnes</strong></span> <span class='ocrx_word' id='word_1_39' title='bbox 1602 584 1630 640; x_wconf 84' lang='lat' dir='ltr'><strong>ll.</strong></span> <span class='ocrx_word' id='word_1_40' title='bbox 1660 582 1757 639; x_wconf 88' lang='lat' dir='ltr'><strong>libera-</strong></span> 
     </span>
    </p>

    <p class='ocr_par' dir='ltr' id='par_1_3' title="bbox 98 668 1761 839">
     <span class='ocr_line' id='line_1_5' title="bbox 174 668 1760 750; baseline -0.003 -17"><span class='ocrx_word' id='word_1_41' title='bbox 174 673 290 733; x_wconf 72' lang='lat' dir='ltr'><strong>lleinde</strong></span> <span class='ocrx_word' id='word_1_42' title='bbox 310 693 430 733; x_wconf 77' lang='lat' dir='ltr'><strong>mernera</strong></span> <span class='ocrx_word' id='word_1_43' title='bbox 450 672 557 733; x_wconf 87' lang='lat' dir='ltr'><strong>adlerri</strong></span> <span class='ocrx_word' id='word_1_44' title='bbox 575 672 732 749; x_wconf 83' lang='lat' dir='ltr'><strong>praecepit,</strong></span> <span class='ocrx_word' id='word_1_45' title='bbox 753 690 829 750; x_wconf 89' lang='lat' dir='ltr'><strong>quae</strong></span> <span class='ocrx_word' id='word_1_46' title='bbox 848 669 898 727; x_wconf 90' lang='lat' dir='ltr'><strong>nbi</strong></span> <span class='ocrx_word' id='word_1_47' title='bbox 959 671 1040 729; x_wconf 90' lang='lat' dir='ltr'><strong>litnle</strong></span> <span class='ocrx_word' id='word_1_48' title='bbox 1066 690 1102 729; x_wconf 86' lang='lat' dir='ltr'><strong>ae</strong></span> <span class='ocrx_word' id='word_1_49' title='bbox 1134 672 1334 731; x_wconf 65' lang='lat' dir='ltr'><strong>misericordia</strong></span> <span class='ocrx_word' id='word_1_50' title='bbox 1369 672 1530 732; x_wconf 76' lang='lat' dir='ltr'><strong>laceremur</strong></span> <span class='ocrx_word' id='word_1_51' title='bbox 1562 680 1592 731; x_wconf 89' lang='lat' dir='ltr'><strong>et</strong></span> <span class='ocrx_word' id='word_1_52' title='bbox 1618 678 1680 731; x_wconf 90' lang='lat' dir='ltr'><strong>erat</strong></span> <span class='ocrx_word' id='word_1_53' title='bbox 1705 668 1760 729; x_wconf 80' lang='lat' dir='ltr'><strong>boe</strong></span> 
     </span>
     <span class='ocr_line' id='line_1_6' title="bbox 98 762 1761 839; baseline -0.007 -13"><span class='ocrx_word' id='word_1_54' title='bbox 98 767 196 835; x_wconf 87' lang='lat' dir='ltr'><strong>allata,</strong></span> <span class='ocrx_word' id='word_1_55' title='bbox 216 766 316 825; x_wconf 87' lang='lat' dir='ltr'><strong>statim</strong></span> <span class='ocrx_word' id='word_1_56' title='bbox 336 772 407 825; x_wconf 89' lang='lat' dir='ltr'><strong>sunt</strong></span> <span class='ocrx_word' id='word_1_57' title='bbox 426 786 444 825; x_wconf 89' lang='lat' dir='ltr'><strong>a</strong></span> <span class='ocrx_word' id='word_1_58' title='bbox 465 765 606 825; x_wconf 74' lang='lat' dir='ltr'><strong>ministris</strong></span> <span class='ocrx_word' id='word_1_59' title='bbox 632 764 698 821; x_wconf 84' lang='lat' dir='ltr'><strong>suis</strong></span> <span class='ocrx_word' id='word_1_60' title='bbox 722 763 853 838; x_wconf 88' lang='lat' dir='ltr'><strong>reposita</strong></span> <span class='ocrx_word' id='word_1_61' title='bbox 870 764 901 819; x_wconf 89' lang='lat' dir='ltr'><strong>et</strong></span> <span class='ocrx_word' id='word_1_62' title='bbox 958 762 1074 839; x_wconf 81' lang='lat' dir='ltr'><strong>signnm</strong></span> <span class='ocrx_word' id='word_1_63' title='bbox 1091 763 1204 839; x_wconf 87' lang='lat' dir='ltr'><strong>gratiae</strong></span> <span class='ocrx_word' id='word_1_64' title='bbox 1225 764 1323 835; x_wconf 92' lang='lat' dir='ltr'><strong>(utilli</strong></span> <span class='ocrx_word' id='word_1_65' title='bbox 1336 765 1500 839; x_wconf 88' lang='lat' dir='ltr'><strong>nominant)</strong></span> <span class='ocrx_word' id='word_1_66' title='bbox 1520 765 1558 823; x_wconf 91' lang='lat' dir='ltr'><strong>de</strong></span> <span class='ocrx_word' id='word_1_67' title='bbox 1578 764 1704 823; x_wconf 86' lang='lat' dir='ltr'><strong>caeteris</strong></span> <span class='ocrx_word' id='word_1_68' title='bbox 1725 782 1761 818; x_wconf 92' lang='lat' dir='ltr'><strong>ne</strong></span> 
     </span>
    </p>
   </div>
   <div class='ocr_carea' id='block_1_3' title="bbox 74 863 903 5198">
    <p class='ocr_par' dir='ltr' id='par_1_4' title="bbox 98 863 259 919">
     <span class='ocr_line' id='line_1_7' title="bbox 98 863 259 919; baseline 0.006 -1"><span class='ocrx_word' id='word_1_69' title='bbox 98 863 259 919; x_wconf 78' lang='lat' dir='ltr'><strong>reservata.</strong></span> 
     </span>
    </p>

    <p class='ocr_par' dir='ltr' id='par_1_5' title="bbox 98 941 902 1831">
     <span class='ocr_line' id='line_1_8' title="bbox 174 941 902 1029; baseline -0.014 -18"><span class='ocrx_word' id='word_1_70' title='bbox 174 950 269 1011; x_wconf 81' lang='lat' dir='ltr'><strong>Hisce</strong></span> <span class='ocrx_word' id='word_1_71' title='bbox 290 950 420 1029; x_wconf 86' lang='lat' dir='ltr'><strong>peractis</strong></span> <span class='ocrx_word' id='word_1_72' title='bbox 432 946 629 1009; x_wconf 75' lang='lat' dir='ltr'><strong>discessimus</strong></span> <span class='ocrx_word' id='word_1_73' title='bbox 640 941 779 1021; x_wconf 89' lang='lat' dir='ltr'><strong>ductique</strong></span> <span class='ocrx_word' id='word_1_74' title='bbox 797 962 902 1001; x_wconf 88' lang='lat' dir='ltr'><strong>sumus</strong></span> 
     </span>
     <span class='ocr_line' id='line_1_9' title="bbox 98 1033 900 1117; baseline -0.011 -17"><span class='ocrx_word' id='word_1_75' title='bbox 98 1046 127 1102; x_wconf 94' lang='lat' dir='ltr'><strong>in</strong></span> <span class='ocrx_word' id='word_1_76' title='bbox 148 1040 288 1101; x_wconf 78' lang='lat' dir='ltr'><strong>conclave</strong></span> <span class='ocrx_word' id='word_1_77' title='bbox 308 1037 399 1109; x_wconf 88' lang='lat' dir='ltr'><strong>aliud,</strong></span> <span class='ocrx_word' id='word_1_78' title='bbox 419 1040 448 1099; x_wconf 90' lang='lat' dir='ltr'><strong>in</strong></span> <span class='ocrx_word' id='word_1_79' title='bbox 468 1058 526 1117; x_wconf 90' lang='lat' dir='ltr'><strong>quo</strong></span> <span class='ocrx_word' id='word_1_80' title='bbox 545 1036 715 1103; x_wconf 79' lang='lat' dir='ltr'><strong>restitimus,</strong></span> <span class='ocrx_word' id='word_1_81' title='bbox 734 1033 830 1093; x_wconf 85' lang='lat' dir='ltr'><strong>donee</strong></span> <span class='ocrx_word' id='word_1_82' title='bbox 852 1054 900 1091; x_wconf 86' lang='lat' dir='ltr'><strong>no·</strong></span> 
     </span>
     <span class='ocr_line' id='line_1_10' title="bbox 98 1124 901 1204; baseline -0.017 -9"><span class='ocrx_word' id='word_1_83' title='bbox 98 1136 146 1195; x_wconf 87' lang='lat' dir='ltr'><strong>bis</strong></span> <span class='ocrx_word' id='word_1_84' title='bbox 172 1154 244 1193; x_wconf 62' lang='lat' dir='ltr'><strong>saise</strong></span> <span class='ocrx_word' id='word_1_85' title='bbox 269 1128 461 1191; x_wconf 69' lang='lat' dir='ltr'><strong>ostenderent</strong></span> <span class='ocrx_word' id='word_1_86' title='bbox 493 1126 660 1186; x_wconf 68' lang='lat' dir='ltr'><strong>(tonstttartt</strong></span> <span class='ocrx_word' id='word_1_87' title='bbox 686 1125 823 1204; x_wconf 75' lang='lat' dir='ltr'><strong>Bagdata</strong></span> <span class='ocrx_word' id='word_1_88' title='bbox 847 1124 901 1185; x_wconf 77' lang='lat' dir='ltr'><strong>Jn·</strong></span> 
     </span>
     <span class='ocr_line' id='line_1_11' title="bbox 99 1216 900 1296; baseline -0.014 -11"><span class='ocrx_word' id='word_1_89' title='bbox 99 1226 250 1285; x_wconf 81' lang='lat' dir='ltr'><strong>corclceitz</strong></span> <span class='ocrx_word' id='word_1_90' title='bbox 271 1222 405 1282; x_wconf 79' lang='lat' dir='ltr'><strong>Bclrdoi.</strong></span> <span class='ocrx_word' id='word_1_91' title='bbox 457 1218 568 1281; x_wconf 76' lang='lat' dir='ltr'><strong>Wnsttt</strong></span> <span class='ocrx_word' id='word_1_92' title='bbox 590 1216 788 1296; x_wconf 73' lang='lat' dir='ltr'><strong>Gregorcaitz</strong></span> <span class='ocrx_word' id='word_1_93' title='bbox 807 1216 900 1277; x_wconf 78' lang='lat' dir='ltr'><strong>Sasu-</strong></span> 
     </span>
     <span class='ocr_line' id='line_1_12' title="bbox 98 1307 900 1393; baseline -0.015 -15"><span class='ocrx_word' id='word_1_94' title='bbox 98 1322 156 1388; x_wconf 78' lang='lat' dir='ltr'><strong>ain,</strong></span> <span class='ocrx_word' id='word_1_95' title='bbox 178 1318 342 1393; x_wconf 74' lang='lat' dir='ltr'><strong>Dementep</strong></span> <span class='ocrx_word' id='word_1_96' title='bbox 362 1312 523 1370; x_wconf 75' lang='lat' dir='ltr'><strong>Irenaoeitz</strong></span> <span class='ocrx_word' id='word_1_97' title='bbox 544 1308 757 1377; x_wconf 78' lang='lat' dir='ltr'><strong>Surreraircia,</strong></span> <span class='ocrx_word' id='word_1_98' title='bbox 778 1307 900 1367; x_wconf 86' lang='lat' dir='ltr'><strong>Cancel-</strong></span> 
     </span>
     <span class='ocr_line' id='line_1_13' title="bbox 98 1399 900 1483; baseline -0.011 -16"><span class='ocrx_word' id='word_1_99' title='bbox 98 1412 189 1469; x_wconf 87' lang='lat' dir='ltr'><strong>larius</strong></span> <span class='ocrx_word' id='word_1_100' title='bbox 216 1404 343 1483; x_wconf 68' lang='lat' dir='ltr'><strong>anerey</strong></span> <span class='ocrx_word' id='word_1_101' title='bbox 362 1402 550 1463; x_wconf 79' lang='lat' dir='ltr'><strong>Incomlecitz</strong></span> <span class='ocrx_word' id='word_1_102' title='bbox 563 1400 739 1481; x_wconf 79' lang='lat' dir='ltr'><strong>Srrldaaoff,</strong></span> <span class='ocrx_word' id='word_1_103' title='bbox 772 1404 804 1459; x_wconf 90' lang='lat' dir='ltr'><strong>et</strong></span> <span class='ocrx_word' id='word_1_104' title='bbox 825 1399 900 1459; x_wconf 84' lang='lat' dir='ltr'><strong>Cau·</strong></span> 
     </span>
     <span class='ocr_line' id='line_1_14' title="bbox 98 1492 902 1572; baseline -0.012 -14"><span class='ocrx_word' id='word_1_105' title='bbox 98 1500 236 1557; x_wconf 88' lang='lat' dir='ltr'><strong>cellarius</strong></span> <span class='ocrx_word' id='word_1_106' title='bbox 248 1494 366 1555; x_wconf 81' lang='lat' dir='ltr'><strong>Anrlrci</strong></span> <span class='ocrx_word' id='word_1_107' title='bbox 380 1494 559 1557; x_wconf 74' lang='lat' dir='ltr'><strong>Wnailicaea</strong></span> <span class='ocrx_word' id='word_1_108' title='bbox 576 1492 805 1572; x_wconf 75' lang='lat' dir='ltr'><strong>Terrescddiaa,</strong></span> <span class='ocrx_word' id='word_1_109' title='bbox 826 1510 902 1571; x_wconf 89' lang='lat' dir='ltr'><strong>quos</strong></span> 
     </span>
     <span class='ocr_line' id='line_1_15' title="bbox 98 1583 901 1666; baseline -0.011 -17"><span class='ocrx_word' id='word_1_110' title='bbox 98 1590 136 1649; x_wconf 91' lang='lat' dir='ltr'><strong>ad</strong></span> <span class='ocrx_word' id='word_1_111' title='bbox 158 1588 311 1666; x_wconf 75' lang='lat' dir='ltr'><strong>negocium</strong></span> <span class='ocrx_word' id='word_1_112' title='bbox 333 1593 463 1649; x_wconf 88' lang='lat' dir='ltr'><strong>nostrum</strong></span> <span class='ocrx_word' id='word_1_113' title='bbox 479 1586 622 1655; x_wconf 86' lang='lat' dir='ltr'><strong>adhibuit,</strong></span> <span class='ocrx_word' id='word_1_114' title='bbox 642 1606 708 1643; x_wconf 90' lang='lat' dir='ltr'><strong>cnm</strong></span> <span class='ocrx_word' id='word_1_115' title='bbox 722 1583 771 1644; x_wconf 85' lang='lat' dir='ltr'><strong>bis</strong></span> <span class='ocrx_word' id='word_1_116' title='bbox 783 1586 901 1641; x_wconf 83' lang='lat' dir='ltr'><strong>entem·</strong></span> 
     </span>
     <span class='ocr_line' id='line_1_16' title="bbox 99 1674 901 1759; baseline -0.009 -22"><span class='ocrx_word' id='word_1_117' title='bbox 99 1702 169 1759; x_wconf 72' lang='lat' dir='ltr'><strong>pene</strong></span> <span class='ocrx_word' id='word_1_118' title='bbox 190 1679 355 1738; x_wconf 81' lang='lat' dir='ltr'><strong>conversati</strong></span> <span class='ocrx_word' id='word_1_119' title='bbox 374 1698 493 1749; x_wconf 76' lang='lat' dir='ltr'><strong>sumus,</strong></span> <span class='ocrx_word' id='word_1_120' title='bbox 518 1674 617 1757; x_wconf 85' lang='lat' dir='ltr'><strong>quoad</strong></span> <span class='ocrx_word' id='word_1_121' title='bbox 643 1674 756 1755; x_wconf 84' lang='lat' dir='ltr'><strong>praadll</strong></span> <span class='ocrx_word' id='word_1_122' title='bbox 783 1678 901 1751; x_wconf 79' lang='lat' dir='ltr'><strong>tempus</strong></span> 
     </span>
     <span class='ocr_line' id='line_1_17' title="bbox 100 1776 233 1831; baseline -0.008 -1"><span class='ocrx_word' id='word_1_123' title='bbox 100 1776 233 1831; x_wconf 88' lang='lat' dir='ltr'><strong>instaret.</strong></span> 
     </span>
    </p>

    <p class='ocr_par' dir='ltr' id='par_1_6' title="bbox 99 1856 903 3015">
     <span class='ocr_line' id='line_1_18' title="bbox 176 1856 901 1939; baseline -0.015 -16"><span class='ocrx_word' id='word_1_124' title='bbox 176 1864 253 1923; x_wconf 88' lang='lat' dir='ltr'><strong>lliae</strong></span> <span class='ocrx_word' id='word_1_125' title='bbox 274 1860 324 1921; x_wconf 92' lang='lat' dir='ltr'><strong>ubi</strong></span> <span class='ocrx_word' id='word_1_126' title='bbox 344 1859 492 1920; x_wconf 85' lang='lat' dir='ltr'><strong>adlocuta</strong></span> <span class='ocrx_word' id='word_1_127' title='bbox 511 1858 636 1939; x_wconf 73' lang='lat' dir='ltr'><strong>priorem</strong></span> <span class='ocrx_word' id='word_1_128' title='bbox 657 1856 775 1915; x_wconf 87' lang='lat' dir='ltr'><strong>deducti</strong></span> <span class='ocrx_word' id='word_1_129' title='bbox 787 1874 901 1923; x_wconf 86' lang='lat' dir='ltr'><strong>sumus,</strong></span> 
     </span>
     <span class='ocr_line' id='line_1_19' title="bbox 101 1946 901 2033; baseline -0.015 -18"><span class='ocrx_word' id='word_1_130' title='bbox 101 1960 259 2033; x_wconf 92' lang='lat' dir='ltr'><strong>lmperntor</strong></span> <span class='ocrx_word' id='word_1_131' title='bbox 276 1972 368 2029; x_wconf 85' lang='lat' dir='ltr'><strong>supra</strong></span> <span class='ocrx_word' id='word_1_132' title='bbox 386 1952 475 2011; x_wconf 76' lang='lat' dir='ltr'><strong>salitam</strong></span> <span class='ocrx_word' id='word_1_133' title='bbox 496 1948 683 2009; x_wconf 78' lang='lat' dir='ltr'><strong>arcenlrn&#39;eral:</strong></span> <span class='ocrx_word' id='word_1_134' title='bbox 704 1948 839 2025; x_wconf 82' lang='lat' dir='ltr'><strong>deposita</strong></span> <span class='ocrx_word' id='word_1_135' title='bbox 852 1946 901 2006; x_wconf 92' lang='lat' dir='ltr'><strong>illa</strong></span> 
     </span>
     <span class='ocr_line' id='line_1_20' title="bbox 101 2041 903 2126; baseline -0.014 -21"><span class='ocrx_word' id='word_1_136' title='bbox 101 2053 186 2105; x_wconf 80' lang='lat' dir='ltr'><strong>vesle</strong></span> <span class='ocrx_word' id='word_1_137' title='bbox 206 2046 343 2126; x_wconf 90' lang='lat' dir='ltr'><strong>preciosa</strong></span> <span class='ocrx_word' id='word_1_138' title='bbox 360 2046 575 2121; x_wconf 87' lang='lat' dir='ltr'><strong>assumptaque</strong></span> <span class='ocrx_word' id='word_1_139' title='bbox 594 2042 652 2101; x_wconf 91' lang='lat' dir='ltr'><strong>alia</strong></span> <span class='ocrx_word' id='word_1_140' title='bbox 678 2060 714 2100; x_wconf 79' lang='lat' dir='ltr'><strong>ex</strong></span> <span class='ocrx_word' id='word_1_141' title='bbox 739 2041 833 2117; x_wconf 78' lang='lat' dir='ltr'><strong>bysso</strong></span> <span class='ocrx_word' id='word_1_142' title='bbox 856 2055 903 2095; x_wconf 89' lang='lat' dir='ltr'><strong>co·</strong></span> 
     </span>
     <span class='ocr_line' id='line_1_21' title="bbox 100 2128 903 2213; baseline -0.016 -16"><span class='ocrx_word' id='word_1_143' title='bbox 100 2139 172 2197; x_wconf 91' lang='lat' dir='ltr'><strong>loris</strong></span> <span class='ocrx_word' id='word_1_144' title='bbox 192 2138 279 2207; x_wconf 87' lang='lat' dir='ltr'><strong>lusci,</strong></span> <span class='ocrx_word' id='word_1_145' title='bbox 298 2136 394 2212; x_wconf 87' lang='lat' dir='ltr'><strong>capite</strong></span> <span class='ocrx_word' id='word_1_146' title='bbox 405 2134 484 2213; x_wconf 91' lang='lat' dir='ltr'><strong>pileo</strong></span> <span class='ocrx_word' id='word_1_147' title='bbox 503 2152 542 2191; x_wconf 82' lang='lat' dir='ltr'><strong>ex</strong></span> <span class='ocrx_word' id='word_1_148' title='bbox 559 2152 656 2209; x_wconf 92' lang='lat' dir='ltr'><strong>panno</strong></span> <span class='ocrx_word' id='word_1_149' title='bbox 668 2131 755 2190; x_wconf 82' lang='lat' dir='ltr'><strong>rrdno</strong></span> <span class='ocrx_word' id='word_1_150' title='bbox 767 2128 903 2207; x_wconf 78' lang='lat' dir='ltr'><strong>gemnis·</strong></span> 
     </span>
     <span class='ocr_line' id='line_1_22' title="bbox 100 2221 901 2307; baseline -0.012 -18"><span class='ocrx_word' id='word_1_151' title='bbox 100 2250 159 2307; x_wconf 88' lang='lat' dir='ltr'><strong>que</strong></span> <span class='ocrx_word' id='word_1_152' title='bbox 178 2234 281 2288; x_wconf 89' lang='lat' dir='ltr'><strong>ornato</strong></span> <span class='ocrx_word' id='word_1_153' title='bbox 301 2230 401 2285; x_wconf 80' lang='lat' dir='ltr'><strong>tecto:</strong></span> <span class='ocrx_word' id='word_1_154' title='bbox 421 2224 499 2283; x_wconf 84' lang='lat' dir='ltr'><strong>lilius</strong></span> <span class='ocrx_word' id='word_1_155' title='bbox 518 2221 618 2281; x_wconf 83' lang='lat' dir='ltr'><strong>ltldem</strong></span> <span class='ocrx_word' id='word_1_156' title='bbox 631 2224 729 2281; x_wconf 93' lang='lat' dir='ltr'><strong>tnnicn</strong></span> <span class='ocrx_word' id='word_1_157' title='bbox 744 2222 839 2299; x_wconf 77' lang='lat' dir='ltr'><strong>priene</strong></span> <span class='ocrx_word' id='word_1_158' title='bbox 854 2240 901 2279; x_wconf 83' lang='lat' dir='ltr'><strong>se·</strong></span> 
     </span>
     <span class='ocr_line' id='line_1_23' title="bbox 100 2312 902 2405; baseline -0.014 -28"><span class='ocrx_word' id='word_1_159' title='bbox 100 2320 198 2399; x_wconf 90' lang='lat' dir='ltr'><strong>posita</strong></span> <span class='ocrx_word' id='word_1_160' title='bbox 223 2317 319 2377; x_wconf 74' lang='lat' dir='ltr'><strong>alliam</strong></span> <span class='ocrx_word' id='word_1_161' title='bbox 342 2314 486 2405; x_wconf 81' lang='lat' dir='ltr'><strong>induerqt,</strong></span> <span class='ocrx_word' id='word_1_162' title='bbox 504 2315 582 2373; x_wconf 83' lang='lat' dir='ltr'><strong>sicul</strong></span> <span class='ocrx_word' id='word_1_163' title='bbox 602 2322 633 2371; x_wconf 91' lang='lat' dir='ltr'><strong>et</strong></span> <span class='ocrx_word' id='word_1_164' title='bbox 651 2312 778 2395; x_wconf 86' lang='lat' dir='ltr'><strong>Bajores</strong></span> <span class='ocrx_word' id='word_1_165' title='bbox 797 2330 902 2370; x_wconf 85' lang='lat' dir='ltr'><strong>omnes</strong></span> 
     </span>
     <span class='ocr_line' id='line_1_24' title="bbox 101 2402 901 2481; baseline -0.01 -14"><span class='ocrx_word' id='word_1_166' title='bbox 101 2412 251 2468; x_wconf 77' lang='lat' dir='ltr'><strong>vilioribus</strong></span> <span class='ocrx_word' id='word_1_167' title='bbox 271 2411 354 2467; x_wconf 90' lang='lat' dir='ltr'><strong>crant</strong></span> <span class='ocrx_word' id='word_1_168' title='bbox 373 2407 470 2465; x_wconf 84' lang='lat' dir='ltr'><strong>amicti</strong></span> <span class='ocrx_word' id='word_1_169' title='bbox 492 2405 636 2473; x_wconf 81' lang='lat' dir='ltr'><strong>restibus,</strong></span> <span class='ocrx_word' id='word_1_170' title='bbox 657 2404 811 2481; x_wconf 83' lang='lat' dir='ltr'><strong>purpureis</strong></span> <span class='ocrx_word' id='word_1_171' title='bbox 833 2402 901 2470; x_wconf 85' lang='lat' dir='ltr'><strong>illis,</strong></span> 
     </span>
     <span class='ocr_line' id='line_1_25' title="bbox 99 2494 902 2578; baseline -0.009 -21"><span class='ocrx_word' id='word_1_172' title='bbox 99 2520 177 2578; x_wconf 71' lang='lat' dir='ltr'><strong>cquae</strong></span> <span class='ocrx_word' id='word_1_173' title='bbox 199 2499 384 2577; x_wconf 75' lang='lat' dir='ltr'><strong>inperatoris</strong></span> <span class='ocrx_word' id='word_1_174' title='bbox 403 2502 496 2567; x_wconf 91' lang='lat' dir='ltr'><strong>erant,</strong></span> <span class='ocrx_word' id='word_1_175' title='bbox 515 2516 621 2575; x_wconf 81' lang='lat' dir='ltr'><strong>aragne</strong></span> <span class='ocrx_word' id='word_1_176' title='bbox 640 2500 759 2571; x_wconf 87' lang='lat' dir='ltr'><strong>sumptu</strong></span> <span class='ocrx_word' id='word_1_177' title='bbox 778 2494 816 2555; x_wconf 87' lang='lat' dir='ltr'><strong>ab</strong></span> <span class='ocrx_word' id='word_1_178' title='bbox 836 2494 902 2569; x_wconf 88' lang='lat' dir='ltr'><strong>ipso</strong></span> 
     </span>
     <span class='ocr_line' id='line_1_26' title="bbox 99 2584 901 2666; baseline -0.012 -14"><span class='ocrx_word' id='word_1_179' title='bbox 99 2592 137 2653; x_wconf 90' lang='lat' dir='ltr'><strong>nd</strong></span> <span class='ocrx_word' id='word_1_180' title='bbox 159 2592 266 2651; x_wconf 87' lang='lat' dir='ltr'><strong>tastum</strong></span> <span class='ocrx_word' id='word_1_181' title='bbox 287 2595 318 2649; x_wconf 88' lang='lat' dir='ltr'><strong>et</strong></span> <span class='ocrx_word' id='word_1_182' title='bbox 339 2590 581 2666; x_wconf 83' lang='lat' dir='ltr'><strong>magniliceutinm</strong></span> <span class='ocrx_word' id='word_1_183' title='bbox 594 2607 677 2647; x_wconf 88' lang='lat' dir='ltr'><strong>suam</strong></span> <span class='ocrx_word' id='word_1_184' title='bbox 695 2584 901 2645; x_wconf 87' lang='lat' dir='ltr'><strong>ostentandam</strong></span> 
     </span>
     <span class='ocr_line' id='line_1_27' title="bbox 100 2675 902 2763; baseline -0.01 -22"><span class='ocrx_word' id='word_1_185' title='bbox 100 2689 284 2762; x_wconf 84' lang='lat' dir='ltr'><strong>comparata,</strong></span> <span class='ocrx_word' id='word_1_186' title='bbox 306 2684 369 2763; x_wconf 81' lang='lat' dir='ltr'><strong>jam</strong></span> <span class='ocrx_word' id='word_1_187' title='bbox 394 2680 571 2739; x_wconf 75' lang='lat' dir='ltr'><strong>reservatist</strong></span> <span class='ocrx_word' id='word_1_188' title='bbox 595 2676 698 2737; x_wconf 84' lang='lat' dir='ltr'><strong>lterum</strong></span> <span class='ocrx_word' id='word_1_189' title='bbox 719 2678 795 2736; x_wconf 89' lang='lat' dir='ltr'><strong>bene</strong></span> <span class='ocrx_word' id='word_1_190' title='bbox 821 2675 902 2735; x_wconf 90' lang='lat' dir='ltr'><strong>multi</strong></span> 
     </span>
     <span class='ocr_line' id='line_1_28' title="bbox 101 2767 902 2833; baseline -0.012 0"><span class='ocrx_word' id='word_1_191' title='bbox 101 2778 130 2833; x_wconf 89' lang='lat' dir='ltr'><strong>ia</strong></span> <span class='ocrx_word' id='word_1_192' title='bbox 151 2774 207 2833; x_wconf 89' lang='lat' dir='ltr'><strong>boe</strong></span> <span class='ocrx_word' id='word_1_193' title='bbox 226 2774 391 2833; x_wconf 69' lang='lat' dir='ltr'><strong>conciviu-</strong></span> <span class='ocrx_word' id='word_1_194' title='bbox 410 2770 607 2831; x_wconf 68' lang='lat' dir='ltr'><strong>adhibeantur</strong></span> <span class='ocrx_word' id='word_1_195' title='bbox 626 2770 739 2829; x_wconf 83' lang='lat' dir='ltr'><strong>mensis</strong></span> <span class='ocrx_word' id='word_1_196' title='bbox 762 2767 830 2828; x_wconf 86' lang='lat' dir='ltr'><strong>aliis</strong></span> <span class='ocrx_word' id='word_1_197' title='bbox 855 2786 902 2827; x_wconf 88' lang='lat' dir='ltr'><strong>as-</strong></span> 
     </span>
     <span class='ocr_line' id='line_1_29' title="bbox 100 2860 903 2941; baseline -0.006 -18"><span class='ocrx_word' id='word_1_198' title='bbox 100 2866 249 2933; x_wconf 85' lang='lat' dir='ltr'><strong>sidentes,</strong></span> <span class='ocrx_word' id='word_1_199' title='bbox 274 2866 361 2923; x_wconf 74' lang='lat' dir='ltr'><strong>indiis</strong></span> <span class='ocrx_word' id='word_1_200' title='bbox 385 2884 455 2921; x_wconf 71' lang='lat' dir='ltr'><strong>vcro</strong></span> <span class='ocrx_word' id='word_1_201' title='bbox 482 2884 499 2921; x_wconf 92' lang='lat' dir='ltr'><strong>e</strong></span> <span class='ocrx_word' id='word_1_202' title='bbox 526 2862 645 2939; x_wconf 77' lang='lat' dir='ltr'><strong>regione</strong></span> <span class='ocrx_word' id='word_1_203' title='bbox 672 2860 861 2941; x_wconf 68' lang='lat' dir='ltr'><strong>luperalocis</strong></span> <span class='ocrx_word' id='word_1_204' title='bbox 884 2878 903 2918; x_wconf 88' lang='lat' dir='ltr'><strong>a</strong></span> 
     </span>
     <span class='ocr_line' id='line_1_30' title="bbox 101 2955 572 3015; baseline 0.004 -2"><span class='ocrx_word' id='word_1_205' title='bbox 101 2976 188 3014; x_wconf 85' lang='lat' dir='ltr'><strong>manu</strong></span> <span class='ocrx_word' id='word_1_206' title='bbox 208 2957 328 3014; x_wconf 85' lang='lat' dir='ltr'><strong>sinistra</strong></span> <span class='ocrx_word' id='word_1_207' title='bbox 348 2955 572 3015; x_wconf 82' lang='lat' dir='ltr'><strong>accubantibus.</strong></span> 
     </span>
    </p>

    <p class='ocr_par' dir='ltr' id='par_1_7' title="bbox 74 3044 902 4215">
     <span class='ocr_line' id='line_1_31' title="bbox 176 3044 901 3103; baseline 0 0"><span class='ocrx_word' id='word_1_208' title='bbox 176 3045 245 3103; x_wconf 81' lang='lat' dir='ltr'><strong>linx</strong></span> <span class='ocrx_word' id='word_1_209' title='bbox 270 3046 337 3101; x_wconf 88' lang='lat' dir='ltr'><strong>cibo</strong></span> <span class='ocrx_word' id='word_1_210' title='bbox 366 3044 493 3103; x_wconf 83' lang='lat' dir='ltr'><strong>trundum</strong></span> <span class='ocrx_word' id='word_1_211' title='bbox 524 3044 614 3103; x_wconf 88' lang='lat' dir='ltr'><strong>allato</strong></span> <span class='ocrx_word' id='word_1_212' title='bbox 640 3044 736 3101; x_wconf 76' lang='lat' dir='ltr'><strong>vinum</strong></span> <span class='ocrx_word' id='word_1_213' title='bbox 763 3045 901 3103; x_wconf 85' lang='lat' dir='ltr'><strong>sublima-</strong></span> 
     </span>
     <span class='ocr_line' id='line_1_32' title="bbox 100 3134 900 3213; baseline 0 -20"><span class='ocrx_word' id='word_1_214' title='bbox 100 3139 188 3195; x_wconf 86' lang='lat' dir='ltr'><strong>tierrm</strong></span> <span class='ocrx_word' id='word_1_215' title='bbox 209 3135 338 3202; x_wconf 85' lang='lat' dir='ltr'><strong>bibebat,</strong></span> <span class='ocrx_word' id='word_1_216' title='bbox 358 3134 465 3193; x_wconf 86' lang='lat' dir='ltr'><strong>deinde</strong></span> <span class='ocrx_word' id='word_1_217' title='bbox 491 3136 613 3193; x_wconf 81' lang='lat' dir='ltr'><strong>mirristri</strong></span> <span class='ocrx_word' id='word_1_218' title='bbox 642 3136 710 3213; x_wconf 80' lang='lat' dir='ltr'><strong>ejtm</strong></span> <span class='ocrx_word' id='word_1_219' title='bbox 735 3134 831 3191; x_wconf 86' lang='lat' dir='ltr'><strong>eibum</strong></span> <span class='ocrx_word' id='word_1_220' title='bbox 851 3155 900 3213; x_wconf 83' lang='lat' dir='ltr'><strong>ap·</strong></span> 
     </span>
     <span class='ocr_line' id='line_1_33' title="bbox 100 3224 900 3307; baseline -0.005 -22"><span class='ocrx_word' id='word_1_221' title='bbox 100 3232 252 3307; x_wconf 82' lang='lat' dir='ltr'><strong>portantes</strong></span> <span class='ocrx_word' id='word_1_222' title='bbox 270 3232 357 3303; x_wconf 80' lang='lat' dir='ltr'><strong>prrmt</strong></span> <span class='ocrx_word' id='word_1_223' title='bbox 376 3227 495 3305; x_wconf 85' lang='lat' dir='ltr'><strong>patinas</strong></span> <span class='ocrx_word' id='word_1_224' title='bbox 520 3246 559 3293; x_wconf 81' lang='lat' dir='ltr'><strong>ex</strong></span> <span class='ocrx_word' id='word_1_225' title='bbox 586 3224 689 3283; x_wconf 88' lang='lat' dir='ltr'><strong>ordine</strong></span> <span class='ocrx_word' id='word_1_226' title='bbox 713 3243 818 3283; x_wconf 86' lang='lat' dir='ltr'><strong>omnes</strong></span> <span class='ocrx_word' id='word_1_227' title='bbox 843 3226 900 3301; x_wconf 88' lang='lat' dir='ltr'><strong>ipsi</strong></span> 
     </span>
     <span class='ocr_line' id='line_1_34' title="bbox 100 3313 902 3396; baseline -0.002 -21"><span class='ocrx_word' id='word_1_228' title='bbox 100 3321 340 3396; x_wconf 87' lang='lat' dir='ltr'><strong>praeposuerunt,</strong></span> <span class='ocrx_word' id='word_1_229' title='bbox 359 3316 400 3374; x_wconf 90' lang='lat' dir='ltr'><strong>ita</strong></span> <span class='ocrx_word' id='word_1_230' title='bbox 420 3318 495 3375; x_wconf 90' lang='lat' dir='ltr'><strong>inter</strong></span> <span class='ocrx_word' id='word_1_231' title='bbox 516 3313 642 3395; x_wconf 83' lang='lat' dir='ltr'><strong>llnjores</strong></span> <span class='ocrx_word' id='word_1_232' title='bbox 661 3316 735 3372; x_wconf 75' lang='lat' dir='ltr'><strong>suos</strong></span> <span class='ocrx_word' id='word_1_233' title='bbox 753 3314 902 3375; x_wconf 80' lang='lat' dir='ltr'><strong>distribuit</strong></span> 
     </span>
     <span class='ocr_line' id='line_1_35' title="bbox 99 3406 900 3489; baseline -0.001 -23"><span class='ocrx_word' id='word_1_234' title='bbox 99 3410 282 3489; x_wconf 75' lang='lat' dir='ltr'><strong>primumque</strong></span> <span class='ocrx_word' id='word_1_235' title='bbox 320 3406 460 3464; x_wconf 79' lang='lat' dir='ltr'><strong>ferculum</strong></span> <span class='ocrx_word' id='word_1_236' title='bbox 487 3424 626 3481; x_wconf 68' lang='lat' dir='ltr'><strong>supremo</strong></span> <span class='ocrx_word' id='word_1_237' title='bbox 653 3426 709 3463; x_wconf 86' lang='lat' dir='ltr'><strong>sno</strong></span> <span class='ocrx_word' id='word_1_238' title='bbox 736 3406 900 3485; x_wconf 69' lang='lat' dir='ltr'><strong>capitaneo</strong></span> 
     </span>
     <span class='ocr_line' id='line_1_36' title="bbox 74 3496 900 3576; baseline -0.004 -17"><span class='ocrx_word' id='word_1_239' title='bbox 74 3500 183 3573; x_wconf 79' lang='lat' dir='ltr'><strong>,Kner</strong></span> <span class='ocrx_word' id='word_1_240' title='bbox 216 3496 301 3557; x_wconf 84' lang='grc' dir='ltr'>Ιιιιιιι</span> <span class='ocrx_word' id='word_1_241' title='bbox 340 3496 520 3557; x_wconf 78' lang='lat' dir='ltr'><strong>Fertoroeitz</strong></span> <span class='ocrx_word' id='word_1_242' title='bbox 551 3496 704 3575; x_wconf 73' lang='lat' dir='ltr'><strong>stttoffstt</strong></span> <span class='ocrx_word' id='word_1_243' title='bbox 733 3499 821 3567; x_wconf 84' lang='lat' dir='ltr'><strong>arisit,</strong></span> <span class='ocrx_word' id='word_1_244' title='bbox 851 3500 900 3576; x_wconf 89' lang='lat' dir='ltr'><strong>qni</strong></span> 
     </span>
     <span class='ocr_line' id='line_1_37' title="bbox 100 3586 899 3669; baseline -0.004 -20"><span class='ocrx_word' id='word_1_245' title='bbox 100 3590 224 3649; x_wconf 74' lang='lat' dir='ltr'><strong>maximo</strong></span> <span class='ocrx_word' id='word_1_246' title='bbox 245 3588 274 3647; x_wconf 91' lang='lat' dir='ltr'><strong>id</strong></span> <span class='ocrx_word' id='word_1_247' title='bbox 294 3586 406 3645; x_wconf 86' lang='lat' dir='ltr'><strong>bonore</strong></span> <span class='ocrx_word' id='word_1_248' title='bbox 424 3588 548 3663; x_wconf 84' lang='lat' dir='ltr'><strong>aceepit,</strong></span> <span class='ocrx_word' id='word_1_249' title='bbox 569 3590 796 3665; x_wconf 70' lang='lat' dir='ltr'><strong>assurgentibus</strong></span> <span class='ocrx_word' id='word_1_250' title='bbox 811 3588 899 3669; x_wconf 85' lang='lat' dir='ltr'><strong>Bajo·</strong></span> 
     </span>
     <span class='ocr_line' id='line_1_38' title="bbox 99 3668 901 3757; baseline -0.002 -16"><span class='ocrx_word' id='word_1_251' title='bbox 99 3683 181 3741; x_wconf 85' lang='lat' dir='ltr'><strong>ribus</strong></span> <span class='ocrx_word' id='word_1_252' title='bbox 198 3680 344 3747; x_wconf 79' lang='lat' dir='ltr'><strong>omnibns,</strong></span> <span class='ocrx_word' id='word_1_253' title='bbox 360 3678 485 3757; x_wconf 70' lang='lat' dir='ltr'><strong>alterum</strong></span> <span class='ocrx_word' id='word_1_254' title='bbox 504 3698 614 3755; x_wconf 90' lang='lat' dir='ltr'><strong>genero</strong></span> <span class='ocrx_word' id='word_1_255' title='bbox 633 3698 689 3737; x_wconf 89' lang='lat' dir='ltr'><strong>suo</strong></span> <span class='ocrx_word' id='word_1_256' title='bbox 709 3678 821 3739; x_wconf 78' lang='lat' dir='ltr'><strong>attcttt</strong></span> <span class='ocrx_word' id='word_1_257' title='bbox 841 3668 901 3739; x_wconf 72' lang='lat' dir='ltr'><strong>Ida-</strong></span> 
     </span>
     <span class='ocr_line' id='line_1_39' title="bbox 100 3770 901 3849; baseline -0.002 -18"><span class='ocrx_word' id='word_1_258' title='bbox 100 3776 228 3835; x_wconf 78' lang='grc' dir='ltr'>ιιιιιιιιιίι.</span> <span class='ocrx_word' id='word_1_259' title='bbox 249 3772 298 3849; x_wconf 91' lang='lat' dir='ltr'><strong>qni</strong></span> <span class='ocrx_word' id='word_1_260' title='bbox 320 3770 422 3829; x_wconf 81' lang='lat' dir='ltr'><strong>eadem</strong></span> <span class='ocrx_word' id='word_1_261' title='bbox 445 3770 652 3831; x_wconf 78' lang='lat' dir='ltr'><strong>observatione</strong></span> <span class='ocrx_word' id='word_1_262' title='bbox 670 3772 796 3849; x_wconf 83' lang='lat' dir='ltr'><strong>aceepit,</strong></span> <span class='ocrx_word' id='word_1_263' title='bbox 815 3772 901 3829; x_wconf 91' lang='lat' dir='ltr'><strong>tertio</strong></span> 
     </span>
     <span class='ocr_line' id='line_1_40' title="bbox 99 3860 901 3939; baseline -0.002 -16"><span class='ocrx_word' id='word_1_264' title='bbox 99 3886 145 3923; x_wconf 77' lang='lat' dir='ltr'><strong>ne</strong></span> <span class='ocrx_word' id='word_1_265' title='bbox 174 3872 222 3923; x_wconf 85' lang='lat' dir='ltr'><strong>est</strong></span> <span class='ocrx_word' id='word_1_266' title='bbox 249 3860 402 3939; x_wconf 86' lang='lat' dir='ltr'><strong>dignatus,</strong></span> <span class='ocrx_word' id='word_1_267' title='bbox 426 3862 623 3939; x_wconf 86' lang='lat' dir='ltr'><strong>sequentibus</strong></span> <span class='ocrx_word' id='word_1_268' title='bbox 643 3862 827 3939; x_wconf 74' lang='lat' dir='ltr'><strong>(inegerium,</strong></span> <span class='ocrx_word' id='word_1_269' title='bbox 847 3862 901 3921; x_wconf 86' lang='grc' dir='ltr'><strong>Δι-</strong></span> 
     </span>
     <span class='ocr_line' id='line_1_41' title="bbox 99 3954 900 4032; baseline -0.002 -19"><span class='ocrx_word' id='word_1_270' title='bbox 99 3956 233 4023; x_wconf 87' lang='grc' dir='ltr'>ιιιιΙιΙιιιιι,</span> <span class='ocrx_word' id='word_1_271' title='bbox 259 3959 443 4031; x_wconf 88' lang='lat' dir='ltr'><strong>cunctosque</strong></span> <span class='ocrx_word' id='word_1_272' title='bbox 476 3954 591 4011; x_wconf 77' lang='lat' dir='ltr'><strong>rrolriles</strong></span> <span class='ocrx_word' id='word_1_273' title='bbox 616 3954 762 4032; x_wconf 78' lang='lat' dir='ltr'><strong>reliquas:</strong></span> <span class='ocrx_word' id='word_1_274' title='bbox 787 3955 900 4013; x_wconf 85' lang='lat' dir='ltr'><strong>inlerira</strong></span> 
     </span>
     <span class='ocr_line' id='line_1_42' title="bbox 98 4042 899 4126; baseline -0.001 -21"><span class='ocrx_word' id='word_1_275' title='bbox 98 4066 152 4125; x_wconf 89' lang='lat' dir='ltr'><strong>per</strong></span> <span class='ocrx_word' id='word_1_276' title='bbox 170 4044 351 4103; x_wconf 80' lang='lat' dir='ltr'><strong>intervallum</strong></span> <span class='ocrx_word' id='word_1_277' title='bbox 372 4044 438 4103; x_wconf 87' lang='lat' dir='ltr'><strong>suis</strong></span> <span class='ocrx_word' id='word_1_278' title='bbox 464 4046 550 4104; x_wconf 76' lang='lat' dir='ltr'><strong>etiam</strong></span> <span class='ocrx_word' id='word_1_279' title='bbox 571 4042 730 4126; x_wconf 84' lang='lat' dir='ltr'><strong>Bajoribus</strong></span> <span class='ocrx_word' id='word_1_280' title='bbox 755 4042 899 4123; x_wconf 73' lang='lat' dir='ltr'><strong>quaedam</strong></span> 
     </span>
     <span class='ocr_line' id='line_1_43' title="bbox 98 4142 331 4215; baseline 0.017 -24"><span class='ocrx_word' id='word_1_281' title='bbox 98 4144 166 4194; x_wconf 85' lang='lat' dir='ltr'><strong>sunl</strong></span> <span class='ocrx_word' id='word_1_282' title='bbox 187 4142 331 4215; x_wconf 76' lang='lat' dir='ltr'><strong>qmtrtecta.</strong></span> 
     </span>
    </p>

    <p class='ocr_par' dir='ltr' id='par_1_8' title="bbox 96 4224 900 4752">
     <span class='ocr_line' id='line_1_44' title="bbox 176 4224 898 4293; baseline 0.003 -10"><span class='ocrx_word' id='word_1_283' title='bbox 176 4224 430 4293; x_wconf 78' lang='lat' dir='ltr'><strong>Quemadmodum</strong></span> <span class='ocrx_word' id='word_1_284' title='bbox 451 4233 547 4285; x_wconf 89' lang='lat' dir='ltr'><strong>aulem</strong></span> <span class='ocrx_word' id='word_1_285' title='bbox 569 4248 709 4286; x_wconf 77' lang='lat' dir='ltr'><strong>numerus</strong></span> <span class='ocrx_word' id='word_1_286' title='bbox 725 4227 898 4285; x_wconf 76' lang='lat' dir='ltr'><strong>serculorum</strong></span> 
     </span>
     <span class='ocr_line' id='line_1_45' title="bbox 98 4316 898 4381; baseline 0.003 -8"><span class='ocrx_word' id='word_1_287' title='bbox 98 4322 160 4373; x_wconf 88' lang='lat' dir='ltr'><strong>erat</strong></span> <span class='ocrx_word' id='word_1_288' title='bbox 182 4316 321 4381; x_wconf 83' lang='lat' dir='ltr'><strong>latinitas,</strong></span> <span class='ocrx_word' id='word_1_289' title='bbox 341 4318 385 4375; x_wconf 86' lang='lat' dir='ltr'><strong>sie</strong></span> <span class='ocrx_word' id='word_1_290' title='bbox 405 4317 491 4376; x_wconf 84' lang='lat' dir='ltr'><strong>etiam</strong></span> <span class='ocrx_word' id='word_1_291' title='bbox 504 4320 683 4376; x_wconf 85' lang='lat' dir='ltr'><strong>assurrectio</strong></span> <span class='ocrx_word' id='word_1_292' title='bbox 705 4317 819 4375; x_wconf 77' lang='lat' dir='ltr'><strong>nerlrrm</strong></span> <span class='ocrx_word' id='word_1_293' title='bbox 842 4339 898 4375; x_wconf 77' lang='lat' dir='ltr'><strong>raon</strong></span> 
     </span>
     <span class='ocr_line' id='line_1_46' title="bbox 99 4406 899 4484; baseline 0.005 -19"><span class='ocrx_word' id='word_1_294' title='bbox 99 4406 238 4473; x_wconf 85' lang='lat' dir='ltr'><strong>babebat,</strong></span> <span class='ocrx_word' id='word_1_295' title='bbox 258 4426 323 4465; x_wconf 87' lang='lat' dir='ltr'><strong>nam</strong></span> <span class='ocrx_word' id='word_1_296' title='bbox 346 4408 463 4484; x_wconf 88' lang='lat' dir='ltr'><strong>quoties</strong></span> <span class='ocrx_word' id='word_1_297' title='bbox 483 4427 519 4466; x_wconf 91' lang='lat' dir='ltr'><strong>ea</strong></span> <span class='ocrx_word' id='word_1_298' title='bbox 537 4409 723 4466; x_wconf 73' lang='lat' dir='ltr'><strong>mittebantur</strong></span> <span class='ocrx_word' id='word_1_299' title='bbox 743 4410 832 4466; x_wconf 85' lang='lat' dir='ltr'><strong>toties</strong></span> <span class='ocrx_word' id='word_1_300' title='bbox 852 4429 899 4469; x_wconf 87' lang='lat' dir='ltr'><strong>as·</strong></span> 
     </span>
     <span class='ocr_line' id='line_1_47' title="bbox 97 4495 900 4573; baseline -0.002 -15"><span class='ocrx_word' id='word_1_301' title='bbox 97 4496 273 4573; x_wconf 78' lang='lat' dir='ltr'><strong>surgendum</strong></span> <span class='ocrx_word' id='word_1_302' title='bbox 297 4498 383 4553; x_wconf 81' lang='lat' dir='ltr'><strong>rudris</strong></span> <span class='ocrx_word' id='word_1_303' title='bbox 403 4503 474 4563; x_wconf 88' lang='lat' dir='ltr'><strong>erat,</strong></span> <span class='ocrx_word' id='word_1_304' title='bbox 497 4495 586 4571; x_wconf 87' lang='lat' dir='ltr'><strong>idque</strong></span> <span class='ocrx_word' id='word_1_305' title='bbox 604 4498 652 4556; x_wconf 72' lang='lat' dir='ltr'><strong>tib.</strong></span> <span class='ocrx_word' id='word_1_306' title='bbox 674 4516 728 4553; x_wconf 84' lang='lat' dir='ltr'><strong>ace</strong></span> <span class='ocrx_word' id='word_1_307' title='bbox 744 4497 900 4556; x_wconf 83' lang='lat' dir='ltr'><strong>tlelueruttt</strong></span> 
     </span>
     <span class='ocr_line' id='line_1_48' title="bbox 96 4586 899 4669; baseline -0.005 -20"><span class='ocrx_word' id='word_1_308' title='bbox 96 4587 175 4669; x_wconf 81' lang='lat' dir='ltr'><strong>apud</strong></span> <span class='ocrx_word' id='word_1_309' title='bbox 194 4608 258 4651; x_wconf 75' lang='lat' dir='ltr'><strong>eris,</strong></span> <span class='ocrx_word' id='word_1_310' title='bbox 278 4588 327 4663; x_wconf 91' lang='lat' dir='ltr'><strong>qui</strong></span> <span class='ocrx_word' id='word_1_311' title='bbox 346 4587 453 4644; x_wconf 88' lang='lat' dir='ltr'><strong>acerbe</strong></span> <span class='ocrx_word' id='word_1_312' title='bbox 474 4587 503 4642; x_wconf 91' lang='lat' dir='ltr'><strong>in</strong></span> <span class='ocrx_word' id='word_1_313' title='bbox 524 4606 580 4643; x_wconf 90' lang='lat' dir='ltr'><strong>nos</strong></span> <span class='ocrx_word' id='word_1_314' title='bbox 599 4586 706 4642; x_wconf 80' lang='lat' dir='ltr'><strong>irnccti</strong></span> <span class='ocrx_word' id='word_1_315' title='bbox 727 4589 802 4647; x_wconf 90' lang='lat' dir='ltr'><strong>sint.</strong></span> <span class='ocrx_word' id='word_1_316' title='bbox 822 4608 899 4645; x_wconf 91' lang='lat' dir='ltr'><strong>man-</strong></span> 
     </span>
     <span class='ocr_line' id='line_1_49' title="bbox 96 4676 806 4752; baseline -0.004 -15"><span class='ocrx_word' id='word_1_317' title='bbox 96 4678 204 4739; x_wconf 86' lang='lat' dir='ltr'><strong>dantcs</strong></span> <span class='ocrx_word' id='word_1_318' title='bbox 223 4684 253 4734; x_wconf 94' lang='lat' dir='ltr'><strong>nl</strong></span> <span class='ocrx_word' id='word_1_319' title='bbox 275 4678 398 4735; x_wconf 79' lang='lat' dir='ltr'><strong>Caesari</strong></span> <span class='ocrx_word' id='word_1_320' title='bbox 420 4676 557 4733; x_wconf 84' lang='lat' dir='ltr'><strong>bonorem</strong></span> <span class='ocrx_word' id='word_1_321' title='bbox 578 4680 806 4752; x_wconf 81' lang='lat' dir='ltr'><strong>praestaremus.</strong></span> 
     </span>
    </p>

    <p class='ocr_par' dir='ltr' id='par_1_9' title="bbox 98 4764 899 5198">
     <span class='ocr_line' id='line_1_50' title="bbox 173 4764 899 4846; baseline 0.003 -21"><span class='ocrx_word' id='word_1_322' title='bbox 173 4767 269 4827; x_wconf 88' lang='lat' dir='ltr'><strong>Paulo</strong></span> <span class='ocrx_word' id='word_1_323' title='bbox 288 4774 356 4846; x_wconf 85' lang='lat' dir='ltr'><strong>post</strong></span> <span class='ocrx_word' id='word_1_324' title='bbox 377 4766 513 4845; x_wconf 90' lang='lat' dir='ltr'><strong>poculum</strong></span> <span class='ocrx_word' id='word_1_325' title='bbox 536 4764 631 4823; x_wconf 74' lang='lat' dir='ltr'><strong>mulso</strong></span> <span class='ocrx_word' id='word_1_326' title='bbox 652 4765 768 4841; x_wconf 86' lang='lat' dir='ltr'><strong>plenum</strong></span> <span class='ocrx_word' id='word_1_327' title='bbox 782 4786 800 4825; x_wconf 90' lang='lat' dir='ltr'><strong>a</strong></span> <span class='ocrx_word' id='word_1_328' title='bbox 813 4766 899 4827; x_wconf 87' lang='lat' dir='ltr'><strong>Duce</strong></span> 
     </span>
     <span class='ocr_line' id='line_1_51' title="bbox 98 4855 898 4925; baseline 0.006 -11"><span class='ocrx_word' id='word_1_329' title='bbox 98 4858 166 4914; x_wconf 79' lang='lat' dir='ltr'><strong>ntnt</strong></span> <span class='ocrx_word' id='word_1_330' title='bbox 187 4864 233 4915; x_wconf 87' lang='lat' dir='ltr'><strong>est</strong></span> <span class='ocrx_word' id='word_1_331' title='bbox 254 4860 387 4925; x_wconf 85' lang='lat' dir='ltr'><strong>missum,</strong></span> <span class='ocrx_word' id='word_1_332' title='bbox 405 4858 483 4915; x_wconf 89' lang='lat' dir='ltr'><strong>sicut</strong></span> <span class='ocrx_word' id='word_1_333' title='bbox 503 4862 533 4913; x_wconf 86' lang='lat' dir='ltr'><strong>et</strong></span> <span class='ocrx_word' id='word_1_334' title='bbox 553 4855 716 4915; x_wconf 87' lang='lat' dir='ltr'><strong>secundum</strong></span> <span class='ocrx_word' id='word_1_335' title='bbox 736 4856 794 4915; x_wconf 87' lang='lat' dir='ltr'><strong>alio</strong></span> <span class='ocrx_word' id='word_1_336' title='bbox 812 4859 898 4919; x_wconf 74' lang='lat' dir='ltr'><strong>uulsi</strong></span> 
     </span>
     <span class='ocr_line' id='line_1_52' title="bbox 98 4946 898 5025; baseline 0.013 -24"><span class='ocrx_word' id='word_1_337' title='bbox 98 4964 217 5019; x_wconf 81' lang='lat' dir='ltr'><strong>genere.</strong></span> <span class='ocrx_word' id='word_1_338' title='bbox 237 4954 343 5023; x_wconf 84' lang='lat' dir='ltr'><strong>postea</strong></span> <span class='ocrx_word' id='word_1_339' title='bbox 362 4948 419 5007; x_wconf 89' lang='lat' dir='ltr'><strong>sibi</strong></span> <span class='ocrx_word' id='word_1_340' title='bbox 440 4946 547 5006; x_wconf 78' lang='lat' dir='ltr'><strong>adferri</strong></span> <span class='ocrx_word' id='word_1_341' title='bbox 562 4947 657 5025; x_wconf 84' lang='lat' dir='ltr'><strong>jussit</strong></span> <span class='ocrx_word' id='word_1_342' title='bbox 676 4950 828 5009; x_wconf 64' lang='lat' dir='ltr'><strong>ramulum</strong></span> <span class='ocrx_word' id='word_1_343' title='bbox 848 4972 898 5011; x_wconf 89' lang='lat' dir='ltr'><strong>au·</strong></span> 
     </span>
     <span class='ocr_line' id='line_1_53' title="bbox 99 5034 897 5110; baseline 0.011 -20"><span class='ocrx_word' id='word_1_344' title='bbox 99 5051 179 5091; x_wconf 76' lang='lat' dir='ltr'><strong>reum</strong></span> <span class='ocrx_word' id='word_1_345' title='bbox 210 5035 240 5090; x_wconf 94' lang='lat' dir='ltr'><strong>in</strong></span> <span class='ocrx_word' id='word_1_346' title='bbox 251 5034 330 5110; x_wconf 87' lang='lat' dir='ltr'><strong>quod</strong></span> <span class='ocrx_word' id='word_1_347' title='bbox 347 5036 458 5095; x_wconf 76' lang='lat' dir='ltr'><strong>irritandi</strong></span> <span class='ocrx_word' id='word_1_348' title='bbox 473 5038 583 5097; x_wconf 78' lang='lat' dir='ltr'><strong>curarit</strong></span> <span class='ocrx_word' id='word_1_349' title='bbox 598 5038 694 5098; x_wconf 83' lang='lat' dir='ltr'><strong>riuum</strong></span> <span class='ocrx_word' id='word_1_350' title='bbox 705 5036 897 5101; x_wconf 76' lang='lat' dir='ltr'><strong>lllartisinun</strong></span> 
     </span>
     <span class='ocr_line' id='line_1_54' title="bbox 99 5120 896 5198; baseline 0.018 -21"><span class='ocrx_word' id='word_1_351' title='bbox 99 5120 178 5197; x_wconf 89' lang='lat' dir='ltr'><strong>quod</strong></span> <span class='ocrx_word' id='word_1_352' title='bbox 209 5126 364 5198; x_wconf 75' lang='lat' dir='ltr'><strong>postquam</strong></span> <span class='ocrx_word' id='word_1_353' title='bbox 391 5128 433 5183; x_wconf 91' lang='lat' dir='ltr'><strong>ori</strong></span> <span class='ocrx_word' id='word_1_354' title='bbox 459 5126 651 5191; x_wconf 75' lang='lat' dir='ltr'><strong>admovisset.</strong></span> <span class='ocrx_word' id='word_1_355' title='bbox 678 5128 747 5189; x_wconf 84' lang='lat' dir='ltr'><strong>mibi</strong></span> <span class='ocrx_word' id='word_1_356' title='bbox 780 5139 810 5189; x_wconf 89' lang='lat' dir='ltr'><strong>et</strong></span> <span class='ocrx_word' id='word_1_357' title='bbox 841 5130 896 5191; x_wconf 86' lang='lat' dir='ltr'><strong>boc</strong></span> 
     </span>
    </p>
   </div>
   <div class='ocr_carea' id='block_1_4' title="bbox 956 854 1765 5208">
    <p class='ocr_par' dir='ltr' id='par_1_10' title="bbox 959 854 1396 933">
     <span class='ocr_line' id='line_1_55' title="bbox 959 854 1396 933; baseline 0.005 -23"><span class='ocrx_word' id='word_1_358' title='bbox 959 856 1100 933; x_wconf 68' lang='lat' dir='ltr'><strong>guttulam</strong></span> <span class='ocrx_word' id='word_1_359' title='bbox 1121 854 1238 932; x_wconf 80' lang='lat' dir='ltr'><strong>quidem</strong></span> <span class='ocrx_word' id='word_1_360' title='bbox 1258 856 1396 933; x_wconf 81' lang='lat' dir='ltr'><strong>grastarit.</strong></span> 
     </span>
    </p>

    <p class='ocr_par' dir='ltr' id='par_1_11' title="bbox 959 942 1765 1933">
     <span class='ocr_line' id='line_1_56' title="bbox 1039 942 1762 1023; baseline -0.008 -20"><span class='ocrx_word' id='word_1_361' title='bbox 1039 942 1104 1003; x_wconf 83' lang='lat' dir='ltr'><strong>lloc</strong></span> <span class='ocrx_word' id='word_1_362' title='bbox 1129 944 1208 1004; x_wconf 84' lang='lat' dir='ltr'><strong>laeto</strong></span> <span class='ocrx_word' id='word_1_363' title='bbox 1242 966 1293 1023; x_wconf 91' lang='lat' dir='ltr'><strong>per</strong></span> <span class='ocrx_word' id='word_1_364' title='bbox 1319 948 1503 1023; x_wconf 83' lang='lat' dir='ltr'><strong>interpretem</strong></span> <span class='ocrx_word' id='word_1_365' title='bbox 1533 968 1578 1003; x_wconf 90' lang='lat' dir='ltr'><strong>me</strong></span> <span class='ocrx_word' id='word_1_366' title='bbox 1603 944 1762 1023; x_wconf 77' lang='lat' dir='ltr'><strong>aqqrellarit</strong></span> 
     </span>
     <span class='ocr_line' id='line_1_57' title="bbox 960 1036 1762 1113; baseline -0.007 -18"><span class='ocrx_word' id='word_1_367' title='bbox 960 1036 1080 1097; x_wconf 83' lang='lat' dir='ltr'><strong>dicens:</strong></span> <span class='ocrx_word' id='word_1_368' title='bbox 1105 1038 1162 1095; x_wconf 89' lang='lat' dir='ltr'><strong>sibi</strong></span> <span class='ocrx_word' id='word_1_369' title='bbox 1184 1037 1270 1095; x_wconf 88' lang='lat' dir='ltr'><strong>lacile</strong></span> <span class='ocrx_word' id='word_1_370' title='bbox 1289 1042 1441 1105; x_wconf 86' lang='lat' dir='ltr'><strong>constare,</strong></span> <span class='ocrx_word' id='word_1_371' title='bbox 1462 1058 1517 1095; x_wconf 85' lang='lat' dir='ltr'><strong>aas</strong></span> <span class='ocrx_word' id='word_1_372' title='bbox 1543 1038 1658 1113; x_wconf 87' lang='lat' dir='ltr'><strong>longam</strong></span> <span class='ocrx_word' id='word_1_373' title='bbox 1688 1036 1762 1092; x_wconf 86' lang='lat' dir='ltr'><strong>riam</strong></span> 
     </span>
     <span class='ocr_line' id='line_1_58' title="bbox 961 1128 1763 1187; baseline -0.01 0"><span class='ocrx_word' id='word_1_374' title='bbox 961 1149 1018 1187; x_wconf 91' lang='lat' dir='ltr'><strong>ann</strong></span> <span class='ocrx_word' id='word_1_375' title='bbox 1050 1128 1145 1187; x_wconf 87' lang='lat' dir='ltr'><strong>solum</strong></span> <span class='ocrx_word' id='word_1_376' title='bbox 1176 1132 1344 1186; x_wconf 77' lang='lat' dir='ltr'><strong>terrestrem</strong></span> <span class='ocrx_word' id='word_1_377' title='bbox 1370 1129 1558 1186; x_wconf 75' lang='lat' dir='ltr'><strong>verumetiam</strong></span> <span class='ocrx_word' id='word_1_378' title='bbox 1592 1128 1763 1185; x_wconf 84' lang='lat' dir='ltr'><strong>maritimam</strong></span> 
     </span>
     <span class='ocr_line' id='line_1_59' title="bbox 960 1216 1764 1296; baseline -0.009 -18"><span class='ocrx_word' id='word_1_379' title='bbox 960 1218 1129 1278; x_wconf 78' lang='lat' dir='ltr'><strong>coniecisse</strong></span> <span class='ocrx_word' id='word_1_380' title='bbox 1150 1220 1351 1296; x_wconf 84' lang='lat' dir='ltr'><strong>maximosque</strong></span> <span class='ocrx_word' id='word_1_381' title='bbox 1371 1218 1489 1277; x_wconf 87' lang='lat' dir='ltr'><strong>labores</strong></span> <span class='ocrx_word' id='word_1_382' title='bbox 1501 1220 1641 1277; x_wconf 81' lang='lat' dir='ltr'><strong>snlriisse.</strong></span> <span class='ocrx_word' id='word_1_383' title='bbox 1663 1220 1689 1273; x_wconf 79' lang='lat' dir='ltr'><strong>si</strong></span> <span class='ocrx_word' id='word_1_384' title='bbox 1713 1216 1764 1272; x_wconf 88' lang='lat' dir='ltr'><strong>nli-</strong></span> 
     </span>
     <span class='ocr_line' id='line_1_60' title="bbox 960 1307 1765 1389; baseline -0.009 -19"><span class='ocrx_word' id='word_1_385' title='bbox 960 1332 1018 1389; x_wconf 89' lang='lat' dir='ltr'><strong>qua</strong></span> <span class='ocrx_word' id='word_1_386' title='bbox 1038 1310 1078 1370; x_wconf 91' lang='lat' dir='ltr'><strong>ad</strong></span> <span class='ocrx_word' id='word_1_387' title='bbox 1103 1311 1182 1369; x_wconf 81' lang='lat' dir='ltr'><strong>vitae</strong></span> <span class='ocrx_word' id='word_1_388' title='bbox 1207 1311 1450 1369; x_wconf 85' lang='lat' dir='ltr'><strong>sustentationem</strong></span> <span class='ocrx_word' id='word_1_389' title='bbox 1479 1310 1646 1369; x_wconf 88' lang='lat' dir='ltr'><strong>necessaria</strong></span> <span class='ocrx_word' id='word_1_390' title='bbox 1675 1307 1765 1364; x_wconf 74' lang='lat' dir='ltr'><strong>indiis</strong></span> 
     </span>
     <span class='ocr_line' id='line_1_61' title="bbox 960 1396 1764 1480; baseline -0.011 -19"><span class='ocrx_word' id='word_1_391' title='bbox 960 1408 1073 1473; x_wconf 81' lang='lat' dir='ltr'><strong>essent,</strong></span> <span class='ocrx_word' id='word_1_392' title='bbox 1087 1422 1123 1462; x_wconf 81' lang='lat' dir='ltr'><strong>ctt</strong></span> <span class='ocrx_word' id='word_1_393' title='bbox 1140 1402 1226 1461; x_wconf 77' lang='lat' dir='ltr'><strong>uoltis</strong></span> <span class='ocrx_word' id='word_1_394' title='bbox 1239 1400 1362 1461; x_wconf 88' lang='lat' dir='ltr'><strong>concedi</strong></span> <span class='ocrx_word' id='word_1_395' title='bbox 1372 1400 1491 1469; x_wconf 84' lang='lat' dir='ltr'><strong>debete,</strong></span> <span class='ocrx_word' id='word_1_396' title='bbox 1504 1401 1669 1480; x_wconf 78' lang='lat' dir='ltr'><strong>ndjttngens</strong></span> <span class='ocrx_word' id='word_1_397' title='bbox 1683 1396 1764 1477; x_wconf 86' lang='lat' dir='ltr'><strong>qrnnl</strong></span> 
     </span>
     <span class='ocr_line' id='line_1_62' title="bbox 959 1490 1763 1572; baseline -0.016 -17"><span class='ocrx_word' id='word_1_398' title='bbox 959 1492 1150 1572; x_wconf 87' lang='lat' dir='ltr'><strong>Ncugardiae</strong></span> <span class='ocrx_word' id='word_1_399' title='bbox 1171 1496 1283 1571; x_wconf 82' lang='lat' dir='ltr'><strong>aliquot</strong></span> <span class='ocrx_word' id='word_1_400' title='bbox 1310 1494 1493 1571; x_wconf 84' lang='lat' dir='ltr'><strong>septimanas</strong></span> <span class='ocrx_word' id='word_1_401' title='bbox 1519 1492 1629 1549; x_wconf 66' lang='lat' dir='ltr'><strong>(laetenti</strong></span> <span class='ocrx_word' id='word_1_402' title='bbox 1657 1490 1763 1547; x_wconf 87' lang='lat' dir='ltr'><strong>luisse-</strong></span> 
     </span>
     <span class='ocr_line' id='line_1_63' title="bbox 960 1582 1763 1659; baseline -0.015 -14"><span class='ocrx_word' id='word_1_403' title='bbox 960 1606 1036 1655; x_wconf 74' lang='lat' dir='ltr'><strong>mus,</strong></span> <span class='ocrx_word' id='word_1_404' title='bbox 1053 1604 1128 1645; x_wconf 77' lang='lat' dir='ltr'><strong>saras</strong></span> <span class='ocrx_word' id='word_1_405' title='bbox 1148 1584 1292 1644; x_wconf 73' lang='lat' dir='ltr'><strong>babarisse</strong></span> <span class='ocrx_word' id='word_1_406' title='bbox 1311 1585 1451 1651; x_wconf 84' lang='lat' dir='ltr'><strong>rationes,</strong></span> <span class='ocrx_word' id='word_1_407' title='bbox 1472 1604 1507 1643; x_wconf 86' lang='lat' dir='ltr'><strong>se</strong></span> <span class='ocrx_word' id='word_1_408' title='bbox 1527 1586 1602 1642; x_wconf 89' lang='lat' dir='ltr'><strong>enim</strong></span> <span class='ocrx_word' id='word_1_409' title='bbox 1614 1582 1763 1659; x_wconf 74' lang='lat' dir='ltr'><strong>aliquibus</strong></span> 
     </span>
     <span class='ocr_line' id='line_1_64' title="bbox 960 1673 1764 1753; baseline -0.015 -16"><span class='ocrx_word' id='word_1_410' title='bbox 960 1677 1086 1753; x_wconf 85' lang='lat' dir='ltr'><strong>negotils</strong></span> <span class='ocrx_word' id='word_1_411' title='bbox 1112 1675 1271 1733; x_wconf 85' lang='lat' dir='ltr'><strong>distentum</strong></span> <span class='ocrx_word' id='word_1_412' title='bbox 1298 1674 1409 1743; x_wconf 77' lang='lat' dir='ltr'><strong>scrisse,</strong></span> <span class='ocrx_word' id='word_1_413' title='bbox 1442 1694 1501 1751; x_wconf 92' lang='lat' dir='ltr'><strong>qno</strong></span> <span class='ocrx_word' id='word_1_414' title='bbox 1536 1675 1633 1732; x_wconf 88' lang='lat' dir='ltr'><strong>minus</strong></span> <span class='ocrx_word' id='word_1_415' title='bbox 1664 1673 1764 1731; x_wconf 89' lang='lat' dir='ltr'><strong>abitus</strong></span> 
     </span>
     <span class='ocr_line' id='line_1_65' title="bbox 960 1761 1763 1846; baseline -0.011 -19"><span class='ocrx_word' id='word_1_416' title='bbox 960 1768 1041 1845; x_wconf 87' lang='lat' dir='ltr'><strong>prius</strong></span> <span class='ocrx_word' id='word_1_417' title='bbox 1059 1766 1154 1846; x_wconf 90' lang='lat' dir='ltr'><strong>parari</strong></span> <span class='ocrx_word' id='word_1_418' title='bbox 1176 1766 1333 1845; x_wconf 86' lang='lat' dir='ltr'><strong>potuisset,</strong></span> <span class='ocrx_word' id='word_1_419' title='bbox 1354 1771 1382 1823; x_wconf 89' lang='lat' dir='ltr'><strong>el</strong></span> <span class='ocrx_word' id='word_1_420' title='bbox 1403 1772 1466 1824; x_wconf 90' lang='lat' dir='ltr'><strong>erat</strong></span> <span class='ocrx_word' id='word_1_421' title='bbox 1487 1765 1669 1824; x_wconf 83' lang='lat' dir='ltr'><strong>ltocunicnm</strong></span> <span class='ocrx_word' id='word_1_422' title='bbox 1684 1761 1763 1840; x_wconf 90' lang='lat' dir='ltr'><strong>quod</strong></span> 
     </span>
     <span class='ocr_line' id='line_1_66' title="bbox 960 1855 1586 1933; baseline -0.01 -14"><span class='ocrx_word' id='word_1_423' title='bbox 960 1858 1029 1919; x_wconf 84' lang='lat' dir='ltr'><strong>milri</strong></span> <span class='ocrx_word' id='word_1_424' title='bbox 1052 1858 1097 1916; x_wconf 81' lang='lat' dir='ltr'><strong>rel</strong></span> <span class='ocrx_word' id='word_1_425' title='bbox 1117 1858 1185 1917; x_wconf 89' lang='lat' dir='ltr'><strong>aliis</strong></span> <span class='ocrx_word' id='word_1_426' title='bbox 1205 1859 1280 1915; x_wconf 90' lang='lat' dir='ltr'><strong>inter</strong></span> <span class='ocrx_word' id='word_1_427' title='bbox 1300 1856 1449 1933; x_wconf 92' lang='lat' dir='ltr'><strong>prandium</strong></span> <span class='ocrx_word' id='word_1_428' title='bbox 1472 1855 1586 1913; x_wconf 86' lang='lat' dir='ltr'><strong>dixerit.</strong></span> 
     </span>
    </p>

    <p class='ocr_par' dir='ltr' id='par_1_12' title="bbox 959 1944 1764 2469">
     <span class='ocr_line' id='line_1_67' title="bbox 1036 1944 1764 2026; baseline -0.012 -16"><span class='ocrx_word' id='word_1_429' title='bbox 1036 1950 1163 2010; x_wconf 81' lang='lat' dir='ltr'><strong>Mensae</strong></span> <span class='ocrx_word' id='word_1_430' title='bbox 1183 1968 1288 2009; x_wconf 89' lang='lat' dir='ltr'><strong>omues</strong></span> <span class='ocrx_word' id='word_1_431' title='bbox 1308 1948 1415 2026; x_wconf 86' lang='lat' dir='ltr'><strong>patinis</strong></span> <span class='ocrx_word' id='word_1_432' title='bbox 1434 1948 1583 2025; x_wconf 79' lang='lat' dir='ltr'><strong>argenteis</strong></span> <span class='ocrx_word' id='word_1_433' title='bbox 1601 1954 1631 2005; x_wconf 91' lang='lat' dir='ltr'><strong>et</strong></span> <span class='ocrx_word' id='word_1_434' title='bbox 1643 1944 1764 2022; x_wconf 77' lang='lat' dir='ltr'><strong>eyatlris</strong></span> 
     </span>
     <span class='ocr_line' id='line_1_68' title="bbox 960 2038 1764 2109; baseline -0.015 -6"><span class='ocrx_word' id='word_1_435' title='bbox 960 2040 1036 2103; x_wconf 92' lang='lat' dir='ltr'><strong>adeo</strong></span> <span class='ocrx_word' id='word_1_436' title='bbox 1058 2046 1142 2101; x_wconf 89' lang='lat' dir='ltr'><strong>erant</strong></span> <span class='ocrx_word' id='word_1_437' title='bbox 1160 2038 1296 2109; x_wconf 81' lang='lat' dir='ltr'><strong>refertae,</strong></span> <span class='ocrx_word' id='word_1_438' title='bbox 1315 2044 1348 2097; x_wconf 91' lang='lat' dir='ltr'><strong>nt</strong></span> <span class='ocrx_word' id='word_1_439' title='bbox 1369 2039 1468 2098; x_wconf 85' lang='lat' dir='ltr'><strong>nullus</strong></span> <span class='ocrx_word' id='word_1_440' title='bbox 1486 2038 1571 2097; x_wconf 79' lang='lat' dir='ltr'><strong>locus</strong></span> <span class='ocrx_word' id='word_1_441' title='bbox 1582 2056 1695 2097; x_wconf 75' lang='lat' dir='ltr'><strong>vacuus</strong></span> <span class='ocrx_word' id='word_1_442' title='bbox 1718 2056 1764 2095; x_wconf 74' lang='lat' dir='ltr'><strong>cs</strong></span> 
     </span>
     <span class='ocr_line' id='line_1_69' title="bbox 960 2120 1762 2209; baseline -0.014 -16"><span class='ocrx_word' id='word_1_443' title='bbox 960 2140 1008 2193; x_wconf 87' lang='lat' dir='ltr'><strong>set</strong></span> <span class='ocrx_word' id='word_1_444' title='bbox 1027 2132 1158 2203; x_wconf 82' lang='lat' dir='ltr'><strong>relictus,</strong></span> <span class='ocrx_word' id='word_1_445' title='bbox 1177 2120 1233 2191; x_wconf 84' lang='lat' dir='ltr'><strong>aad</strong></span> <span class='ocrx_word' id='word_1_446' title='bbox 1252 2131 1353 2209; x_wconf 85' lang='lat' dir='ltr'><strong>patina</strong></span> <span class='ocrx_word' id='word_1_447' title='bbox 1372 2150 1463 2208; x_wconf 85' lang='lat' dir='ltr'><strong>srrpra</strong></span> <span class='ocrx_word' id='word_1_448' title='bbox 1482 2130 1609 2208; x_wconf 83' lang='lat' dir='ltr'><strong>patinam</strong></span> <span class='ocrx_word' id='word_1_449' title='bbox 1637 2128 1689 2185; x_wconf 82' lang='lat' dir='ltr'><strong>ton</strong></span> <span class='ocrx_word' id='word_1_450' title='bbox 1715 2146 1762 2206; x_wconf 82' lang='lat' dir='ltr'><strong>po</strong></span> 
     </span>
     <span class='ocr_line' id='line_1_70' title="bbox 960 2220 1763 2303; baseline -0.015 -18"><span class='ocrx_word' id='word_1_451' title='bbox 960 2228 1019 2285; x_wconf 81' lang='lat' dir='ltr'><strong>situ</strong></span> <span class='ocrx_word' id='word_1_452' title='bbox 1043 2223 1178 2303; x_wconf 79' lang='lat' dir='ltr'><strong>poculum</strong></span> <span class='ocrx_word' id='word_1_453' title='bbox 1204 2241 1296 2299; x_wconf 84' lang='lat' dir='ltr'><strong>srtpra</strong></span> <span class='ocrx_word' id='word_1_454' title='bbox 1320 2220 1472 2299; x_wconf 87' lang='lat' dir='ltr'><strong>poculum,</strong></span> <span class='ocrx_word' id='word_1_455' title='bbox 1504 2221 1584 2278; x_wconf 79' lang='lat' dir='ltr'><strong>varia</strong></span> <span class='ocrx_word' id='word_1_456' title='bbox 1614 2222 1701 2278; x_wconf 88' lang='lat' dir='ltr'><strong>simul</strong></span> <span class='ocrx_word' id='word_1_457' title='bbox 1729 2238 1763 2275; x_wconf 91' lang='lat' dir='ltr'><strong>ac</strong></span> 
     </span>
     <span class='ocr_line' id='line_1_71' title="bbox 960 2310 1762 2389; baseline -0.015 -12"><span class='ocrx_word' id='word_1_458' title='bbox 960 2314 1134 2377; x_wconf 81' lang='lat' dir='ltr'><strong>lerctdnrum</strong></span> <span class='ocrx_word' id='word_1_459' title='bbox 1154 2319 1187 2372; x_wconf 92' lang='lat' dir='ltr'><strong>ut</strong></span> <span class='ocrx_word' id='word_1_460' title='bbox 1206 2318 1245 2371; x_wconf 89' lang='lat' dir='ltr'><strong>et·</strong></span> <span class='ocrx_word' id='word_1_461' title='bbox 1256 2310 1414 2371; x_wconf 77' lang='lat' dir='ltr'><strong>mutsom·</strong></span> <span class='ocrx_word' id='word_1_462' title='bbox 1428 2330 1537 2389; x_wconf 89' lang='lat' dir='ltr'><strong>genera</strong></span> <span class='ocrx_word' id='word_1_463' title='bbox 1549 2312 1634 2369; x_wconf 86' lang='lat' dir='ltr'><strong>nobis</strong></span> <span class='ocrx_word' id='word_1_464' title='bbox 1645 2310 1762 2368; x_wconf 86' lang='lat' dir='ltr'><strong>luerunt</strong></span> 
     </span>
     <span class='ocr_line' id='line_1_72' title="bbox 959 2410 1058 2469; baseline -0.04 0"><span class='ocrx_word' id='word_1_465' title='bbox 959 2410 1058 2469; x_wconf 85' lang='lat' dir='ltr'><strong>allata.</strong></span> 
     </span>
    </p>

    <p class='ocr_par' dir='ltr' id='par_1_13' title="bbox 956 2491 1763 3310">
     <span class='ocr_line' id='line_1_73' title="bbox 1037 2491 1762 2577; baseline -0.012 -20"><span class='ocrx_word' id='word_1_466' title='bbox 1037 2502 1196 2577; x_wconf 84' lang='lat' dir='ltr'><strong>lmperator</strong></span> <span class='ocrx_word' id='word_1_467' title='bbox 1214 2500 1245 2553; x_wconf 89' lang='lat' dir='ltr'><strong>et</strong></span> <span class='ocrx_word' id='word_1_468' title='bbox 1260 2495 1338 2555; x_wconf 85' lang='lat' dir='ltr'><strong>lilius</strong></span> <span class='ocrx_word' id='word_1_469' title='bbox 1353 2494 1509 2553; x_wconf 88' lang='lat' dir='ltr'><strong>utebantur</strong></span> <span class='ocrx_word' id='word_1_470' title='bbox 1529 2494 1632 2555; x_wconf 84' lang='lat' dir='ltr'><strong>cultris</strong></span> <span class='ocrx_word' id='word_1_471' title='bbox 1650 2491 1688 2553; x_wconf 92' lang='lat' dir='ltr'><strong>ad</strong></span> <span class='ocrx_word' id='word_1_472' title='bbox 1702 2492 1762 2550; x_wconf 91' lang='lat' dir='ltr'><strong>lon·</strong></span> 
     </span>
     <span class='ocr_line' id='line_1_74' title="bbox 959 2585 1762 2669; baseline -0.011 -19"><span class='ocrx_word' id='word_1_473' title='bbox 959 2590 1119 2669; x_wconf 76' lang='lat' dir='ltr'><strong>gitudineta</strong></span> <span class='ocrx_word' id='word_1_474' title='bbox 1140 2586 1279 2647; x_wconf 73' lang='lat' dir='ltr'><strong>diuidiae</strong></span> <span class='ocrx_word' id='word_1_475' title='bbox 1298 2588 1402 2655; x_wconf 89' lang='lat' dir='ltr'><strong>ulnae,</strong></span> <span class='ocrx_word' id='word_1_476' title='bbox 1429 2588 1535 2665; x_wconf 89' lang='lat' dir='ltr'><strong>poculo</strong></span> <span class='ocrx_word' id='word_1_477' title='bbox 1556 2585 1642 2643; x_wconf 89' lang='lat' dir='ltr'><strong>modo</strong></span> <span class='ocrx_word' id='word_1_478' title='bbox 1665 2590 1695 2643; x_wconf 89' lang='lat' dir='ltr'><strong>et</strong></span> <span class='ocrx_word' id='word_1_479' title='bbox 1715 2604 1762 2641; x_wconf 91' lang='lat' dir='ltr'><strong>co·</strong></span> 
     </span>
     <span class='ocr_line' id='line_1_75' title="bbox 960 2676 1762 2757; baseline -0.007 -16"><span class='ocrx_word' id='word_1_480' title='bbox 960 2682 1049 2743; x_wconf 83' lang='lat' dir='ltr'><strong>eleari</strong></span> <span class='ocrx_word' id='word_1_481' title='bbox 1073 2682 1180 2757; x_wconf 90' lang='lat' dir='ltr'><strong>ligneo.</strong></span> <span class='ocrx_word' id='word_1_482' title='bbox 1225 2676 1347 2749; x_wconf 81' lang='lat' dir='ltr'><strong>Quanta</strong></span> <span class='ocrx_word' id='word_1_483' title='bbox 1378 2677 1512 2755; x_wconf 91' lang='lat' dir='ltr'><strong>equidem</strong></span> <span class='ocrx_word' id='word_1_484' title='bbox 1546 2698 1611 2736; x_wconf 87' lang='lat' dir='ltr'><strong>cnm</strong></span> <span class='ocrx_word' id='word_1_485' title='bbox 1637 2696 1762 2735; x_wconf 86' lang='lat' dir='ltr'><strong>nausea.</strong></span> 
     </span>
     <span class='ocr_line' id='line_1_76' title="bbox 960 2768 1762 2853; baseline -0.011 -19"><span class='ocrx_word' id='word_1_486' title='bbox 960 2778 1130 2853; x_wconf 87' lang='lat' dir='ltr'><strong>quantaque</strong></span> <span class='ocrx_word' id='word_1_487' title='bbox 1148 2790 1214 2829; x_wconf 86' lang='lat' dir='ltr'><strong>cnm</strong></span> <span class='ocrx_word' id='word_1_488' title='bbox 1235 2790 1345 2828; x_wconf 91' lang='lat' dir='ltr'><strong>morum</strong></span> <span class='ocrx_word' id='word_1_489' title='bbox 1366 2768 1536 2829; x_wconf 80' lang='lat' dir='ltr'><strong>incivilitate</strong></span> <span class='ocrx_word' id='word_1_490' title='bbox 1561 2769 1610 2827; x_wconf 91' lang='lat' dir='ltr'><strong>ille</strong></span> <span class='ocrx_word' id='word_1_491' title='bbox 1636 2786 1762 2825; x_wconf 81' lang='lat' dir='ltr'><strong>eomme</strong></span> 
     </span>
     <span class='ocr_line' id='line_1_77' title="bbox 960 2859 1763 2939; baseline -0.01 -16"><span class='ocrx_word' id='word_1_492' title='bbox 960 2864 1045 2933; x_wconf 87' lang='lat' dir='ltr'><strong>derit,</strong></span> <span class='ocrx_word' id='word_1_493' title='bbox 1072 2864 1102 2922; x_wconf 90' lang='lat' dir='ltr'><strong>id</strong></span> <span class='ocrx_word' id='word_1_494' title='bbox 1129 2868 1234 2921; x_wconf 84' lang='lat' dir='ltr'><strong>nemrot</strong></span> <span class='ocrx_word' id='word_1_495' title='bbox 1259 2881 1380 2929; x_wconf 89' lang='lat' dir='ltr'><strong>omnes,</strong></span> <span class='ocrx_word' id='word_1_496' title='bbox 1406 2861 1456 2937; x_wconf 92' lang='lat' dir='ltr'><strong>qni</strong></span> <span class='ocrx_word' id='word_1_497' title='bbox 1482 2862 1578 2939; x_wconf 88' lang='lat' dir='ltr'><strong>ipsius</strong></span> <span class='ocrx_word' id='word_1_498' title='bbox 1604 2859 1763 2917; x_wconf 79' lang='lat' dir='ltr'><strong>interfuere</strong></span> 
     </span>
     <span class='ocr_line' id='line_1_78' title="bbox 961 2950 1762 3030; baseline -0.012 -13"><span class='ocrx_word' id='word_1_499' title='bbox 961 2957 1104 3025; x_wconf 72' lang='lat' dir='ltr'><strong>condrio,</strong></span> <span class='ocrx_word' id='word_1_500' title='bbox 1124 2954 1269 3013; x_wconf 83' lang='lat' dir='ltr'><strong>neminem</strong></span> <span class='ocrx_word' id='word_1_501' title='bbox 1288 2972 1415 3030; x_wconf 89' lang='lat' dir='ltr'><strong>unquam</strong></span> <span class='ocrx_word' id='word_1_502' title='bbox 1436 2954 1464 3009; x_wconf 92' lang='lat' dir='ltr'><strong>in</strong></span> <span class='ocrx_word' id='word_1_503' title='bbox 1485 2953 1543 3010; x_wconf 81' lang='lat' dir='ltr'><strong>rita</strong></span> <span class='ocrx_word' id='word_1_504' title='bbox 1563 2950 1693 3011; x_wconf 75' lang='lat' dir='ltr'><strong>viderim.</strong></span> <span class='ocrx_word' id='word_1_505' title='bbox 1714 2970 1762 3007; x_wconf 94' lang='lat' dir='ltr'><strong>cn·</strong></span> 
     </span>
     <span class='ocr_line' id='line_1_79' title="bbox 956 3042 1762 3131; baseline -0.014 -23"><span class='ocrx_word' id='word_1_506' title='bbox 956 3052 1009 3131; x_wconf 85' lang='lat' dir='ltr'><strong>jus</strong></span> <span class='ocrx_word' id='word_1_507' title='bbox 1035 3046 1212 3107; x_wconf 83' lang='lat' dir='ltr'><strong>conditionis</strong></span> <span class='ocrx_word' id='word_1_508' title='bbox 1237 3045 1407 3121; x_wconf 76' lang='lat' dir='ltr'><strong>ordinisque</strong></span> <span class='ocrx_word' id='word_1_509' title='bbox 1433 3042 1551 3103; x_wconf 91' lang='lat' dir='ltr'><strong>tandem</strong></span> <span class='ocrx_word' id='word_1_510' title='bbox 1579 3043 1680 3111; x_wconf 81' lang='lat' dir='ltr'><strong>luerit,</strong></span> <span class='ocrx_word' id='word_1_511' title='bbox 1713 3044 1762 3119; x_wconf 90' lang='lat' dir='ltr'><strong>qni</strong></span> 
     </span>
     <span class='ocr_line' id='line_1_80' title="bbox 960 3133 1763 3213; baseline -0.012 -14"><span class='ocrx_word' id='word_1_512' title='bbox 960 3140 1106 3199; x_wconf 79' lang='lat' dir='ltr'><strong>incivilius</strong></span> <span class='ocrx_word' id='word_1_513' title='bbox 1125 3137 1220 3195; x_wconf 91' lang='lat' dir='ltr'><strong>cibum</strong></span> <span class='ocrx_word' id='word_1_514' title='bbox 1242 3136 1410 3212; x_wconf 77' lang='lat' dir='ltr'><strong>sumpserit,</strong></span> <span class='ocrx_word' id='word_1_515' title='bbox 1429 3156 1515 3213; x_wconf 87' lang='lat' dir='ltr'><strong>quara</strong></span> <span class='ocrx_word' id='word_1_516' title='bbox 1530 3136 1703 3211; x_wconf 85' lang='lat' dir='ltr'><strong>magnilieus</strong></span> <span class='ocrx_word' id='word_1_517' title='bbox 1715 3133 1763 3191; x_wconf 85' lang='lat' dir='ltr'><strong>bic</strong></span> 
     </span>
     <span class='ocr_line' id='line_1_81' title="bbox 960 3234 1129 3310; baseline -0.018 -20"><span class='ocrx_word' id='word_1_518' title='bbox 960 3234 1129 3310; x_wconf 87' lang='lat' dir='ltr'><strong>lmpcrator.</strong></span> 
     </span>
    </p>

    <p class='ocr_par' dir='ltr' id='par_1_14' title="bbox 958 3317 1764 4019">
     <span class='ocr_line' id='line_1_82' title="bbox 1037 3317 1764 3399; baseline -0.008 -22"><span class='ocrx_word' id='word_1_519' title='bbox 1037 3318 1134 3377; x_wconf 84' lang='lat' dir='ltr'><strong>Finito</strong></span> <span class='ocrx_word' id='word_1_520' title='bbox 1155 3320 1217 3399; x_wconf 88' lang='lat' dir='ltr'><strong>jara</strong></span> <span class='ocrx_word' id='word_1_521' title='bbox 1243 3317 1382 3396; x_wconf 84' lang='lat' dir='ltr'><strong>prandio,</strong></span> <span class='ocrx_word' id='word_1_522' title='bbox 1410 3320 1505 3399; x_wconf 85' lang='lat' dir='ltr'><strong>jussit</strong></span> <span class='ocrx_word' id='word_1_523' title='bbox 1535 3338 1591 3378; x_wconf 91' lang='lat' dir='ltr'><strong>nos</strong></span> <span class='ocrx_word' id='word_1_524' title='bbox 1616 3318 1764 3395; x_wconf 83' lang='lat' dir='ltr'><strong>interpres</strong></span> 
     </span>
     <span class='ocr_line' id='line_1_83' title="bbox 959 3408 1762 3488; baseline -0.002 -19"><span class='ocrx_word' id='word_1_525' title='bbox 959 3430 1091 3488; x_wconf 76' lang='lat' dir='ltr'><strong>surgere,</strong></span> <span class='ocrx_word' id='word_1_526' title='bbox 1110 3430 1168 3487; x_wconf 92' lang='lat' dir='ltr'><strong>quo</strong></span> <span class='ocrx_word' id='word_1_527' title='bbox 1188 3408 1276 3479; x_wconf 87' lang='lat' dir='ltr'><strong>lacto,</strong></span> <span class='ocrx_word' id='word_1_528' title='bbox 1297 3412 1458 3488; x_wconf 86' lang='lat' dir='ltr'><strong>imperator</strong></span> <span class='ocrx_word' id='word_1_529' title='bbox 1477 3429 1533 3469; x_wconf 80' lang='lat' dir='ltr'><strong>nee</strong></span> <span class='ocrx_word' id='word_1_530' title='bbox 1551 3408 1589 3469; x_wconf 89' lang='lat' dir='ltr'><strong>ad</strong></span> <span class='ocrx_word' id='word_1_531' title='bbox 1608 3428 1644 3468; x_wconf 89' lang='lat' dir='ltr'><strong>se</strong></span> <span class='ocrx_word' id='word_1_532' title='bbox 1664 3429 1762 3468; x_wconf 80' lang='lat' dir='ltr'><strong>arces·</strong></span> 
     </span>
     <span class='ocr_line' id='line_1_84' title="bbox 959 3500 1763 3585; baseline -0.007 -22"><span class='ocrx_word' id='word_1_533' title='bbox 959 3504 1008 3585; x_wconf 78' lang='lat' dir='ltr'><strong>sit,</strong></span> <span class='ocrx_word' id='word_1_534' title='bbox 1019 3502 1170 3579; x_wconf 73' lang='lat' dir='ltr'><strong>porrigens</strong></span> <span class='ocrx_word' id='word_1_535' title='bbox 1191 3502 1346 3579; x_wconf 83' lang='lat' dir='ltr'><strong>unicuique</strong></span> <span class='ocrx_word' id='word_1_536' title='bbox 1357 3500 1493 3580; x_wconf 76' lang='lat' dir='ltr'><strong>cyatlrum</strong></span> <span class='ocrx_word' id='word_1_537' title='bbox 1510 3507 1678 3577; x_wconf 86' lang='lat' dir='ltr'><strong>argenteum</strong></span> <span class='ocrx_word' id='word_1_538' title='bbox 1692 3500 1763 3559; x_wconf 81' lang='lat' dir='ltr'><strong>marl·</strong></span> 
     </span>
     <span class='ocr_line' id='line_1_85' title="bbox 959 3592 1761 3671; baseline -0.01 -16"><span class='ocrx_word' id='word_1_539' title='bbox 959 3614 996 3655; x_wconf 79' lang='lat' dir='ltr'><strong>sa</strong></span> <span class='ocrx_word' id='word_1_540' title='bbox 1015 3594 1109 3653; x_wconf 80' lang='lat' dir='ltr'><strong>subto</strong></span> <span class='ocrx_word' id='word_1_541' title='bbox 1124 3592 1252 3671; x_wconf 88' lang='lat' dir='ltr'><strong>plenum,</strong></span> <span class='ocrx_word' id='word_1_542' title='bbox 1273 3612 1358 3669; x_wconf 91' lang='lat' dir='ltr'><strong>quem</strong></span> <span class='ocrx_word' id='word_1_543' title='bbox 1371 3614 1448 3651; x_wconf 89' lang='lat' dir='ltr'><strong>unus</strong></span> <span class='ocrx_word' id='word_1_544' title='bbox 1462 3597 1530 3671; x_wconf 89' lang='lat' dir='ltr'><strong>post</strong></span> <span class='ocrx_word' id='word_1_545' title='bbox 1542 3592 1663 3650; x_wconf 88' lang='lat' dir='ltr'><strong>alterum</strong></span> <span class='ocrx_word' id='word_1_546' title='bbox 1677 3600 1761 3668; x_wconf 90' lang='lat' dir='ltr'><strong>pront</strong></span> 
     </span>
     <span class='ocr_line' id='line_1_86' title="bbox 959 3684 1762 3764; baseline -0.005 -19"><span class='ocrx_word' id='word_1_547' title='bbox 959 3686 1195 3764; x_wconf 86' lang='lat' dir='ltr'><strong>uniuscnjusque</strong></span> <span class='ocrx_word' id='word_1_548' title='bbox 1221 3684 1349 3743; x_wconf 83' lang='lat' dir='ltr'><strong>eorrditio</strong></span> <span class='ocrx_word' id='word_1_549' title='bbox 1370 3690 1400 3741; x_wconf 90' lang='lat' dir='ltr'><strong>et</strong></span> <span class='ocrx_word' id='word_1_550' title='bbox 1419 3691 1516 3741; x_wconf 87' lang='lat' dir='ltr'><strong>status</strong></span> <span class='ocrx_word' id='word_1_551' title='bbox 1544 3684 1700 3761; x_wconf 82' lang='lat' dir='ltr'><strong>exigebat,</strong></span> <span class='ocrx_word' id='word_1_552' title='bbox 1726 3704 1762 3741; x_wconf 78' lang='lat' dir='ltr'><strong>en</strong></span> 
     </span>
     <span class='ocr_line' id='line_1_87' title="bbox 960 3774 1761 3855; baseline -0.006 -20"><span class='ocrx_word' id='word_1_553' title='bbox 960 3778 1095 3835; x_wconf 87' lang='lat' dir='ltr'><strong>manibus</strong></span> <span class='ocrx_word' id='word_1_554' title='bbox 1116 3778 1183 3855; x_wconf 88' lang='lat' dir='ltr'><strong>ejus</strong></span> <span class='ocrx_word' id='word_1_555' title='bbox 1202 3776 1345 3853; x_wconf 80' lang='lat' dir='ltr'><strong>sumpsit,</strong></span> <span class='ocrx_word' id='word_1_556' title='bbox 1365 3775 1484 3853; x_wconf 83' lang='lat' dir='ltr'><strong>illisque</strong></span> <span class='ocrx_word' id='word_1_557' title='bbox 1510 3774 1677 3843; x_wconf 76' lang='lat' dir='ltr'><strong>esserratis,</strong></span> <span class='ocrx_word' id='word_1_558' title='bbox 1704 3774 1761 3831; x_wconf 85' lang='lat' dir='ltr'><strong>dis·</strong></span> 
     </span>
     <span class='ocr_line' id='line_1_88' title="bbox 959 3865 1761 3943; baseline -0.006 -16"><span class='ocrx_word' id='word_1_559' title='bbox 959 3866 1117 3937; x_wconf 79' lang='lat' dir='ltr'><strong>cessitaas,</strong></span> <span class='ocrx_word' id='word_1_560' title='bbox 1137 3870 1228 3943; x_wconf 84' lang='lat' dir='ltr'><strong>atque</strong></span> <span class='ocrx_word' id='word_1_561' title='bbox 1254 3865 1329 3924; x_wconf 82' lang='lat' dir='ltr'><strong>ciam</strong></span> <span class='ocrx_word' id='word_1_562' title='bbox 1358 3866 1396 3924; x_wconf 91' lang='lat' dir='ltr'><strong>ad</strong></span> <span class='ocrx_word' id='word_1_563' title='bbox 1422 3866 1516 3925; x_wconf 87' lang='lat' dir='ltr'><strong>aedes</strong></span> <span class='ocrx_word' id='word_1_564' title='bbox 1541 3866 1761 3924; x_wconf 87' lang='lat' dir='ltr'><strong>commorationi</strong></span> 
     </span>
     <span class='ocr_line' id='line_1_89' title="bbox 958 3956 1314 4019; baseline -0.014 -1"><span class='ocrx_word' id='word_1_565' title='bbox 958 3958 1125 4019; x_wconf 80' lang='lat' dir='ltr'><strong>destinatas</strong></span> <span class='ocrx_word' id='word_1_566' title='bbox 1143 3956 1314 4015; x_wconf 83' lang='lat' dir='ltr'><strong>direximus.</strong></span> 
     </span>
    </p>

    <p class='ocr_par' dir='ltr' id='par_1_15' title="bbox 957 4048 1764 5208">
     <span class='ocr_line' id='line_1_90' title="bbox 1035 4048 1759 4113; baseline -0.004 -5"><span class='ocrx_word' id='word_1_567' title='bbox 1035 4048 1093 4108; x_wconf 81' lang='lat' dir='ltr'><strong>llie</strong></span> <span class='ocrx_word' id='word_1_568' title='bbox 1114 4050 1161 4109; x_wconf 72' lang='grc'><strong>93.</strong></span> <span class='ocrx_word' id='word_1_569' title='bbox 1183 4067 1248 4105; x_wconf 91' lang='lat' dir='ltr'><strong>cnm</strong></span> <span class='ocrx_word' id='word_1_570' title='bbox 1271 4067 1382 4107; x_wconf 81' lang='lat' dir='ltr'><strong>vacuus</strong></span> <span class='ocrx_word' id='word_1_571' title='bbox 1402 4052 1625 4113; x_wconf 72' lang='lat' dir='ltr'><strong>intercesserat,</strong></span> <span class='ocrx_word' id='word_1_572' title='bbox 1652 4048 1759 4107; x_wconf 91' lang='lat' dir='ltr'><strong>adan·</strong></span> 
     </span>
     <span class='ocr_line' id='line_1_91' title="bbox 960 4140 1760 4203; baseline -0.005 -4"><span class='ocrx_word' id='word_1_573' title='bbox 960 4142 1014 4200; x_wconf 88' lang='lat' dir='ltr'><strong>lum</strong></span> <span class='ocrx_word' id='word_1_574' title='bbox 1037 4141 1165 4199; x_wconf 73' lang='lat' dir='ltr'><strong>revocati</strong></span> <span class='ocrx_word' id='word_1_575' title='bbox 1186 4160 1298 4203; x_wconf 81' lang='lat' dir='ltr'><strong>snmus.</strong></span> <span class='ocrx_word' id='word_1_576' title='bbox 1319 4140 1438 4196; x_wconf 78' lang='lat' dir='ltr'><strong>vetitum</strong></span> <span class='ocrx_word' id='word_1_577' title='bbox 1459 4144 1555 4196; x_wconf 90' lang='lat' dir='ltr'><strong>autem</strong></span> <span class='ocrx_word' id='word_1_578' title='bbox 1580 4146 1627 4195; x_wconf 89' lang='lat' dir='ltr'><strong>est</strong></span> <span class='ocrx_word' id='word_1_579' title='bbox 1656 4160 1694 4197; x_wconf 90' lang='lat' dir='ltr'><strong>ae</strong></span> <span class='ocrx_word' id='word_1_580' title='bbox 1720 4140 1760 4196; x_wconf 92' lang='lat' dir='ltr'><strong>ul-</strong></span> 
     </span>
     <span class='ocr_line' id='line_1_92' title="bbox 958 4229 1759 4291; baseline -0.004 -1"><span class='ocrx_word' id='word_1_581' title='bbox 958 4240 1001 4291; x_wconf 88' lang='lat' dir='ltr'><strong>tra</strong></span> <span class='ocrx_word' id='word_1_582' title='bbox 1021 4234 1071 4291; x_wconf 66' lang='lat' dir='ltr'><strong>bt).</strong></span> <span class='ocrx_word' id='word_1_583' title='bbox 1091 4250 1197 4289; x_wconf 79' lang='lat' dir='ltr'><strong>servos</strong></span> <span class='ocrx_word' id='word_1_584' title='bbox 1218 4233 1247 4289; x_wconf 93' lang='lat' dir='ltr'><strong>iu</strong></span> <span class='ocrx_word' id='word_1_585' title='bbox 1268 4232 1477 4288; x_wconf 79' lang='lat' dir='ltr'><strong>corrcomittatu</strong></span> <span class='ocrx_word' id='word_1_586' title='bbox 1499 4229 1693 4289; x_wconf 79' lang='lat' dir='ltr'><strong>haberemus.</strong></span> <span class='ocrx_word' id='word_1_587' title='bbox 1713 4250 1759 4287; x_wconf 85' lang='lat' dir='ltr'><strong>co·</strong></span> 
     </span>
     <span class='ocr_line' id='line_1_93' title="bbox 958 4322 1760 4399; baseline -0.007 -18"><span class='ocrx_word' id='word_1_588' title='bbox 958 4341 1017 4399; x_wconf 87' lang='lat' dir='ltr'><strong>que</strong></span> <span class='ocrx_word' id='word_1_589' title='bbox 1036 4322 1138 4381; x_wconf 86' lang='lat' dir='ltr'><strong>ordine</strong></span> <span class='ocrx_word' id='word_1_590' title='bbox 1158 4340 1252 4397; x_wconf 90' lang='lat' dir='ltr'><strong>eaque</strong></span> <span class='ocrx_word' id='word_1_591' title='bbox 1274 4342 1381 4399; x_wconf 76' lang='lat' dir='ltr'><strong>pernrpa</strong></span> <span class='ocrx_word' id='word_1_592' title='bbox 1401 4342 1459 4397; x_wconf 94' lang='lat' dir='ltr'><strong>qna</strong></span> <span class='ocrx_word' id='word_1_593' title='bbox 1485 4326 1554 4380; x_wconf 89' lang='lat' dir='ltr'><strong>ante</strong></span> <span class='ocrx_word' id='word_1_594' title='bbox 1580 4322 1760 4378; x_wconf 72' lang='lat' dir='ltr'><strong>incessimus</strong></span> 
     </span>
     <span class='ocr_line' id='line_1_94' title="bbox 958 4410 1760 4491; baseline -0.007 -20"><span class='ocrx_word' id='word_1_595' title='bbox 958 4432 1023 4471; x_wconf 85' lang='lat' dir='ltr'><strong>cum</strong></span> <span class='ocrx_word' id='word_1_596' title='bbox 1049 4412 1218 4491; x_wconf 86' lang='lat' dir='ltr'><strong>sclopetarii</strong></span> <span class='ocrx_word' id='word_1_597' title='bbox 1244 4411 1330 4469; x_wconf 87' lang='lat' dir='ltr'><strong>iidem</strong></span> <span class='ocrx_word' id='word_1_598' title='bbox 1358 4410 1542 4491; x_wconf 82' lang='lat' dir='ltr'><strong>Bajoresque</strong></span> <span class='ocrx_word' id='word_1_599' title='bbox 1567 4418 1688 4490; x_wconf 89' lang='lat' dir='ltr'><strong>praesto</strong></span> <span class='ocrx_word' id='word_1_600' title='bbox 1715 4430 1760 4467; x_wconf 83' lang='lat' dir='ltr'><strong>es·</strong></span> 
     </span>
     <span class='ocr_line' id='line_1_95' title="bbox 959 4501 1760 4579; baseline -0.006 -18"><span class='ocrx_word' id='word_1_601' title='bbox 959 4509 1036 4567; x_wconf 83' lang='lat' dir='ltr'><strong>sent.</strong></span> <span class='ocrx_word' id='word_1_602' title='bbox 1057 4523 1113 4561; x_wconf 88' lang='lat' dir='ltr'><strong>nee</strong></span> <span class='ocrx_word' id='word_1_603' title='bbox 1134 4518 1191 4559; x_wconf 83' lang='lat' dir='ltr'><strong>non</strong></span> <span class='ocrx_word' id='word_1_604' title='bbox 1213 4504 1372 4579; x_wconf 88' lang='lat' dir='ltr'><strong>lmpcrator</strong></span> <span class='ocrx_word' id='word_1_605' title='bbox 1399 4503 1536 4579; x_wconf 86' lang='lat' dir='ltr'><strong>lilinsque</strong></span> <span class='ocrx_word' id='word_1_606' title='bbox 1562 4502 1607 4560; x_wconf 89' lang='lat' dir='ltr'><strong>sol</strong></span> <span class='ocrx_word' id='word_1_607' title='bbox 1634 4508 1693 4559; x_wconf 88' lang='lat' dir='ltr'><strong>tum</strong></span> <span class='ocrx_word' id='word_1_608' title='bbox 1723 4501 1760 4558; x_wconf 94' lang='lat' dir='ltr'><strong>lo-</strong></span> 
     </span>
     <span class='ocr_line' id='line_1_96' title="bbox 959 4590 1761 4673; baseline 0.006 -24"><span class='ocrx_word' id='word_1_609' title='bbox 959 4612 1023 4650; x_wconf 86' lang='lat' dir='ltr'><strong>cum</strong></span> <span class='ocrx_word' id='word_1_610' title='bbox 1037 4598 1247 4668; x_wconf 82' lang='lat' dir='ltr'><strong>occupassent.</strong></span> <span class='ocrx_word' id='word_1_611' title='bbox 1277 4590 1394 4649; x_wconf 78' lang='lat' dir='ltr'><strong>Ostium</strong></span> <span class='ocrx_word' id='word_1_612' title='bbox 1417 4596 1517 4671; x_wconf 72' lang='lat' dir='ltr'><strong>qralartii</strong></span> <span class='ocrx_word' id='word_1_613' title='bbox 1539 4596 1605 4673; x_wconf 83' lang='lat' dir='ltr'><strong>ejus</strong></span> <span class='ocrx_word' id='word_1_614' title='bbox 1624 4592 1761 4669; x_wconf 84' lang='lat' dir='ltr'><strong>ingressi.</strong></span> 
     </span>
     <span class='ocr_line' id='line_1_97' title="bbox 958 4681 1760 4762; baseline -0.001 -24"><span class='ocrx_word' id='word_1_615' title='bbox 958 4681 1109 4762; x_wconf 87' lang='lat' dir='ltr'><strong>praecepit</strong></span> <span class='ocrx_word' id='word_1_616' title='bbox 1132 4682 1218 4739; x_wconf 88' lang='lat' dir='ltr'><strong>nobis</strong></span> <span class='ocrx_word' id='word_1_617' title='bbox 1238 4682 1401 4760; x_wconf 88' lang='lat' dir='ltr'><strong>interpres,</strong></span> <span class='ocrx_word' id='word_1_618' title='bbox 1428 4692 1458 4741; x_wconf 91' lang='lat' dir='ltr'><strong>ut</strong></span> <span class='ocrx_word' id='word_1_619' title='bbox 1480 4686 1509 4743; x_wconf 92' lang='lat' dir='ltr'><strong>in</strong></span> <span class='ocrx_word' id='word_1_620' title='bbox 1530 4683 1605 4742; x_wconf 87' lang='lat' dir='ltr'><strong>sella</strong></span> <span class='ocrx_word' id='word_1_621' title='bbox 1630 4682 1692 4740; x_wconf 91' lang='lat' dir='ltr'><strong>illic</strong></span> <span class='ocrx_word' id='word_1_622' title='bbox 1715 4702 1760 4757; x_wconf 89' lang='lat' dir='ltr'><strong>po·</strong></span> 
     </span>
     <span class='ocr_line' id='line_1_98' title="bbox 957 4770 1762 4841; baseline -0.007 -8"><span class='ocrx_word' id='word_1_623' title='bbox 957 4775 1015 4833; x_wconf 86' lang='lat' dir='ltr'><strong>sita</strong></span> <span class='ocrx_word' id='word_1_624' title='bbox 1036 4770 1243 4841; x_wconf 75' lang='lat' dir='ltr'><strong>resideremus,</strong></span> <span class='ocrx_word' id='word_1_625' title='bbox 1264 4772 1319 4831; x_wconf 85' lang='lat' dir='ltr'><strong>scd</strong></span> <span class='ocrx_word' id='word_1_626' title='bbox 1339 4774 1476 4831; x_wconf 86' lang='lat' dir='ltr'><strong>membris</strong></span> <span class='ocrx_word' id='word_1_627' title='bbox 1498 4774 1544 4831; x_wconf 80' lang='lat' dir='ltr'><strong>vix</strong></span> <span class='ocrx_word' id='word_1_628' title='bbox 1570 4772 1635 4831; x_wconf 87' lang='lat' dir='ltr'><strong>sedi</strong></span> <span class='ocrx_word' id='word_1_629' title='bbox 1662 4772 1762 4830; x_wconf 77' lang='lat' dir='ltr'><strong>adno-</strong></span> 
     </span>
     <span class='ocr_line' id='line_1_99' title="bbox 957 4862 1761 4945; baseline -0.001 -23"><span class='ocrx_word' id='word_1_630' title='bbox 957 4866 997 4922; x_wconf 87' lang='lat' dir='ltr'><strong>tis</strong></span> <span class='ocrx_word' id='word_1_631' title='bbox 1016 4882 1173 4940; x_wconf 88' lang='lat' dir='ltr'><strong>assurgere</strong></span> <span class='ocrx_word' id='word_1_632' title='bbox 1188 4866 1290 4945; x_wconf 87' lang='lat' dir='ltr'><strong>jussit,</strong></span> <span class='ocrx_word' id='word_1_633' title='bbox 1312 4870 1340 4921; x_wconf 93' lang='lat' dir='ltr'><strong>el</strong></span> <span class='ocrx_word' id='word_1_634' title='bbox 1360 4864 1398 4921; x_wconf 86' lang='lat' dir='ltr'><strong>ad</strong></span> <span class='ocrx_word' id='word_1_635' title='bbox 1420 4865 1515 4922; x_wconf 84' lang='lat' dir='ltr'><strong>locum</strong></span> <span class='ocrx_word' id='word_1_636' title='bbox 1532 4864 1698 4923; x_wconf 90' lang='lat' dir='ltr'><strong>tractationi</strong></span> <span class='ocrx_word' id='word_1_637' title='bbox 1714 4862 1761 4921; x_wconf 90' lang='lat' dir='ltr'><strong>dc·</strong></span> 
     </span>
     <span class='ocr_line' id='line_1_100' title="bbox 957 4954 1764 5033; baseline 0.001 -19"><span class='ocrx_word' id='word_1_638' title='bbox 957 4960 1087 5033; x_wconf 89' lang='lat' dir='ltr'><strong>putatum</strong></span> <span class='ocrx_word' id='word_1_639' title='bbox 1111 4976 1165 5013; x_wconf 88' lang='lat' dir='ltr'><strong>nos</strong></span> <span class='ocrx_word' id='word_1_640' title='bbox 1186 4954 1350 5030; x_wconf 87' lang='lat' dir='ltr'><strong>deportare.</strong></span> <span class='ocrx_word' id='word_1_641' title='bbox 1385 4954 1453 5023; x_wconf 81' lang='lat' dir='ltr'><strong>Quo</strong></span> <span class='ocrx_word' id='word_1_642' title='bbox 1474 4974 1538 5014; x_wconf 88' lang='lat' dir='ltr'><strong>eum</strong></span> <span class='ocrx_word' id='word_1_643' title='bbox 1562 4954 1764 5033; x_wconf 69' lang='lat' dir='ltr'><strong>pervenimus.</strong></span> 
     </span>
     <span class='ocr_line' id='line_1_101' title="bbox 958 5044 1761 5122; baseline -0.002 -19"><span class='ocrx_word' id='word_1_644' title='bbox 958 5046 1129 5105; x_wconf 79' lang='lat' dir='ltr'><strong>Conciliari.</strong></span> <span class='ocrx_word' id='word_1_645' title='bbox 1156 5048 1204 5122; x_wconf 93' lang='lat' dir='ltr'><strong>qui</strong></span> <span class='ocrx_word' id='word_1_646' title='bbox 1232 5046 1419 5103; x_wconf 86' lang='lat' dir='ltr'><strong>laetationem</strong></span> <span class='ocrx_word' id='word_1_647' title='bbox 1448 5046 1575 5122; x_wconf 82' lang='lat' dir='ltr'><strong>ingrcssi</strong></span> <span class='ocrx_word' id='word_1_648' title='bbox 1603 5044 1761 5105; x_wconf 74' lang='lat' dir='ltr'><strong>nobiseum</strong></span> 
     </span>
     <span class='ocr_line' id='line_1_102' title="bbox 957 5136 1762 5208; baseline -0.002 -15"><span class='ocrx_word' id='word_1_649' title='bbox 957 5142 1051 5195; x_wconf 87' lang='lat' dir='ltr'><strong>erant.</strong></span> <span class='ocrx_word' id='word_1_650' title='bbox 1072 5154 1190 5208; x_wconf 79' lang='lat' dir='ltr'><strong>caueam</strong></span> <span class='ocrx_word' id='word_1_651' title='bbox 1213 5142 1331 5192; x_wconf 89' lang='lat' dir='ltr'><strong>nostrae</strong></span> <span class='ocrx_word' id='word_1_652' title='bbox 1352 5136 1507 5203; x_wconf 82' lang='lat' dir='ltr'><strong>legationis</strong></span> <span class='ocrx_word' id='word_1_653' title='bbox 1534 5150 1639 5195; x_wconf 76' lang='lat' dir='ltr'><strong>narsus</strong></span> <span class='ocrx_word' id='word_1_654' title='bbox 1664 5136 1762 5193; x_wconf 79' lang='lat' dir='ltr'><strong>susci-</strong></span> 
     </span>
    </p>
   </div>
   <div class='ocr_carea' id='block_1_5' title="bbox 0 0 1876 5626">
    <p class='ocr_par' dir='ltr' id='par_1_16' title="bbox 0 0 1876 5626">
     <span class='ocr_line' id='line_1_103' title="bbox 0 0 1876 5626; baseline 0 0"><span class='ocrx_word' id='word_1_655' title='bbox 0 0 1876 5626; x_wconf 95' lang='lat' dir='ltr'><strong> </strong></span> 
     </span>
    </p>
   </div>
  </div>
 </body>
</html>
