3742 5626
763 222 1001 301 nnscnrrrro.
1686 233 1718 289 n

60 398 186 459 magnus
197 373 498 453 anNorogrodiam
509 374 753 459 depopularetur,
773 377 860 448 ferro,
922 398 1022 439 eorum
1044 381 1121 444 bona
1140 386 1323 465 ctopessibt
1335 387 1470 459 ascribit,
1491 394 1720 449 eontrnonrnem

60 474 195 555 inquam,
223 476 255 531 et
278 471 346 547 igne
366 468 465 531 omnis
482 469 633 550 perderet,
656 476 800 550 utsupra
820 466 862 529 di·
920 472 1110 551 aeqnitatom.
1157 475 1207 537 Ile
1231 480 1339 559 quibus
1359 482 1449 543 rebus
1468 485 1499 541 et
1518 480 1721 561 iniquitatibus

60 573 140 629 etum
159 569 222 635 est,
251 560 332 623 ducti
351 566 422 623 sunt
439 563 549 644 captiui
567 562 679 643 aliquot
698 562 813 623 nobiles
831 563 861 622 in
919 561 1007 625 Dens
1025 564 1108 625 brari
1127 574 1224 630 sumet
1242 572 1434 651 supplicium,
1453 575 1543 635 istum
1555 573 1722 655 Principem

58 658 244 723 llloscoriam
264 656 380 727 urbem,
400 656 475 715 inter
495 655 584 715 etiarn
597 653 860 737 illosfuitquidam
920 662 951 718 et
968 664 1124 737 tyrannum
1144 668 1278 723 conteret
1304 669 1334 723 et
1351 670 1466 727 evertet
1485 685 1551 728 eum
1571 671 1634 729 tota
1652 668 1720 751 ejus

60 773 128 813 enm
148 769 239 811 uxore
259 752 291 809 et
308 747 425 820 liberis,
442 767 530 829 qoem
550 748 657 809 nobilis
677 748 859 810 commenda·
918 749 1044 823 familia,
1063 772 1119 813 neo
1138 755 1265 835 patietur
1283 756 1350 837 ejus
1360 777 1567 820 successorem
1585 779 1719 839 regnare.

59 846 102 905 rit
126 842 240 905 cuidam
264 840 360 903 aulico
379 842 460 920 regio
479 840 575 902 amico
594 862 660 903 suo.
710 841 773 903 lste
793 861 858 903 cum
919 843 995 906 Tum
1014 864 1139 925 magnus
1158 844 1231 907 Dux
1252 847 1384 927 irrumpit
1403 852 1431 911 in
1452 853 1539 925 iram,
1565 858 1595 921 et
1613 855 1659 915 sic
1679 854 1720 915 in.

61 936 240 997 detineretur
263 935 401 1015 eaptirua
421 934 470 995 diu
489 932 529 994 ab
548 935 605 995 isto
623 933 732 1007 aulico,
763 934 860 996 semel
918 936 950 999 tit
967 936 1007 999 sd
1026 938 1106 999 bunc
1125 939 1262 1001 miserum
1281 938 1407 1003 aulicum
1427 944 1537 1027 injuste
1555 946 1720 1010 abistoen·

61 1030 201 1110 conqueri
220 1028 334 1110 eoepit,
363 1025 453 1107 idque
471 1026 647 1105 gravissima
666 1026 705 1087 de
725 1027 857 1089 inaudita
916 1031 1001 1111 ptine
1011 1039 1201 1096 accusatum:
1221 1014 1377 1116 operfioe',
1395 1037 1624 1117 percipisneea,
1643 1058 1720 1119 quse

62 1122 114 1185 ille
130 1120 304 1202 tyrannide,
323 1140 382 1200 qua
390 1139 467 1181 usus
479 1125 527 1181 est
539 1139 662 1199 magnus
674 1119 746 1183 Dux
757 1122 788 1183 in
799 1118 860 1183 No·
918 1122 976 1183 iste
1001 1133 1104 1185 contro
1127 1132 1157 1187 ta
1180 1127 1311 1207 profertt
1344 1148 1400 1189 nec
1420 1127 1491 1191 data
1511 1128 1553 1191 illi
1572 1136 1720 1212 potestate

60 1213 306 1294 regredientibus
331 1213 526 1275 internecioni
542 1210 666 1275 madh:
698 1210 797 1293 deque
816 1214 859 1273 in·
918 1213 1116 1295 respondendi
1142 1224 1173 1279 et
1197 1218 1329 1283 diluendi
1349 1221 1457 1285 falsam
1477 1224 1720 1297 criminationem,

54 1309 160 1391 juriie,
184 1308 293 1390 quibus
312 1307 363 1368 ille
382 1312 413 1369 et
430 1311 493 1367 tota
511 1306 650 1369 nobilitas
669 1304 778 1367 affecte
797 1304 861 1367 fne-
919 1308 1009 1369 variis
1023 1312 1228 1388 quaestionum
1237 1314 1398 1392 generibus
1408 1320 1575 1396 torquetur:
1594 1318 1721 1398 quicum

59 1406 120 1463 ret:
149 1407 180 1463 et
198 1402 287 1483 plane
301 1402 404 1484 jugum
424 1400 512 1460 istius
531 1399 648 1479 tyranni
668 1419 741 1459 esse
761 1398 861 1459 intole·
920 1399 992 1461 nibil
1012 1400 1168 1475 fateretur,
1187 1408 1384 1471 etconlictnm
1395 1410 1506 1471 crimen
1518 1408 1641 1483 diceret,
1655 1412 1720 1495 jus·

58 1494 167 1557 rabile.
189 1493 274 1555 bisce
292 1496 406 1555 verbis:
425 1492 513 1553 Deus
532 1494 582 1573 qni
600 1492 793 1576 solusjnstus
805 1498 863 1561 est,
921 1495 961 1555 sit
979 1493 1130 1557 bominem
1150 1498 1329 1561 membratim
1348 1500 1509 1575 dissecari,
1529 1508 1560 1565 et
1574 1510 1679 1585 postea
1690 1505 1720 1565 in

58 1588 140 1651 baud
160 1586 249 1649 dubie
267 1608 324 1649 sno
339 1593 472 1668 ternpore
484 1584 641 1646 vindictam
652 1591 751 1645 sumet
763 1582 801 1644 de
811 1582 862 1645 illo
920 1587 1112 1669 profluentem
1121 1590 1201 1672 jaci:
1217 1591 1265 1651 sic
1285 1592 1335 1653 ille
1345 1595 1467 1667 nobilis,
1485 1596 1721 1681 ignobilisplane

58 1682 207 1761 ssnssulsse
227 1682 415 1741 l1¹⁰⁰⁰⁰¹¹l¹¹m
435 1688 496 1738 111111
509 1677 705 1739 inhumaniter
718 1682 748 1737 el
759 1674 861 1737 crudo·
920 1686 951 1742 et
968 1680 1090 1743 belluini
1110 1683 1220 1763 ingenii
1239 1682 1317 1746 falso
1336 1684 1481 1747 detulerat
1500 1688 1538 1751 nd
1554 1690 1720 1772 Principem

59 1775 126 1838 llltr
145 1794 266 1855 81111181),
284 1774 314 1833 ln
337 1774 431 1850 ῑΡ1111111
454 1771 568 1831 01100111
588 1775 719 1833 ettotam
732 1770 861 1853 ejueptr
918 1772 1081 1847 insontem,
1100 1775 1200 1855 lingua
1218 1796 1275 1838 sua
1295 1778 1432 1841 mendaci
1448 1782 1605 1843 necersirit
1618 1802 1721 1845 necem

59 1868 237 1931 steritatem:
257 1865 354 1943 dignis
373 1886 426 1945 pro
446 1864 557 1925 meritis
575 1863 683 1946 poenis
701 1863 797 1944 ipsum
815 1881 862 1923 ca·
919 1867 1083 1939 innocenti,
1102 1878 1134 1931 et
1154 1871 1221 1951 ipse
1240 1891 1278 1931 ex
1298 1870 1423 1934 alterius
1442 1874 1562 1935 interitu
1581 1874 1670 1937 ritem
1692 1881 1722 1937 et

60 1946 190 2040 stigdbit.
239 1957 358 2021 Deinde
379 1959 482 2035 paneis
503 1965 571 2035 post
591 1954 714 2028 diebus,
744 1974 811 2015 curn
831 1954 860 2013 in
920 1959 1084 2023 libertatem
1104 1964 1163 2024 5qu
1183 1967 1375 2045 mmmm,

59 2057 157 2117 animo
176 2074 233 2117 suo
253 2051 399 2122 volueret,
418 2070 454 2111 se
474 2051 563 2111 nimis
582 2054 693 2111 temere
712 2050 771 2109 ista
791 2044 861 2109 effu·

60 2150 181 2211 tirisse:
214 2151 245 2207 et
269 2143 350 2205 bunc
368 2143 512 2215 nobilem,
537 2141 617 2224 apud
639 2162 727 2223 quem
748 2145 811 2201 crat
830 2141 861 2201 in

61 2234 766 2322 11111111111111111111111111111111111·
804 2230 861 2295 111·
963 2214 1258 2317 llleltllllllS
1280 2216 1345 2319 bl
1370 2218 1686 2321 lllllltiNlSSlbld

61 2355 122 2416 que
140 2332 341 2396 fraudulenter
361 2330 532 2407 excogitare
552 2329 665 2409 coepit,
698 2324 769 2387 nibil
790 2345 862 2387 esso
919 2372 1059 2436 mm,
1079 2377 1140 2426 w„
1158 2376 1283 2426 mmm
1301 2377 1460 2429 mmm
1479 2378 1712 2429 mmm„

59 2429 182 2499 melius,
209 2445 297 2506 quarn
317 2424 344 2483 si
364 2422 462 2503 potius
481 2422 510 2480 in
529 2419 676 2501 bospitem
697 2440 784 2482 sunm
804 2418 863 2481 boc
918 2466 1084 2515 mmm
1095 2467 1288 2524 monum
1304 2469 1529 2531 nmmum
1548 2413 1726 2523 mmmm:

60 2524 172 2585 crimen
191 2516 372 2580 transferret.
415 2514 525 2575 Scribit
544 2514 711 2595 supplicem
731 2513 862 2575 libellum
919 2558 985 2607 w„
1003 2559 1204 2622 nmmum,
1215 2562 1427 2616 mmmm
1442 2563 1522 2613 qm
1536 2564 1725 2617 ,mmm

59 2614 101 2679 ad
120 2613 302 2694 Principem,
333 2611 362 2672 in
390 2628 448 2689 qno
473 2607 623 2669 indicabat
648 2628 755 2687 magno
772 2606 861 2678 Daci,
1215 2654 1340 2703 mnus
1358 2655 1427 2701 m

60 2705 142 2771 bunc
165 2706 292 2769 aulicum
310 2704 457 2781 Principis
477 2701 553 2763 baec
572 2702 661 2761 rerba
679 2702 709 2762 in
730 2700 863 2761 dedecus

61 2802 160 2882 ipsius
177 2799 352 2881 protulisse:
377 2794 496 2857 tradidit
515 2794 641 2856 eundem
662 2793 791 2855 libellum
813 2792 862 2853 ‹le-
998 2790 1087 2852 Anno
1101 2788 1223 2853 Domini
1240 2792 1316 2857 1570
1336 2813 1401 2855 cum
1418 2814 1454 2856 ex
1467 2793 1623 2857 Moscoria
1639 2796 1725 2857 inter·

63 2891 216 2955 ferendum
235 2892 346 2961 aulico,
366 2890 416 2970 qni
435 2888 548 2949 inscius
558 2892 621 2947 erat
632 2887 769 2957 omnium,
788 2905 865 2966 quae
922 2884 1021 2943 nuncii
1041 2882 1136 2965 Regis
1155 2883 1313 2961 Poloniae,
1335 2886 1480 2949 Proceres
1501 2886 1607 2949 Poloni
1627 2895 1659 2951 et
1676 2884 1725 2951 lai·
1839 2888 1844 2896 '

63 2985 176 3065 scripta
194 2984 321 3046 fuerant.
348 2978 560 3060 Magnnsan
579 2977 787 3059 quamprimum
801 2998 865 3059 per·
922 2971 1022 3035 thuani
1043 2973 1258 3041 discessissent
1292 2976 1342 3042 die
1362 2978 1448 3043 Elias
1467 2980 1650 3063 Propbetae,
1676 2985 1726 3065 qni

64 3078 137 3156 legit
161 3075 328 3159 supplicem
352 3073 497 3144 libellum,
525 3071 613 3154 jubet
638 3068 678 3131 ad
696 3090 732 3131 se
751 3071 866 3133 accersi
923 3063 989 3129 dics
1008 3066 1104 3130 festus
1123 3068 1203 3154 apud
1214 3070 1371 3135 Ruthenos
1390 3082 1438 3136 eat
1457 3072 1676 3147 celeberrimus,
1696 3084 1727 3137 st

62 3171 148 3234 illum
166 3167 441 3249 Noragrodiensem
461 3164 604 3235 nobilem,
623 3164 673 3244 qui
693 3170 756 3225 erat
775 3164 866 3245 rapti·
922 3155 1052 3239 Magnus
1067 3159 1137 3223 Dux
1153 3163 1342 3227 accumberet
1358 3186 1487 3240 mensae,
1508 3176 1539 3229 et
1553 3170 1580 3229 ei
1597 3188 1726 3251 appone·

63 3284 122 3329 rus
139 3262 218 3345 apud
239 3261 319 3323 bunc
336 3259 476 3321 aulicum.
507 3255 570 3321 lste
589 3256 707 3317 oblatus
726 3254 865 3337 Principi‚
922 3261 1023 3315 rentur
1033 3251 1167 3316 secunda
1177 3254 1298 3331 fercula,
1315 3256 1396 3321 velut
1408 3255 1536 3339 quodam
1548 3269 1647 3323 oestro
1665 3281 1727 3323 cor·

63 3356 160 3419 ferrea
184 3355 280 3417 fronto
299 3351 465 3435 praeditus,
495 3351 593 3411 statim
614 3348 728 3411 confert
747 3350 865 3418 crimen,
923 3356 1039 3429 reptes.
1060 3350 1164 3427 surgit,
1189 3370 1208 3411 a
1230 3370 1348 3423 mensa,
1375 3354 1471 3412 etsie
1491 3352 1648 3436 alloquitur
1668 3352 1727 3416 sibi

63 3471 122 3532 quo
143 3454 207 3510 erat
227 3440 866 3527 rensinipsumaulicnmimpudentissimc,
923 3448 1058 3502 astantes
1077 3440 1238 3516 satellites,
1258 3445 1413 3525 sequimini
1434 3466 1497 3519 me,
1517 3444 1596 3529 qnod
1616 3446 1729 3510 faciunt

64 3549 96 3605 et
116 3544 157 3603 ita
170 3563 206 3604 se
218 3560 280 3602 rem
291 3538 402 3601 babere
413 3537 538 3608 asserit,
559 3536 711 3617 inquiens:
728 3534 866 3597 Serenis·
923 3536 996 3614 ipsi,
1017 3542 1047 3593 et
1059 3534 1137 3595 nrille
1151 3538 1301 3616 quingenti
1322 3536 1508 3618 catapultarii
1526 3544 1656 3622 equites:
1678 3540 1728 3602 ille

64 3637 140 3698 sime
158 3636 286 3698 Domine
307 3638 337 3693 et
356 3650 464 3710 magne
483 3628 571 3699 Dux,
602 3634 635 3688 tu
655 3648 711 3689 nos
730 3628 867 3691 subditos
924 3622 1145 3707 reroPrirrceps
1155 3630 1362 3709 pernicissimo
1374 3632 1727 3713 cursupergitadarcem,

65 3735 97 3791 et
116 3749 221 3791 servos
241 3725 346 3787 fideles
365 3724 491 3804 affligis,
520 3723 601 3783 miris
619 3719 715 3781 modis
735 3721 866 3793 interfici,
924 3716 1023 3799 ibique
1043 3739 1146 3780 orrrnes
1162 3717 1265 3781 ordine
1281 3741 1316 3783 sc
1334 3722 1481 3785 collocant
1501 3734 1569 3787 ante
1583 3724 1729 3788 Palatium

64 3822 307 3899 membratimque
317 3816 461 3879 dissecari
466 3816 574 3898 jubes:
596 3813 755 3875 facultates
768 3819 798 3874 et
811 3814 866 3875 for·
924 3808 1029 3883 Ducis,
1049 3820 1110 3873 tum
1129 3814 1218 3875 etiarn
1234 3816 1264 3873 in
1278 3812 1336 3874 bac
1352 3835 1421 3875 arce
1437 3836 1503 3876 cum
1519 3816 1667 3879 habitaret
1686 3820 1730 3877 rir

65 3922 156 3979 tuuas
180 3920 300 3975 nostras
324 3910 411 3971 nobis
432 3909 529 3989 rapis,
556 3907 723 3990 proditores
743 3928 798 3968 nos
817 3928 867 3988 ap·
924 3924 1056 3965 snmnnrs
1085 3912 1160 3965 etex
1170 3904 1344 3986 proceribus
1355 3925 1414 3965 non
1428 3915 1605 3988 postremus,
1622 3909 1729 3970 Petrus

66 4008 176 4090 pellas,
195 4002 324 4065 rebelles
340 4003 533 4085 etpery‘uros,
553 4000 651 4062 atalia
661 3998 807 4061 borrenrla
818 4020 868 4059 no·
925 3995 1119 4068 Serebrinns,
1144 4005 1176 4057 et
1195 3998 1237 4057 rei
1256 3994 1382 4057 bellicae
1408 4001 1621 4079 peritissimus,
1643 4000 1731 4083 jubet

68 4101 118 4161 bis
141 4099 333 4179 objiciuntur,
361 4101 393 4155 et
418 4095 456 4155 ob
476 4092 580 4155 oculos
599 4098 760 4175 ponuntur,
791 4114 868 4173 quae
926 4109 1050 4169 magnus
1070 4088 1140 4149 Dux
1159 4090 1253 4169 ipsium
1274 4086 1391 4151 domum
1408 4110 1489 4153 more
1508 4090 1608 4155 hostili
1628 4096 1729 4179 impeti

68 4192 168 4255 omnia
185 4190 327 4249 immerito
340 4189 481 4271 patimur,
501 4187 688 4249 nonistorum
701 4185 867 4247 reisnmns.
927 4190 958 4244 et
976 4178 1074 4244 inradi
1094 4180 1133 4243 ab
1149 4183 1217 4242 istis
1235 4180 1383 4257 militibus,
1405 4187 1501 4267 ipsum
1517 4194 1614 4249 autern
1631 4190 1730 4271 capite

67 4290 113 4351 At
130 4286 157 4345 si
176 4283 286 4352 scires,
305 4300 363 4361 qno
383 4280 451 4341 odio
470 4280 519 4343 val
537 4278 694 4361 plusquam
710 4278 870 4351 ratiniano,
927 4272 1048 4335 diminui
1069 4282 1098 4334 et
1118 4278 1263 4337 truncari:
1283 4272 1363 4337 dicto
1378 4275 1526 4363 Principis
1540 4290 1680 4363 parentes
1694 4284 1730 4343 ir·

68 4388 101 4443 ta
120 4381 336 4460 prosequantur
349 4375 392 4434 tui
402 4374 571 4445 domestici,
592 4378 623 4433 et
633 4377 743 4453 quanta
754 4373 795 4433 sit
805 4393 868 4454 per·
927 4374 1015 4429 rnnnt
1032 4368 1063 4427 in
1083 4365 1200 4429 domum
1221 4368 1314 4443 illam,
1334 4374 1435 4433 statim
1456 4376 1576 4456 capiunt
1595 4384 1625 4437 et
1644 4378 1730 4438 mise.

70 4471 276 4537 lidiailiorum,
295 4466 404 4545 quibus
415 4467 569 4549 plurimum
583 4464 650 4529 udis
662 4472 781 4545 ergate,
793 4486 870 4547 qnos
928 4482 990 4523 rum
1011 4460 1090 4521 illurn
1109 4460 1300 4524 Serebrinnm
1317 4464 1472 4527 extrabant
1487 4486 1523 4527 ex
1538 4464 1673 4539 aedibus,
1694 4489 1730 4531 ae

73 4564 203 4646 quotidie
223 4559 715 4621 maximisaccumulasbeneliciisr
737 4558 870 4641 profecto
929 4554 1054 4617 oderunt
1074 4575 1179 4635 magno
1192 4554 1281 4631 Dnei,
1301 4558 1349 4638 qui
1369 4560 1435 4619 sine
1455 4558 1513 4621 alia
1533 4560 1732 4639 inquisitione,

74 4660 191 4740 egregie
210 4675 265 4717 eos
285 4655 457 4735 exciperes,
481 4674 520 4715 ex
541 4673 662 4732 quornm
682 4673 803 4713 numero
823 4660 872 4711 est
929 4671 967 4711 ne
979 4648 1058 4711 farta
1069 4648 1156 4709 ullius
1170 4648 1311 4711 facinoris
1327 4646 1449 4711 admissi
1467 4649 1505 4711 ab
1522 4670 1558 4711 eo
1574 4654 1731 4725 mentione,

72 4754 132 4815 tete
156 4749 272 4812 aulicus
290 4759 377 4819 tuus,
411 4748 498 4823 ouius
517 4747 626 4806 carceri
646 4766 692 4805 me
711 4744 870 4807 trndidisti.
931 4743 1086 4805 confestim
1107 4742 1156 4803 ille
1171 4742 1330 4805 satellitum
1347 4740 1515 4823 praefectus
1531 4742 1665 4803 Senator.
1688 4766 1731 4807 ar·

72 4844 152 4910 Nam
175 4844 239 4906 beri
264 4843 398 4922 vesperi,
428 4859 475 4900 me
493 4844 652 4920 praesente
674 4844 705 4900 et
722 4838 873 4909 audiente,
931 4845 1015 4919 repta
1034 4838 1132 4897 securi
1153 4844 1242 4917 capnt
1259 4834 1301 4895 illi
1322 4842 1465 4916 amputat.
1503 4832 1554 4895 Ad
1574 4844 1731 4900 extremum

70 4937 272 5025 jactabundus
283 4934 359 4995 baec
370 4932 460 4995 rerba
472 4932 698 5012 pronunciabat:
720 4928 872 4993 Outinam
933 4950 998 4991 cum
1018 4928 1145 5009 blagnus
1166 4926 1248 5017 llus,
1273 4925 1413 5009 quicquid
1440 4924 1481 4986 illi
1505 4930 1601 4989 nsum
1628 4928 1732 5005 fuerat,

74 5033 163 5097 Deus
182 5032 326 5091 citissime
345 5030 521 5089 innocentes
534 5022 874 5086 vindicetacrunclitate
922 5024 1030 5103 rapuit
1049 5030 1079 5083 et
1099 5041 1134 5081 ex
1154 5018 1278 5079 fortunis
1299 5021 1384 5079 istius
1405 5019 1484 5083 Petri
1506 5020 1666 5100 Serebrini,
1690 5046 1734 5089 re·

76 5128 166 5188 istius
184 5125 300 5205 tyranni
318 5124 414 5201 magni
433 5120 549 5192 lincis,
571 5138 638 5178 narn
657 5116 706 5177 illa
726 5114 799 5175 diris
818 5122 873 5176 tor
934 5116 1044 5197 liqurrm
1056 5114 1189 5196 permisit
1205 5108 1480 5195 praedacmilitnm:
1499 5124 1529 5179 et
1546 5138 1584 5181 ne
1602 5118 1672 5201 quid
1685 5140 1733 5183 sn-

79 5219 186 5283 nentis
206 5236 281 5279 suos
298 5215 406 5287 allicit,
426 5219 532 5279 mactat
551 5218 581 5273 et
594 5210 720 5273 trucidat
733 5208 876 5281 insontes,
936 5212 1073 5293 parasset
1082 5202 1224 5271 bonomm
1240 5204 1318 5271 illine
1343 5208 1436 5289 jussit
1451 5210 1590 5293 reliquias
1610 5211 1733 5275 lemnia
