3742 5626
754 139 1013 201 mimis.
1692 145 1724 201 u

58 298 137 363 diem
157 306 256 363 auton
276 295 407 360 Veneris
433 297 500 359 sine
524 295 591 359 oris
610 292 747 375 laeteque
766 293 864 355 nadu-
921 302 1061 374 tuasque
1087 289 1263 373 disciplinas
1286 297 1319 356 et
1348 291 1522 356 rationales
1546 295 1722 360 medicina·

58 400 146 457 cunt:
168 391 226 457 sed
251 391 374 454 Saturni
397 389 465 451 dies
490 408 595 451 mensa
619 387 758 449 omnibus
775 388 863 448 nuso
921 404 1071 465 nunqnam
1089 386 1229 465 attigere3
1247 389 1327 469 iique
1347 407 1400 466 pro
1419 386 1545 449 medicis
1563 397 1724 468 segerurrt,

58 488 118 549 niis
137 487 261 568 opipare
280 482 397 555 referta,
415 479 718 550 bilariterexcolitur.
757 478 865 541 Caete-
922 479 971 559 qui
991 477 1119 560 alicujus
1137 479 1226 559 paulo
1256 480 1410 558 metieris
1435 480 1546 543 berbse
1569 483 1664 555 vires,
1686 504 1725 545 se

57 600 121 641 rurs
140 599 233 638 secus
251 595 354 639 senos
367 575 511 647 solemus,
531 575 630 635 nullas
645 571 787 633 festorum
802 570 864 632 dic·
921 571 1034 651 pluries
1052 572 1233 632 observasse
1252 574 1434 653 [nolitentnr.
1470 575 1551 635 Auni
1571 574 1650 653 apud
1668 596 1726 637 eos

58 692 122 733 rum
142 670 260 750 uigilias
278 668 447 730 observant.
486 665 728 745 Religiosissime
752 662 865 745 templs
923 684 981 723 nen
998 683 1017 725 a
1035 663 1125 724 natali
1146 661 1269 736 Christi,
1295 664 1352 726 sed
1376 666 1500 745 abipso
1518 666 1621 728 mundi
1642 669 1725 730 initio

58 767 242 833 venerantur,
267 761 344 823 adse
370 765 403 822 ut
421 780 459 822 ea
477 780 575 839 neque
594 759 673 821 vires
703 777 800 837 neque
822 755 863 817 fe-
922 756 1197 835 numerantur,·qui
1217 776 1275 816 nen
1300 778 1442 821 enense
1459 758 1611 832 Januario,
1629 761 1724 823 sede

60 857 155 917 ninas
174 855 310 916 venereis
330 853 462 937 pollutos
482 851 678 934 conplexibus
695 851 803 911 intrare
815 850 863 910 fas
922 848 1092 930 Septembri
1113 849 1267 928 incipiunt.
1298 849 1402 931 Leges
1419 855 1483 914 tote
1502 872 1595 931 regno
1613 853 1726 916 habent

59 950 108 1021 sit,
128 948 185 1009 nisi
207 949 288 1027 prius
307 948 430 1028 priuatis
449 945 566 1009 balneis
584 944 749 1007 abluantur.
789 942 863 1004 See·
921 941 1083 1021 simplices,
1108 961 1224 1003 summe
1247 941 1413 1024 principum
1440 950 1472 1006 et
1490 944 1724 1028 justissimorum

59 1062 158 1124 peque
182 1040 305 1113 neubi,
335 1046 369 1102 ut
393 1038 563 1121 complures
587 1040 742 1117 utriusque
767 1055 864 1097 sexus
922 1033 1070 1095 bominum
1095 1035 1246 1116 aeqrffiate
1265 1034 1418 1098 conditas:
1444 1042 1475 1098 et
1496 1044 1652 1119 propterea
1672 1062 1724 1122 pn·

59 1154 146 1196 secra
164 1133 331 1205 audientes,
349 1138 432 1194 extra
449 1131 539 1193 limen
558 1132 734 1200 consistant,
753 1134 784 1189 et
798 1149 866 1208 prn·
921 1128 1002 1207 pulis
1022 1127 1108 1189 valde
1134 1127 1293 1201 salutares,
1318 1131 1459 1209 queniam
1477 1150 1533 1191 ess
1551 1131 1623 1193 ullis
1641 1134 1725 1195 causi

60 1234 161 1306 pterea
178 1248 199 1289 a
218 1224 347 1308 petulcis
365 1223 522 1285 iuvenibus
540 1223 670 1283 recentis
680 1222 864 1282 incontinen·
923 1218 1055 1280 dioomm
1079 1220 1315 1284 cavillationibus
1339 1223 1522 1305 interpretari
1547 1229 1637 1304 etque
1659 1247 1724 1308 per

58 1323 119 1382 tiae
140 1321 243 1390 notati,
262 1318 369 1379 lucetis
388 1314 548 1394 aliquande
560 1314 680 1375 nutibus
689 1314 864 1373 salutentur.
922 1317 1038 1371 vertere
1058 1313 1218 1376 nonlicet.
1240 1314 1290 1376 De
1309 1315 1433 1388 furibus,
1450 1317 1569 1381 sicardis
1589 1326 1622 1379 et
1638 1319 1725 1381 istro·

61 1415 93 1473 ln
114 1414 180 1492 ipso
200 1410 291 1471 notati
310 1409 359 1469 die
377 1407 505 1469 loannis
523 1406 689 1488 Baptistae,
710 1411 741 1466 et
759 1406 788 1465 in
808 1403 864 1466 Pe·
924 1403 1013 1465 nibus
1032 1405 1210 1486 supplicium
1229 1415 1360 1473 sumum.
1392 1408 1492 1482 Quum
1512 1409 1551 1470 dc
1571 1410 1726 1475 uledcib

60 1504 175 1572 schole,
194 1504 280 1563 trium
295 1500 458 1579 lilugorurr,
477 1500 646 1581 presbyteri
661 1503 796 1559 muetos
816 1517 865 1576 pe·
921 1496 1126 1576 quaestionem
1145 1496 1266 1568 babent,
1284 1519 1353 1559 reos
1371 1502 1463 1563 multa
1477 1502 1664 1585 gelidaequa
1674 1526 1725 1569 ss·

62 1618 118 1657 nes
137 1616 243 1675 parvos
263 1596 315 1655 toti
337 1593 444 1672 populo
464 1591 639 1671 largiuntur,
664 1611 787 1671 quorun
808 1610 864 1650 esu
921 1608 1014 1669 perne
1033 1587 1168 1651 demissa
1191 1588 1382 1672 perfundunt,
1407 1584 1488 1671 quod
1511 1595 1724 1659 intolerandum

60 1688 195 1749 febribus
214 1688 400 1748 conflictatos
426 1684 547 1746 allevari
572 1685 754 1744 existimant.
794 1682 865 1745 Alie
921 1682 1058 1741 tormenti
1082 1701 1180 1760 genus
1204 1703 1277 1744 esse
1300 1683 1467 1764 perbibent.
1509 1683 1725 1770 Nonnunquen

59 1801 177 1860 qnoque
196 1800 292 1850 sacra,
311 1783 392 1839 certo
411 1779 481 1838 anni
500 1782 634 1857 tempere
645 1775 727 1857 spud
745 1775 866 1837 flumina
922 1773 1075 1836 obduratis
1096 1779 1126 1835 et
1145 1776 1382 1848 contumacibus,
1401 1782 1434 1837 ut
1452 1777 1606 1840 confessio
1630 1783 1726 1845 erirrl·

59 1873 128 1951 geln
147 1878 286 1933 concreta
310 1870 505 1931 celebrantur.
551 1871 584 1930 ln
610 1870 674 1948 ripa
692 1868 865 1929 tabernacu·
922 1867 970 1928 uis
989 1868 1182 1950 exprimetur,
1208 1868 1316 1947 ligneis
1340 1870 1477 1932 cuneolis
1501 1871 1654 1951 digitum
1673 1895 1726 1937 us·

60 1965 118 2025 lun
139 1966 334 2034 constituunt,
353 1968 384 2023 et
402 1963 546 2024 advocata
565 1962 718 2023 nobilitate
736 1960 864 2041 bymnos
921 1979 998 2040 gues
1017 1959 1231 2021 convelluntur.
1252 1962 1395 2024 lurentns
1412 1965 1508 2025 coreb
1527 1967 1617 2028 uariis
1636 1966 1726 2040 ludis,

60 2078 216 2119 numeroso
237 2061 383 2117 concentu
389 2057 595 2138 pronunciant,
613 2074 779 2135 sacraeque
791 2056 865 2134 lym·
922 2052 979 2113 sed
1003 2053 1126 2114 militiae
1150 2055 1294 2134 proximis
1314 2074 1386 2115 sese
1405 2064 1544 2119 excreetr
1568 2060 1599 2121 in
1625 2060 1726 2123 stadie

24 2154 28 2161 “
60 2149 138 2230 pbao
158 2150 249 2212 multa
267 2151 424 2231 aspergine
444 2149 640 2228 profluentem
648 2147 813 2228 purificant,
833 2154 865 2207 et
922 2166 1012 2207 cursu
1022 2145 1183 2217 contendit,
1201 2147 1231 2206 in
1242 2145 1394 2228 psleestra
1409 2150 1593 2223 collaetatur,
1612 2154 1726 2234 pernici

61 2242 178 2303 solenni
199 2243 366 2303 ceremonia
385 2247 508 2303 stam·
534 2247 565 2302 et
584 2248 790 2301 consecratum
811 2240 865 2299 cir-
921 2239 974 2300 tati
1000 2259 1141 2318 equomm
1165 2239 1282 2301 studet:
1312 2243 1509 2324 omnibusque
1528 2247 1669 2327 praemia,
1694 2251 1727 2308 et

61 2336 195 2397 cumcisa
221 2339 251 2395 et
275 2337 395 2396 revulsa
420 2334 516 2413 glacie
541 2334 677 2415 protinus
700 2333 866 2414 asperiunt.
922 2333 1094 2411 praesertim
1113 2333 1328 2411 sagittmieruu
1348 2335 1503 2416 peritisset
1515 2348 1726 2419 proponuntur.

64 2429 105 2489 lis
124 2430 216 2490 rebus
235 2429 290 2489 rite
309 2428 464 2498 confectis,
484 2428 511 2488 si
533 2427 582 2506 qui
602 2425 712 2487 adsunt
726 2425 864 2504 languen-
923 2426 956 2484 ln
976 2426 1145 2487 universnm
1157 2424 1343 2489 dioscoritas
1362 2434 1475 2490 stature
1493 2432 1726 2505 sunt-edmeri,

60 2526 110 2581 tes
128 2521 176 2581 rel
194 2520 337 2593 morbosi,
362 2522 391 2581 in
411 2520 519 2580 flumen
538 2519 694 2591 desiliunt,
720 2524 751 2580 et
768 2519 865 2580 sacris
922 2516 980 2578 sed
1000 2518 1152 2597 quadrata,
1172 2528 1202 2580 et
1222 2519 1309 2580 valde
1328 2525 1444 2583 torosa:
1470 2524 1563 2584 masii
1588 2525 1727 2587 omnibns

61 2615 148 2693 aquis
158 2613 323 2684 abluuntur,
343 2633 432 2694 quum
452 2612 491 2672 ob
504 2612 535 2673 id
547 2613 606 2674 elui
620 2612 787 2673 morborum
802 2633 865 2673 sor·
923 2610 1011 2682 oculi,
1030 2612 1163 2692 prolixae
1183 2612 1301 2682 barbae,
1322 2631 1407 2674 cmra
1424 2614 1535 2686 brevia,
1555 2622 1587 2677 et
1605 2626 1727 2678 ventres

61 2706 118 2767 des
138 2727 311 2784 persuasum
324 2706 464 2767 baberet.
486 2704 637 2777 Defuncti,
656 2707 698 2767 uti
710 2704 788 2784 apud
800 2725 865 2777 nes,
923 2706 1050 2777 extenti;
1070 2705 1202 2784 equitant
1220 2704 1382 2765 contractis
1399 2705 1557 2769 admodum
1574 2708 1726 2780 cruribus;

62 2798 201 2859 mediocri
221 2799 333 2859 funeris
351 2817 460 2879 pompa
479 2797 687 2859 comitantibus
711 2798 865 2878 presbyto·
924 2800 955 2856 et
973 2796 1162 2876 peritissime,
1181 2795 1230 2857 rel
1248 2796 1347 2857 aversi
1365 2809 1399 2860 et
1418 2798 1574 2877 fugientes,
1598 2801 1727 2880 segittn

61 2892 104 2952 ris
125 2889 298 2960 edometur,
324 2892 420 2968 capite
445 2910 553 2971 mappa
576 2889 690 2951 relator
716 2896 866 2951 cactenrm
923 2891 1070 2950 emittunt
1109 2887 1198 2950 lieni
1218 2891 1341 2971 opipara
1360 2892 1460 2972 potius
1478 2913 1565 2973 quen
1586 2892 1666 2955 laute
1686 2894 1728 2955 ri·

62 3003 123 3042 non
145 2982 323 3062 intuendis,
348 2983 389 3042 uti
409 2980 490 3062 apud
514 3002 570 3042 nos
590 2982 678 3060 inpia
698 3003 798 3064 prope,
818 2982 866 3046 rel
923 2986 1010 3042 runt:
1034 3000 1151 3062 usuque
1177 2984 1306 3044 omniun
1331 2981 1425 3045 ferme
1451 2986 1623 3047 cibariorum
1648 3007 1727 3066 quae

61 3075 252 3137 abominabili
289 3083 370 3135 certe
402 3075 569 3156 corruptela
605 3081 777 3154 usurpatum
807 3084 866 3148 est,
923 3072 971 3135 vel
991 3095 1010 3135 s
1029 3075 1279 3137 luxuriosissimis
1298 3072 1460 3139 desiderari
1478 3083 1620 3159 possum,
1647 3098 1727 3139 nere·

62 3168 170 3229 sedin
189 3170 286 3249 septis
304 3187 341 3228 ac
361 3168 556 3229 exterioribus
582 3168 755 3248 templorurr
778 3169 866 3229 resti·
923 3187 979 3229 sse
996 3187 1097 3229 eorum
1122 3173 1154 3229 et
1177 3187 1268 3248 parve
1294 3167 1410 3248 quide·
1437 3171 1535 3249 precio
1553 3171 1665 3250 pessi·
1684 3172 1726 3232 in·

64 3261 142 3321 bulis
161 3261 333 3342 sepulturae
353 3260 519 3332 traduntur,
545 3261 642 3340 iisque
661 3281 743 3322 mere
765 3266 866 3321 nostre
923 3265 1083 3321 struuntur.
1109 3257 1246 3321 Gallinae
1264 3261 1421 3340 siquidem,
1440 3270 1470 3322 ct
1491 3269 1607 3334 aestu,
1625 3264 1725 3342 singu·

63 3352 263 3433 quadragenis
282 3353 389 3414 diebus
415 3357 586 3434 parentant:
614 3353 693 3434 quod
715 3358 795 3413 certe
814 3354 866 3414 mi·
924 3354 963 3415 lis
981 3373 1074 3433 saepe
1092 3353 1275 3433 argenteolis
1287 3354 1427 3415 tenuibus
1440 3355 1569 3417 nummis
1580 3350 1726 3428 receuoir

61 3467 123 3506 rurn
145 3445 272 3518 ridetur,
297 3465 387 3526 quum
414 3447 444 3505 in
468 3446 637 3528 purgatorio
662 3445 728 3507 loco
753 3447 867 3528 expiari
923 3447 1045 3528 majoris
1062 3447 1242 3525 minorisque
1261 3446 1377 3526 pecoris
1402 3447 1584 3508 incredibilis
1609 3453 1658 3509 est
1676 3468 1727 3509 ec·

62 3540 193 3610 animas,
229 3545 259 3600 et
284 3539 437 3599 criminum
463 3558 589 3617 poenam
614 3537 684 3599 uilis
707 3539 866 3599 amicorum
923 3540 986 3618 pie:
1006 3545 1037 3600 ot
1057 3541 1178 3600 occisae
1197 3536 1294 3599 medis
1307 3536 1416 3618 byeus
1429 3541 1588 3620 juvencae,
1608 3561 1727 3603 concre-

63 3632 229 3712 suppliciis,
249 3631 370 3712 ulloque
390 3632 510 3709 pietatis
530 3629 766 3709 efficiemitigari
784 3631 867 3713 peni·
923 3633 964 3693 tis
982 3631 1050 3709 gelu
1072 3632 1212 3692 carnibus
1233 3630 1438 3691 duorum-fere
1458 3634 1604 3693 mensium
1624 3635 1727 3714 specio

63 3729 114 3783 tos
133 3730 250 3803 negent
291 3727 323 3785 fn
344 3725 487 3796 caeteris,
514 3722 617 3784 euleu
645 3743 721 3802 quae
740 3743 760 3785 e
780 3724 868 3785 nobis
924 3744 984 3784 nnn
1004 3728 1187 3804 putrescunt.
1209 3722 1378 3785 Veneticae
1397 3724 1573 3805 etaueupio,
1593 3723 1729 3805 utiapnd

63 3815 103 3876 de
123 3819 264 3897 religione
283 3817 460 3889 sentiuntur,
479 3815 867 3877 constantissimecrednnt.
925 3837 991 3891 nos;
1012 3817 1156 3878 nobiliora
1175 3817 1301 3878 obsonia
1318 3824 1473 3896 parentur3
1494 3836 1562 3877 narn
1582 3817 1728 3877 nauticis

62 3907 238 3971 Moscevien
263 3909 381 3989 illyrica
411 3909 526 3988 lingue,
558 3907 743 3988 lllyriclsque
772 3908 868 3985 literis
924 3909 1060 3980 nauibus,
1080 3918 1111 3969 et
1130 3909 1227 3990 plagis
1246 3908 1342 3969 oncis
1356 3908 1576 3985 gasmulem
1591 3909 1728 3988 nspluntt

62 4006 194 4071 utuntur,
220 4003 308 4061 sicuti
333 4007 364 4061 et
389 4000 508 4072 Safari,
535 3998 707 4073 Delmatae,
732 3999 867 4073 Bobeni,
925 4008 956 4063 et
975 4001 1142 4072 asbrribus,
1161 4005 1251 4078 utque
1271 3999 1453 4072 falconibus,
1484 4020 1561 4081 ques
1586 4003 1728 4065 mirificos

62 4091 182 4160 Polnni,
202 4091 395 4156 ethitbuani.
414 4091 807 4172 Eeiinguannniunlonge
825 4093 866 4155 ls-
924 4095 1005 4173 regio
1023 4092 1153 4155 Pecerrs
1172 4092 1303 4172 praebet,
1322 4112 1380 4154 nnn
1400 4092 1486 4154 ruodo
1502 4093 1675 4173 pbesiaeos,
1697 4102 1729 4159 et

63 4183 181 4243 tissima
207 4201 278 4241 esse
304 4184 489 4262 perbibstnr3
514 4204 582 4245 nam
608 4183 867 4268 Consbntinopoli
924 4194 1041 4257 aemes
1057 4184 1242 4267 sedegnnes
1255 4191 1286 4246 et
1296 4203 1387 4264 grues
1399 4192 1618 4251 consectentur.
1636 4190 1728 4253 Asta·

64 4275 290 4336 Ottornanorum
316 4276 345 4335 in
371 4276 439 4337 aula
463 4275 615 4339 familiaris
634 4283 697 4350 est,
723 4283 754 4338 et
774 4298 868 4359 nuper
925 4299 977 4340 res
998 4298 1037 4340 ex
1056 4297 1166 4356 genere
1185 4277 1285 4339 inimo
1303 4278 1478 4360 aquilarum.
1496 4281 1544 4343 rel
1566 4281 1729 4355 milvorum,

64 4370 95 4427 in
108 4366 249 4446 Aeffipto
261 4364 569 4449 apudbicnpbiticnm
579 4368 857 4450 Sultanurseteqni
926 4370 1060 4433 falcones
1081 4391 1151 4432 rere
1170 4371 1340 4452 accipitrun
1365 4372 1464 4435 nebile
1482 4392 1580 4452 &aas
1598 4375 1729 4452 antiquis

63 4468 114 4521 tes
132 4458 319 4520 lilernalueos
339 4457 419 4520 baud
438 4461 561 4540 ingratis
585 4464 708 4525 auribus
729 4462 867 4525 audieba-
926 4462 1022 4527 subse
1043 4468 1189 4543 patruus.
1210 4463 1348 4546 Cupitum
1362 4484 1479 4545 qnoque
1499 4467 1565 4527 sris
1576 4465 1728 4543 subnigra,

65 4559 120 4613 tur.
159 4553 192 4612 fn
214 4552 292 4612 banc
312 4552 441 4631 lingnam
466 4555 573 4631 iugens
593 4554 749 4617 multitude
768 4576 868 4619 sacro·
925 4557 1063 4638 puniceis
1083 4557 1262 4636 superciliis,
1283 4557 1485 4636 magnitudine
1502 4558 1629 4628 serens
1649 4576 1729 4635 quse

66 4666 130 4705 rnm
150 4645 285 4705 librorum
304 4645 447 4705 industria
470 4645 598 4707 maxine
618 4645 677 4708 divi
696 4647 870 4728 Hierony-l
926 4649 1078 4730 pulparum
1099 4671 1208 4732 sepnre
1233 4648 1445 4731 phasianorum
1463 4654 1586 4725 superat
1605 4647 1729 4725 dignite-

66 4748 97 4797 et
110 4736 222 4817 Cyrilli,
242 4737 386 4799 translala
406 4743 463 4800 est.
485 4736 608 4809 Praeter
620 4757 737 4820 quoque
756 4742 869 4821 patrios
926 4747 1000 4803 temr
1021 4740 1217 4804 dioscorides
1227 4741 1328 4819 lingua
1339 4740 1453 4802 'l'etber
1465 4743 1640 4818 nuncupata,
1651 4760 1729 4819 quae

66 4830 201 4901 annales,
220 4829 383 4892 Alexandri
404 4831 491 4891 etiam
511 4831 623 4907 magni,
642 4830 870 4911 Romanuque
926 4832 1024 4895 Plinio
1042 4831 1222 4912 Erytbrstae
1241 4839 1371 4904 vocatur,
1394 4831 1516 4911 Alpinis
1542 4831 1661 4912 populis
1680 4853 1728 4895 cn·

66 4923 247 4993 Caesam,
274 4924 403 5001 itemque
422 4922 467 4985 Μ.
486 4922 607 4984 Antonii
633 4929 664 4983 et
690 4922 869 5005 Cleopatrae
925 4926 1018 5005 gnita,
1036 4930 1067 4985 et
1084 4926 1210 4984 maxime
1229 4923 1350 4995 libetis,
1368 4924 1418 5004 qui
1437 4921 1536 4985 satus
1552 4923 1592 4986 ad
1600 4925 1729 4991 Abduse

65 5014 236 5075 memoriam
256 5014 363 5076 iisdem
383 5015 479 5077 literis
499 5013 732 5077 commendatam
749 5018 867 5091 lenent;
925 5016 1023 5078 amnis
1041 5014 1142 5077 fontes
1159 5015 1300 5075 incolunt.
1335 5017 1477 5095 lugentes
1495 5017 1583 5080 eun
1602 5018 1728 5097 sapidis·

66 5104 292 5187 Philesopbiam
304 5128 385 5181 vero,
403 5116 435 5169 et
448 5108 605 5176 siderum
615 5107 782 5179 scicntism,
801 5124 867 5171 cee-
924 5109 1077 5186 sinosque
1095 5107 1208 5188 pisces,
1227 5112 1259 5169 et
1275 5114 1347 5171 ante
1363 5109 1441 5173 alios
1460 5108 1629 5181 Smmucs,
1647 5130 1725 5190 ques
