3742 5626
96 206 157 271 w
544 246 547 251 -
722 198 852 267 Pam
871 199 1134 268 optumum!

102 369 181 435 sidio
208 370 336 447 mauu,
367 390 402 432 ea
423 372 548 430 maxime
568 366 607 430 de
626 387 732 440 causa,
753 363 834 450 quod
853 365 907 429 illo
965 364 1108 440 bendum,
1134 365 1242 429 nubam
1270 367 1350 429 hosti
1376 364 1567 448 quiescendi,
1595 376 1654 426 aut
1683 383 1723 426 se
1742 363 1787 425 br·

101 466 170 528 loco
190 463 311 527 militem
332 466 497 545 apropiore
517 459 555 523 ad
574 482 672 525 arcem
692 480 822 523 accessu
839 479 906 542 pro·
966 463 1046 522 mius
1072 458 1224 521 muniendi
1248 464 1379 542 spatium
1406 457 1637 522 eoncedendum
1656 457 1730 520 Res
1739 460 1783 539 js·

103 557 228 630 biberet
249 554 390 632 incendit,
409 557 677 638 totamquepaucis
690 554 772 615 lroris
785 548 905 614 delevit.
967 551 1103 616 dicabat:
1129 561 1311 635 posteroque
1335 552 1386 614 die
1413 557 1510 633 iguem
1531 557 1563 613 iu
1585 553 1672 614 alias
1695 555 1778 613 muni·

103 653 174 715 blox
198 652 316 730 lougius
342 648 554 710 munitionibus
579 647 618 710 ad
638 652 722 731 ipsas
742 650 822 709 arcis
841 665 907 728 por·
966 648 1058 709 tionis
1078 655 1179 729 partes
1199 646 1294 718 miles,
1314 649 1344 706 iu
1364 666 1423 727 quo
1435 649 1553 727 equites
1574 649 1677 707 etiam
1696 658 1775 722 erest,

102 754 151 809 tas
172 746 325 826 promotis,
345 745 424 805 omui
446 750 554 804 eoruatu
574 744 604 802 iu
624 762 690 804 eam
709 747 908 823 expugnatam
967 739 1082 816 intulit,
1103 760 1161 822 quo
1188 760 1254 800 curn
1274 743 1379 801 iterum
1407 740 1506 820 aliqua
1527 743 1605 799 muri
1635 758 1712 819 pars
1730 738 1772 800 de·

103 835 245 898 incubuit
290 834 355 897 Sed
381 833 556 897 ostenderat
580 839 609 896 vi
633 844 696 896 'sua
726 842 908 916 praepotens
967 833 1027 895 leta
1054 838 1151 907 esset,
1182 842 1214 895 et
1239 832 1360 909 clivum,
1387 835 1417 893 in
1442 853 1501 914 quo
1520 832 1770 914 propugnacula

103 930 205 1004 Deus,
236 932 266 990 in
293 949 381 991 mauu
405 950 461 990 sua
490 948 586 990 rerum
613 927 808 1008 gerendarum
828 932 909 1008 pote·
967 935 1056 989 antea
1076 929 1137 1007 igni
1158 925 1326 988 absumtum
1339 931 1412 1001 erat,
1432 929 1526 986 nostri
1540 928 1733 997 tenuissent,
1747 945 1774 986 ae

102 1031 212 1085 statem
236 1042 320 1095 esse,
347 1031 378 1084 et
397 1020 537 1085 assiduas
556 1021 673 1105 pluvias
693 1020 830 1103 pluribus
848 1019 909 1081 die·
968 1017 1078 1081 deinde
1103 1017 1317 1099 praesidiarios
1343 1022 1497 1080 circumire
1527 1023 1724 1101 coepissent,
1742 1029 1776 1080 at-

103 1116 161 1178 bns
182 1119 224 1180 ita
244 1118 421 1187 immiserat,
440 1124 474 1177 ut
493 1123 524 1176 et
544 1135 654 1197 operae
674 1115 798 1176 militum
817 1116 910 1194 majo·
968 1132 1025 1196 que
1044 1115 1091 1174 sic
1109 1112 1229 1174 tarndem
1250 1111 1280 1171 in
1300 1118 1449 1194 potestate
1469 1112 1570 1174 bostis
1590 1122 1699 1174 essetz
1719 1111 1777 1173 Res

103 1230 165 1272 rem
179 1213 208 1271 in
220 1206 338 1270 modum
351 1206 572 1289 impedirentur,
588 1216 618 1270 et
631 1204 821 1291 oppugnandi
831 1209 908 1269 ratio
969 1214 1000 1268 et
1018 1208 1156 1286 sanguini
1183 1205 1354 1268 Christiano
1373 1203 1574 1288 qtureeudnm,
1604 1214 1640 1268 et
1659 1225 1778 1287 operam

103 1303 394 1382 etiametqucetiam
409 1300 624 1363 retardaretur:
646 1301 790 1363 Constitit
809 1309 908 1362 tamen
967 1297 1098 1362 dandam
1123 1307 1223 1375 ranis,
1253 1308 1287 1360 ut
1312 1319 1381 1360 arce
1402 1319 1490 1380 quam
1511 1302 1641 1360 maxine
1660 1303 1778 1376 integra

104 1395 189 1457 militi
200 1396 286 1475 regio
297 1396 327 1455 in
336 1393 767 1457 maximisetiamincommodis
777 1394 908 1474 singula·
967 1413 1033 1454 cum
1064 1401 1275 1454 tormentorum
1301 1393 1482 1472 aliorumque
1509 1391 1579 1453 belli
1599 1392 1778 1453 instrumen-

104 1490 147 1549 ris
169 1490 332 1549 animorum
352 1488 390 1549 ad
413 1491 512 1549 omnia
532 1487 670 1550 obeunda
695 1486 909 1569 tolerandaque
966 1490 1062 1548 torum
1083 1493 1229 1568 apparatu
1248 1488 1406 1568 potiretur,
1427 1485 1505 1548 lacta
1526 1485 1673 1546 omnibus
1698 1488 1776 1546 ritae

104 1577 203 1651 ardor,
221 1584 268 1642 sic
288 1584 369 1642 utin
389 1600 502 1642 summa
513 1581 677 1663 pluviarum
687 1584 850 1663 iniquitate,
866 1581 907 1640 al·
966 1583 1061 1661 gratia
1080 1581 1224 1663 permisit,
1242 1587 1277 1641 ut
1297 1582 1346 1661 qui
1378 1579 1504 1641 militare
1524 1577 1583 1640 sub
1611 1581 1713 1659 signis
1735 1598 1776 1638 re

102 1676 279 1755 tissimoque
291 1673 431 1734 lutunibil
441 1677 710 1755 praetermitterent
722 1693 907 1754 eorumquae
956 1675 1025 1753 giis
1056 1672 1181 1748 vellent,
1211 1670 1347 1734 fortunas
1375 1692 1447 1734 suas
1477 1693 1582 1734 omnes
1609 1672 1774 1733 incolumes

103 1764 143 1829 ad
174 1769 422 1848 oppugnationem
452 1771 600 1849 pertinere
634 1777 777 1850 possent:
815 1768 908 1830 bosti-
967 1773 1189 1840 conservarent,
1212 1763 1321 1846 quibus
1341 1787 1412 1828 uero
1433 1763 1580 1828 redeundi
1601 1769 1634 1828 in
1656 1765 1774 1828 moseo

103 1859 161 1923 bus
182 1868 286 1923 contra
307 1880 411 1921 omnes
430 1869 598 1922 nostrorum
618 1870 744 1923 conatus
755 1864 908 1923 acerrimis
967 1861 1043 1920 riam
1071 1861 1187 1920 animus
1213 1866 1312 1934 esset,
1340 1857 1373 1921 id
1398 1858 1484 1940 Rege
1510 1862 1722 1942 permittente,
1741 1878 1774 1921 ac

104 1956 228 2025 animis,
248 1962 279 2015 et
300 1951 466 2015 incredibili
487 1962 698 2016 tormentorum
718 1958 759 2027 vi,
779 1958 821 2017 ita
841 1953 908 2016 dies
966 1970 1082 2013 omnem
1113 1953 1303 2013 securitatem
1335 1960 1510 2032 praestante
1544 1952 1694 2015 lacerent.
1744 1950 1773 2013 lu

103 2055 269 2130 noctesque
294 2047 565 2129 propugnantibus,
584 2055 668 2110 tauta
686 2050 859 2130 pervicatia,
880 2056 910 2109 et
967 2048 1064 2126 ipsam
1090 2064 1161 2106 vcro
1188 2065 1286 2107 arcem
1312 2066 1378 2106 cum
1398 2049 1472 2127 regii
1497 2045 1617 2128 aliquot
1641 2045 1773 2107 consilia·

104 2138 277 2202 dammasa
302 2140 393 2220 regiis
420 2141 519 2204 illatas
538 2140 789 2222 extinguentibus,
809 2150 840 2203 et
849 2141 909 2201 mm
967 2140 1002 2198 rii
1022 2141 1149 2219 ingressi
1169 2145 1282 2214 esserrt,
1302 2141 1416 2220 passim
1437 2158 1578 2219 magnum
1598 2136 1773 2201 cadaverum

40 2288 42 2293 Α
107 2251 222 2294 omnem
250 2231 485 2315 depellentibus,
510 2244 543 2295 ut
568 2255 603 2296 se
627 2241 838 2296 tormentorum
856 2234 909 2295 tel·
966 2231 1183 2313 insepultorum
1194 2250 1345 2292 numerum
1357 2239 1542 2313 repererunt,
1562 2240 1629 2294 tum
1652 2241 1772 2292 tormen·

106 2323 259 2406 lorumque
279 2325 390 2388 ictibus
410 2330 544 2388 certatim
566 2326 713 2402 offemeut,
734 2336 908 2388 etsuccum·
967 2333 1063 2386 turum
1093 2344 1130 2386 ac
1159 2323 1291 2405 pulveris
1327 2325 1526 2401 tormentarii,
1558 2324 1776 2407 globourmque

105 2413 247 2477 bentibus
267 2419 335 2478 aliis
355 2419 403 2479 alii
415 2418 569 2480 confertim
580 2417 787 2493 succederent,
808 2427 909 2481 osten·
967 2425 1081 2478 tantm
1111 2420 1171 2478 vim
1204 2414 1477 2498 deprehenderunt,
1510 2427 1626 2499 quanta
1653 2423 1685 2481 in
1711 2440 1776 2481 arce

107 2506 270 2590 derentque
299 2510 422 2571 bloscos
452 2514 557 2572 artium
594 2509 848 2574 defendendarum
879 2515 909 2574 ri
967 2509 1066 2591 aliqua
1087 2508 1249 2571 Christiani
1269 2510 1352 2572 orbis
1373 2510 1421 2572 liis
1438 2509 1531 2573 rebus
1543 2515 1776 2575 instructissima

106 2608 196 2682 atque
221 2599 327 2663 ardore
353 2607 462 2664 ceteris
493 2603 631 2665 omnibus
661 2605 800 2684 gentibus
827 2616 910 2669 aute·
967 2609 1074 2686 posset
1091 2605 1224 2684 reperiri.
1265 2602 1354 2686 Capti
1374 2611 1471 2665 autem
1489 2603 1541 2666 bic
1556 2603 1644 2667 fuere
1657 2608 1779 2688 Cypria·

105 2693 224 2757 uellere.
262 2694 411 2777 Respexit
430 2695 549 2760 tandem
560 2696 656 2778 Regis
677 2699 837 2760 exercitum
859 2700 908 2761 be·
968 2716 1025 2758 uus
1051 2695 1268 2778 Archipraesul
1297 2695 1536 2759 Velicolucensis
1554 2698 1670 2762 Graeci
1689 2701 1779 2773 ritus,

106 2788 302 2867 uiguissimus
323 2787 417 2861 Deus,
438 2794 658 2872 concessitque,
679 2798 713 2851 ut
726 2810 802 2872 quae
815 2794 909 2874 prima
968 2809 1036 2851 cum
1062 2809 1170 2869 muguo
1194 2798 1380 2852 sacratorum
1406 2797 1438 2851 et
1463 2787 1617 2852 deminum
1644 2812 1780 2857 numero.

106 2879 147 2941 illi
167 2882 257 2962 paule
275 2884 410 2944 serenior
427 2880 494 2945 dies
514 2887 657 2945 vicesima
677 2904 757 2945 noua
777 2885 908 2964 Augusti
967 2882 1097 2944 Palatini
1119 2886 1189 2944 item
1209 2883 1343 2944 Basilius
1356 2881 1548 2957 lvanoricius,
1561 2882 1781 2948 blicoliuscius

106 2973 216 3045 illusit,
251 2995 288 3036 ea
317 2975 485 3037 incendium
512 2999 530 3038 a
566 2976 657 3037 milite
696 2979 757 3036 arci
790 2976 909 3040 interre-
969 2975 1153 3051 Teletovius,
1162 2974 1330 3037 Demetrius
1341 2975 1580 3049 Micbalosicius,
1589 2975 1780 3042 Sczerbstus

106 3074 162 3137 tur,
183 3087 297 3128 suntuna
326 3088 391 3128 cum
412 3070 603 3130 contentione
623 3078 711 3150 atque
730 3067 911 3146 discrimine,
969 3067 1170 3144 Zrolinscius,
1184 3069 1356 3130 llattbaeus
1370 3068 1569 3145 lvanodcius,
1590 3068 1779 3133 Volinscius

106 3178 173 3221 cum
203 3179 238 3221 se
269 3160 354 3222 ruilcs
391 3165 420 3222 iu
452 3161 553 3222 lossas
586 3160 752 3237 demittere,
787 3170 817 3223 et
852 3162 911 3226 Po·
969 3160 1122 3223 Lucienus
1151 3161 1359 3224 'l'retiaeovius
1382 3161 1550 3233 Racovius,
1588 3162 1644 3223 bos
1670 3185 1778 3225 omines

105 3250 209 3314 lotturu
251 3253 359 3315 flumen
403 3275 561 3336 superare,
613 3255 741 3335 denique
788 3253 911 3316 arduum
969 3254 1037 3315 Res
1063 3258 1093 3315 iu
1114 3254 1251 3317 custodia
1272 3254 1376 3316 haberi
1392 3259 1502 3336 jussit,
1522 3258 1588 3337 quia
1606 3264 1719 3335 sponte
1739 3276 1776 3315 se

107 3344 212 3406 cliuum
251 3351 298 3407 cui
333 3351 505 3427 impositum
546 3347 800 3429 propugnaculum
837 3357 911 3424 erat,
970 3344 1081 3408 dedere
1107 3347 1288 3421 noluissent,
1309 3356 1340 3410 et
1365 3357 1485 3429 praeter
1512 3347 1577 3410 illes
1605 3346 1690 3408 ultra
1723 3370 1780 3410 sex

105 3437 221 3509 subire,
251 3447 281 3497 et
317 3438 453 3499 manibus
493 3442 643 3500 rnaterianr
676 3440 832 3521 ignemque
869 3445 911 3503 in·
939 3420 942 3507 l
971 3438 1119 3500 homiuum
1152 3440 1243 3503 millia
1275 3443 1305 3503 in
1336 3440 1433 3519 Regis
1460 3449 1643 3522 potestatem
1675 3462 1780 3524 perse

105 3537 152 3590 ter
183 3529 378 3592 infestissima
414 3530 650 3613 creberrimaque
686 3533 813 3594 bostium
852 3536 912 3597 tela
939 3548 942 3613 ξ
970 3553 1050 3605 uere,
1070 3536 1119 3612 qui
1141 3554 1247 3596 omnes
1265 3542 1327 3596 tum
1353 3537 1519 3596 verissimis
1541 3533 1678 3596 lacrimis
1705 3557 1781 3598 erer·

105 3620 214 3683 inferre
253 3632 423 3702 cogeretur;
465 3623 544 3705 quud
576 3623 743 3685 incendium
770 3647 837 3687 cum
863 3649 910 3690 ve·
939 3618 942 3717 J
969 3645 1024 3687 sae
1043 3625 1126 3686 urbis
1147 3636 1178 3688 et
1197 3631 1275 3689 arcis
1292 3626 1501 3703 calamitatem,
1520 3627 1724 3712 Russiaeque
1743 3641 1780 3691 to

105 3715 271 3778 bumentius
302 3721 481 3793 exarsisset,
513 3727 544 3778 et
579 3721 749 3780 enutritiouis
786 3725 912 3782 anterio·
939 3738 942 3745 ·
968 3721 1029 3780 tius
1055 3721 1198 3781 amissum
1224 3719 1333 3791 decus,
1360 3730 1391 3781 et
1415 3718 1546 3801 denique
1565 3723 1779 3786 exsecrabilem

104 3807 145 3869 ris
182 3806 293 3870 aditum
327 3811 452 3892 aliquem
484 3810 691 3892 patefecisset,
724 3817 816 3874 teneri
838 3815 911 3875 mili·
938 3760 942 3869 i
969 3810 1119 3893 Principis
1135 3817 1183 3875 sui
1204 3813 1573 3896 insaniamdeplorabant.
1618 3816 1778 3898 Captal'o·

106 3911 168 3962 tunt
190 3902 312 3965 aliorum
334 3903 423 3965 ardor
442 3926 501 3965 uon
522 3908 627 3986 putuit,
648 3909 718 3986 qiniu
739 3925 793 3986 per
813 3910 910 3989 ipsam
938 3906 941 3975 !
968 3905 1040 3966 lotia
1060 3913 1122 3967 tres
1142 3910 1262 3968 omuino
1281 3929 1383 3983 arces,
1410 3907 1562 3977 Turovlia,
1584 3906 1736 3972 Sennium
1754 3922 1778 3970 et

105 3994 251 4059 dammam
276 4000 483 4079 irrumperent,
522 4008 611 4079 atquc
637 3998 753 4059 bostem
779 3998 910 4076 ferirent,
968 4000 1048 4060 Susa
1063 3998 1093 4058 iu
1110 3997 1277 4062 Polotiensi
1306 3999 1418 4062 ditione
1438 4000 1570 4061 bostiles
1590 4014 1777 4084 superarent

106 4110 124 4149 a
152 4110 209 4170 quo
237 4099 336 4152 tamen
364 4103 489 4173 coepto,
516 4111 582 4152 cuttu
604 4095 840 4173 propugnatione
860 4093 910 4154 lio·
938 4152 941 4189 Ι
969 4110 1045 4170 quas
1066 4091 1145 4152 lrosti
1156 4093 1324 4173 relinquere
1342 4093 1409 4155 Rex
1429 4114 1623 4175 nequaquam
1652 4096 1777 4158 volebat.

106 4181 187 4251 stili,
217 4192 278 4243 tum
310 4188 434 4246 unanime
466 4184 600 4245 danturne
631 4188 659 4244 vi
692 4187 824 4265 rejectus
856 4195 911 4259 est,
939 4228 941 4241 .
970 4183 1140 4245 Turrouliam
1158 4193 1285 4266 quatuor
1302 4206 1393 4268 supra
1422 4185 1573 4247 Polotiann
1603 4190 1776 4252 milliaribus

106 4293 197 4354 pareo
223 4296 289 4336 cum
324 4281 471 4355 regionum
506 4279 618 4358 (ireque
650 4279 776 4358 auqtlius
806 4283 910 4359 viginti
969 4276 1137 4338 adlluuauu
1159 4279 1552 4341 sitamaFrauclscoZuco
1575 4292 1675 4345 asttea
1694 4292 1775 4345 tenta·

106 4376 222 4447 septem
250 4368 429 4443 desiderati,
455 4369 590 4449 pluribus
611 4381 710 4431 tamen
730 4371 911 4449 retinueratis)
969 4379 1028 4431 mm
1051 4372 1267 4436 t‘utrstautiuns
1286 4373 1481 4434 Lucoruscius
1505 4381 1712 4454 expugnauitz
1731 4380 1768 4433 su

105 4458 234 4522 bestium
253 4482 324 4522 vero
345 4483 410 4522 cum
424 4460 617 4523 ducentorum
638 4464 766 4534 interitu,
786 4462 912 4528 dederat
939 4440 941 4467 Ι
969 4483 1078 4525 seusus
1097 4465 1235 4538 salutent,
1256 4474 1404 4541 etrerum,
1425 4486 1500 4546 quae
1512 4469 1672 4550 cujusque
1682 4480 1776 4530 esseut

103 4553 232 4636 aliquam
259 4556 354 4618 hostis
380 4554 485 4618 eudem
506 4554 554 4616 die
576 4553 737 4616 deditionis
763 4556 910 4635 signitica-
968 4555 1194 4617 auferendorum
1214 4567 1403 4638 potestatem,
1424 4567 1513 4637 atque
1535 4561 1565 4618 iu
1587 4559 1776 4625 alomon-

104 4650 224 4724 tionem,
246 4671 332 4731 quam
350 4673 407 4712 uon
428 4653 535 4711 seriani
556 4648 652 4709 luisse
673 4647 908 4711 arriruadt'crsuur
969 4656 1034 4708 tuto
1055 4648 1248 4710 seiulereudi
1263 4652 1488 4712 corre-essiouenu
1501 4655 1596 4729 pacti,
1620 4657 1775 4718 cumomni

105 4743 164 4815 uit,
195 4764 262 4805 cunt
284 4764 318 4804 se
339 4748 425 4804 ureris
445 4742 668 4813 nruiuitiouibus,
690 4741 824 4804 flammae
845 4745 908 4805 alti·
936 4776 940 4801 ι
967 4739 1076 4802 bellico
1101 4750 1246 4823 apparatu
1272 4742 1411 4805 Palatino
1432 4741 1616 4810 Podulieusi
1644 4770 1681 4812 se
1696 4758 1776 4809 sexta

103 4832 205 4898 tudine
225 4838 337 4899 ruostris
349 4845 542 4919 conspectum
553 4837 706 4917 eripiente,
726 4834 909 4898 circumdare
935 4886 938 4891 .
967 4832 1111 4896 Octobris
1136 4833 1186 4897 die
1211 4834 1397 4898 dediderunt
1440 4837 1543 4898 Socoli
1564 4851 1674 4904 autem
1694 4860 1777 4924 oppa

104 4922 247 5010 deinceps
277 4937 428 5010 cognitum
460 4938 555 4990 esset.
607 4927 697 4988 Nulla
724 4928 815 5007 igitur
840 4950 905 4991 crum
934 4928 938 4999 J
966 4932 1067 5008 gratio
1093 4928 1246 4990 lurrembns
1265 4929 1389 4992 fertilior
1408 4930 1471 5006 luit,
1486 4950 1577 5011 quarn
1602 4935 1778 4999 brevissime

106 5019 325 5083 intermissione
351 5022 583 5103 oppugnationis
603 5024 660 5081 vitu
683 5043 797 5083 orionem
825 5022 906 5086 adlri·
933 5018 937 5069 Ὗ
965 5022 1033 5084 huic
1057 5023 1197 5085 volumini
1230 5033 1405 5086 attexeiuus.
1460 5024 1506 5086 Ea
1532 5046 1588 5089 arx
1618 5050 1638 5092 a
1666 5029 1777 5091 Polotia
