3742 5626
144 162 198 219 tau
716 156 953 221 natandum
974 156 1301 219 llEJDENS'l'EJNll

144 320 262 393 tudine,
282 334 343 382 tum
362 342 482 403 procero
501 322 633 401 eorporis
652 332 768 381 statura
789 320 864 380 Duci
885 340 948 397 gra·
1006 318 1174 379 sistendum
1202 320 1281 379 uires
1307 318 1473 379 babituram
1498 321 1671 391 constabat,
1702 320 1821 381 itineris

143 418 296 491 tissimus,
333 416 518 475 auctoritatis
548 434 585 471 ae
615 414 729 472 uirtutis
761 414 948 492 praecipuum
1007 410 1136 491 denique
1147 413 1357 494 longinquitas,
1376 415 1590 495 praecipitante
1606 416 1670 495 jan
1686 422 1820 490 aestate,

146 510 208 569 t'ere
227 510 393 589 opinionem
414 506 552 567 balrcbat.
583 502 696 564 tlosatt
716 504 841 565 Nicolao
861 504 950 565 Duce
1007 524 1043 564 ac
1075 510 1280 583 tempestatum
1305 508 1493 587 exspectatio
1522 506 1617 567 locoru
1643 528 1704 567 nou
1734 508 1820 567 relio-

146 602 176 661 in
198 600 293 681 liegia
313 602 424 661 ditione
445 598 602 659 Caercassi
636 604 722 673 nato,
742 598 798 657 sed
829 597 880 676 qui
898 596 949 656 diu
1007 597 1147 677 quebaut.
1187 600 1321 659 Alteram
1348 599 1514 659 obsidionis
1533 602 1692 675 rationem,
1722 624 1761 663 ac
1782 604 1819 660 ri-

146 694 253 755 blosco
272 714 392 773 ‹qu-ram
415 698 545 765 uamrat,
565 688 622 749 boc
636 690 761 751 consilio
780 690 892 771 aliquot
912 711 949 749 eo
1007 690 1146 749 einiomrn
1177 692 1364 752 castellnm·
1390 695 1657 774 oppugnationem,
1691 702 1819 771 praetcr-

147 792 304 849 venerunt:
341 792 372 845 ut
402 806 438 843 ea
471 784 608 843 instituto
637 784 758 845 militiae
789 804 864 843 strae
897 803 951 863 per
1007 804 1094 863 quarn
1130 783 1209 863 quod
1241 784 1389 863 indignam
1419 792 1580 866 susceptae
1612 788 1819 868 expeditionis

146 900 235 957 agros
256 878 423 959 palmitibus
445 874 644 959 excipiendis,
664 875 842 958 peraedisque
863 895 955 952 agen·
1010 872 1088 936 faura
1109 876 1235 937 futuram
1256 885 1389 959 putaret.
1420 878 1500 938 busti
1518 881 1608 939 ctiam
1628 881 1755 941 animos
1773 882 1817 943 ad-

146 973 195 1034 dis
224 971 350 1031 iusidias
381 976 532 1051 ponerent.
577 968 626 1029 Ad
658 968 687 1029 id
720 970 798 1031 enirn
830 968 952 1029 militiae
1007 966 1131 1029 diluranr
1146 970 1313 1053 judicabat.
1351 974 1455 1051 ltaque
1478 992 1543 1031 cun
1564 974 1655 1033 animi
1676 977 1816 1053 maguitu-

146 1086 242 1145 genus
262 1086 317 1125 usu
337 1062 516 1138 assuefacti,
542 1062 632 1123 rudlis
650 1082 795 1122 armorum
815 1064 863 1121 ria
883 1082 951 1121 con·
1007 1060 1087 1137 dine,
1106 1084 1143 1123 ac
1163 1064 1269 1124 uirtute
1289 1065 1406 1139 militis,
1426 1085 1485 1143 qua
1504 1066 1648 1146 pleraque
1667 1066 1732 1128 alia
1753 1088 1816 1127 con·

146 1166 191 1221 tra
211 1158 286 1217 coeli
307 1158 430 1239 injurias
450 1157 576 1217 uestium
597 1154 788 1227 indumentis,
808 1154 879 1214 tecti
893 1154 951 1215 aci·
1007 1162 1134 1216 secutus
1158 1165 1256 1231 essct,
1287 1179 1341 1218 cas
1366 1178 1486 1237 qunque
1512 1158 1710 1219 difficultates
1730 1182 1815 1244 supe

147 1272 221 1313 unce
235 1258 265 1311 cl
285 1250 384 1311 bastili
400 1270 469 1325 uiro,
489 1250 624 1331 plerique
636 1256 733 1307 tamen
748 1246 835 1307 etiam
856 1246 954 1326 sclop·
1008 1269 1073 1309 rare
1091 1270 1128 1308 se
1147 1270 1241 1330 posse
1264 1270 1321 1309 nou
1341 1250 1530 1331 desperaret,
1556 1252 1595 1313 de
1616 1252 1686 1312 loco
1709 1258 1817 1315 castris

145 1347 225 1427 petis
253 1366 312 1405 reru
341 1348 494 1421 gerentes,
521 1342 559 1403 ad
580 1341 715 1419 singulos
734 1340 951 1399 circumsisleu·
1007 1342 1152 1422 capiendo
1172 1342 1319 1423 dispicere
1332 1345 1439 1423 coepit.
1463 1344 1666 1405 Corrstilucrat
1678 1346 1722 1407 ab
1735 1350 1816 1408 initio

145 1438 213 1510 dus,
232 1436 515 1521 opprimendumque:
536 1436 650 1509 itinera,
672 1434 747 1507 loca,
761 1453 810 1493 res
823 1432 950 1493 hostiles
1007 1456 1026 1495 a
1044 1434 1281 1514 Nouogardicusi
1301 1436 1363 1506 uia,
1389 1456 1449 1515 qua
1474 1435 1633 1497 Plescouia
1655 1436 1770 1500 fluuius
1789 1443 1815 1499 iu

145 1530 358 1613 explorandas:
390 1530 507 1589 llundna
534 1527 648 1606 cymbis
672 1545 708 1587 ae
733 1526 868 1587 trabibus
893 1532 949 1585 tra·
1006 1529 1125 1606 urbem,
1153 1528 1223 1589 inde
1252 1527 1329 1588 infru
1357 1550 1422 1591 ean
1453 1530 1482 1588 iu
1509 1529 1645 1591 l'cliean
1676 1530 1818 1595 illabitur.

145 1624 258 1687 uuanda:
284 1624 482 1683 densissimas
507 1620 617 1691 siluas,
647 1640 683 1679 ac
708 1620 787 1681 iuria
811 1640 949 1701 quaeque
1006 1621 1085 1703 quud
1106 1622 1145 1683 ad
1166 1620 1352 1683 excludenda
1373 1622 1412 1683 ab
1432 1622 1505 1682 urbe
1523 1623 1677 1695 subsidia,
1711 1628 1818 1698 subre-

144 1714 324 1799 penctrauda
345 1736 409 1775 cum
433 1714 552 1774 leuitate
571 1733 730 1784 turanorum,
751 1714 829 1782 sitis,
850 1712 948 1783 lamis,
1005 1716 1184 1795 alienosque
1211 1714 1358 1776 arcendas
1388 1736 1455 1775 cum
1486 1716 1589 1793 primis
1617 1724 1818 1797 opportunum

143 1830 180 1871 ac
201 1808 332 1869 laborum
354 1808 510 1869 tolerantia
535 1812 596 1867 lunt
617 1828 674 1867 usu
693 1818 784 1887 atque
804 1806 947 1867 exercita·
1005 1808 1175 1879 uidebmur,
1201 1816 1302 1869 castra
1327 1808 1443 1881 faccrc3
1468 1807 1525 1867 sed
1550 1808 1581 1868 id
1600 1816 1634 1869 ut
1654 1808 1817 1873 ‹li-itterct

142 1904 224 1963 tione
253 1901 404 1981 plurimum
432 1903 548 1963 ualent:
573 1900 741 1979 celerisque
765 1898 829 1959 fere
857 1900 948 1958 omui·
973 1928 977 1965 :
1005 1902 1178 1973 eonsilium,
1206 1901 1358 1980 longitudo
1378 1901 1480 1961 lateris
1500 1902 1584 1983 ejus,
1610 1902 1695 1984 quand
1718 1924 1817 1985 quem·

144 1996 202 2055 bns
222 2001 389 2076 pracstnuu
421 2016 518 2055 rerum
540 2014 596 2053 eos
621 1993 780 2075 Szujscius
811 1992 947 2051 conuiuio
973 1972 977 2001 Ι
1004 1994 1163 2055 admodum
1189 1999 1344 2054 ostensum
1370 2000 1433 2065 est,
1462 1993 1502 2055 ad
1527 2002 1596 2055 octo
1624 1996 1719 2058 taillia
1751 2020 1817 2081 pas-

143 2090 172 2147 ln
202 2088 302 2147 urlrcnr
340 2102 483 2170 acceptus
517 2089 592 2147 intra
626 2086 742 2145 nroeuia
777 2087 945 2145 retinuerat.
1005 2108 1091 2147 suum
1111 2094 1205 2169 patet,
1226 2087 1421 2167 latissinique
1440 2088 1479 2147 ab
1499 2108 1536 2146 ca
1549 2101 1637 2169 parte
1655 2108 1695 2149 ac
1717 2104 1817 2169 pateu-

143 2178 210 2241 ltex
230 2180 321 2241 relano
347 2182 384 2240 iis
405 2182 549 2261 coguitis,
574 2179 845 2259 munitionibusque
864 2180 947 2238 urlris
972 2258 975 2266 Ι
1005 2188 1053 2240 tes
1080 2183 1188 2241 circum
1218 2182 1299 2241 eirca
1327 2182 1423 2261 campi
1449 2180 1609 2241 faciebant.
1651 2184 1685 2243 ln
1708 2188 1816 2265 quibus

143 2276 326 2355 querspectis,
354 2274 440 2335 lucello
466 2274 624 2342 intelleait,
655 2292 714 2331 rum
740 2272 807 2330 sine
834 2276 947 2331 ratione
1005 2294 1070 2333 cum
1091 2272 1226 2333 subsidia
1240 2275 1371 2353 equilum
1386 2272 1541 2333 nullatulu
1560 2274 1704 2335 collocari
1727 2298 1816 2359 possa

141 2368 180 2428 ab
202 2368 284 2427 initio
299 2370 363 2451 jam
383 2368 535 2449 plerisque
554 2390 591 2427 eo
611 2366 795 2445 prdissirnuur
816 2364 945 2425 euudon
972 2390 976 2439 ς
1004 2367 1182 2441 riderentur,
1203 2386 1259 2427 uec
1272 2387 1341 2429 uero
1353 2368 1640 2447 proptercnntinnns
1661 2367 1814 2431 tostino·

142 2459 405 2533 contendentibus,
431 2481 590 2521 asserus-unu
610 2479 647 2517 sc
668 2478 727 2517 nou
748 2457 859 2528 fuisse,
884 2456 946 2515 lou·
971 2476 976 2527 t
1003 2466 1213 2519 tormentorum
1245 2460 1460 2541 ejaculatinnes
1488 2462 1611 2541 purpriu's
1636 2474 1740 2524 castra
1766 2464 1816 2525 ad·

140 2572 238 2635 geque
260 2556 389 2631 minora,
414 2574 498 2633 quam
528 2570 672 2634 praescus
698 2552 763 2631 ipsc
783 2568 945 2628 coguosce-
971 2550 976 2633 1
1004 2553 1128 2612 uoueri:
1158 2552 1315 2613 serebatur
1341 2572 1380 2612 ne
1401 2550 1566 2630 peditatus,
1596 2556 1698 2631 quiin
1720 2578 1816 2637 opere

140 2654 201 2719 ret,
222 2648 261 2709 dc
280 2654 362 2709 statu
382 2648 464 2708 urbis
483 2654 573 2727 alque
592 2645 803 2705 maruitiooilrus
822 2642 880 2701 silui
900 2662 944 2701 rc·
971 2696 975 2735 Ι
1002 2664 1038 2703 ac
1057 2644 1272 2705 munitionibus
1293 2644 1410 2706 futurus
1429 2656 1527 2717 essct,
1544 2646 1573 2704 si
1595 2644 1707 2705 nullu·
1729 2649 1773 2707 illi
1796 2672 1816 2709 u

141 2742 280 2804 nunciata
307 2742 419 2803 fuisse:
451 2764 486 2801 sc
514 2760 569 2801 nec
590 2762 608 2799 a
629 2736 777 2819 peditatu,
809 2756 896 2815 quen
915 2734 943 2793 si
1003 2738 1166 2821 propinquo
1184 2739 1224 2797 ab
1250 2740 1386 2817 equitatu
1411 2736 1572 2799 subsidia!
1597 2734 1813 2817 recapessat,

139 2856 255 2899 summa
280 2836 313 2898 ul
333 2836 435 2897 urbem
461 2852 633 2917 oppugnare
651 2830 756 2901 vellet,
782 2828 867 2909 triplo
888 2848 944 2889 na·
970 2896 973 2907 Ι
1002 2831 1031 2888 iu
1052 2838 1135 2893 tanta
1154 2832 1304 2911 equitatus
1323 2852 1359 2891 ac
1387 2830 1532 2913 peditatus
1555 2828 1679 2891 bostilis
1699 2842 1750 2891 tot
1770 2834 1815 2894 lo·

136 2932 233 3013 jerem
254 2930 461 2992 adducerulum
475 2931 532 2991 sibi
555 2927 650 2987 fnisse
671 2924 867 3001 intelligebat:
888 2942 945 2981 noc
969 2912 974 2993 i
1002 2924 1047 2981 cis
1072 2926 1160 2985 simul
1188 2926 1369 3005 erumpentis
1400 2922 1603 2993 numantino,
1630 2925 1761 2987 maxime
1789 2928 1815 2985 si

140 3026 299 3105 apuluerc
320 3024 509 3083 lurrneutario
537 3018 575 3081 ud
596 3016 820 3099 oppugnandam
842 3016 943 3075 urbem
970 3026 973 3043 ¹
1001 3018 1122 3097 ancipiti
1142 3016 1253 3097 praelio
1272 3015 1434 3089 subsidiis,
1453 3039 1472 3079 a
1491 3014 1682 3094 Norogarrlla
1701 3020 1814 3093 missis,

139 3120 217 3179 satis
236 3120 409 3179 irrslrnclum
429 3114 602 3173 accessisse
623 3109 751 3170 ridebat.
783 3108 843 3178 Qui
864 3108 942 3165 enim
969 3146 972 3185 :
1002 3114 1032 3167 et
1051 3112 1207 3193 eruptione
1226 3132 1265 3171 cs
1287 3112 1360 3171 urbe
1380 3110 1459 3172 facia
1469 3108 1660 3191 pugnando·
1681 3112 1710 3171 ci
1729 3111 1812 3177 foret.

140 3210 240 3271 Susae
265 3208 422 3293 depositus
449 3206 559 3281 furerat,
591 3200 789 3279 negligentius
819 3200 878 3277 igni
904 3200 942 3259 ab
969 3204 973 3273 1
1002 3202 1133 3284 nudique
1161 3204 1433 3265 circumueniretur.
1482 3202 1678 3263 Ostendebat
1708 3204 1810 3263 Zanc-

139 3306 186 3375 iis,
207 3306 256 3385 qui
277 3306 306 3365 in
320 3300 467 3383 praesidio
487 3308 580 3365 eraut,
600 3294 713 3363 babitu,
733 3290 942 3369 cerardograrat:
968 3334 972 3347 ·
1003 3296 1101 3367 scius,
1129 3298 1179 3378 qui
1205 3302 1237 3357 ul
1258 3297 1450 3357 nibilominus
1474 3296 1504 3355 in
1524 3296 1683 3356 sententia
1702 3318 1813 3378 perara-

138 3398 260 3459 allerins
281 3402 381 3457 ardent
402 3404 433 3451 ut
450 3394 608 3471 praecepta
622 3391 684 3469 jara
697 3385 838 3467 opinione
858 3387 943 3465 pacis
968 3382 972 3415 ¹
1002 3398 1094 3467 neret,
1115 3390 1229 3469 llcgcm
1249 3390 1437 3459 hortabatur,
1456 3392 1536 3450 eirea
1557 3388 1670 3448 dunen
1691 3388 1810 3450 Plcsco·

140 3510 194 3551 nec
214 3491 254 3551 alr
275 3490 357 3547 initio
378 3486 454 3545 satis
473 3502 606 3561 magnam
622 3480 739 3560 copiam
754 3478 943 3549 Quaestori-s
967 3420 972 3567 d
1002 3482 1077 3541 viam
1104 3483 1191 3542 uirtus
1218 3484 1375 3543 norrrrullos
1406 3482 1464 3541 sibi
1495 3480 1606 3557 uideri,
1638 3482 1671 3541 in
1705 3484 1815 3561 quibus

137 3589 291 3669 pararant:
323 3576 547 3653 accedentesque
579 3574 686 3649 insigni
718 3572 941 3632 sutri-odiorum
968 3600 971 3613 ·
996 3576 1100 3655 justae
1127 3577 1257 3655 equiturn
1283 3579 1389 3658 copiae
1414 3576 1473 3636 sub
1503 3574 1643 3635 tentoriis
1674 3576 1814 3636 collocari

138 3678 329 3745 dilllcullnte,
355 3692 412 3753 qua
438 3690 456 3729 a
478 3668 596 3727 llurnine
616 3666 869 3745 relinquebantur,
894 3668 941 3727 riu
967 3656 971 3719 l
1002 3676 1141 3745 possent:
1167 3690 1244 3749 quac
1270 3672 1300 3729 iu
1327 3678 1462 3750 terrrporc
1487 3666 1598 3728 deinde
1628 3676 1736 3729 contra
1767 3690 1814 3729 cx·

138 3768 589 3855 empipauru,rprr·1nparatum
612 3758 941 3829 lralrelrautadrebere
967 3838 970 3843 Ι
1001 3764 1156 3822 cumioues
1195 3762 1323 3822 bostium
1365 3762 1504 3821 arrailiurn
1537 3763 1651 3821 uostris
1687 3762 1815 3823 ferrent:

137 3872 302 3953 putuerunt.
340 3860 442 3937 ltaque
473 3856 552 3913 uaria
583 3854 681 3911 arriuro
712 3854 832 3929 agitanti
860 3875 940 3933 pruc-
967 3864 970 3927 Ι
1001 3854 1058 3915 lrac
1091 3856 1206 3915 ratione
1239 3856 1346 3915 castris
1376 3876 1413 3913 eo
1443 3854 1512 3914 locu
1542 3876 1631 3934 quan
1666 3854 1815 3915 latissime

137 3968 219 4025 stura
237 3950 395 4037 aliqnando
416 3946 577 4017 ridebatur,
598 3946 626 4003 si
647 3942 807 4005 l'lcscoriu
827 3948 941 4018 relicta,
967 3934 971 4045 1
998 3946 1218 4025 Nouogardiarn
1245 3968 1351 4008 versus
1376 3948 1550 4027 explicatis,
1580 3948 1619 4007 ab
1642 3948 1725 4007 nuni
1748 3950 1816 4007 sub·

138 4054 184 4117 rol
211 4052 349 4129 tlaprrsur
376 4038 593 4119 Norogardiam
626 4046 706 4097 recta
738 4038 941 4105 couteudcret,
967 4064 971 4127 q
999 4040 1077 4101 sidio
1097 4046 1127 4101 el
1147 4048 1327 4111 commeatu,
1352 4043 1419 4100 sine
1439 4041 1650 4120 frequentibus
1669 4043 1816 4107 excubiis.

135 4164 225 4227 qnam
253 4134 383 4203 normulli
409 4134 506 4193 srirrtrs
536 4135 674 4192 munitam
704 4133 863 4214 putabant:
894 4131 941 4192 rel
967 4138 971 4273 1
999 4136 1108 4213 quibus
1138 4137 1165 4194 si
1196 4134 1234 4193 ab
1262 4136 1356 4194 altera
1382 4140 1466 4215 quarte
1493 4140 1593 4193 castra
1619 4142 1815 4213 proicerentur.

134 4234 174 4301 ut
205 4232 302 4293 uicina
334 4226 460 4287 castella
487 4224 647 4287 Pori-orara
680 4234 709 4285 et
739 4224 874 4285 Udorum
905 4246 941 4285 se
999 4228 1149 4287 continuis
1186 4226 1341 4306 defatigari
1383 4228 1502 4286 militem
1543 4245 1676 4286 necesse
1720 4242 1815 4295 essct,

134 4332 334 4391 convenere-r:
354 4322 451 4401 iisqne
473 4320 502 4377 iu
522 4326 700 4400 pudestatem
721 4318 869 4390 redactis,
890 4320 941 4377 ob·
999 4320 1089 4381 multo
1117 4318 1300 4381 commodius
1326 4322 1489 4391 obsessos,
1515 4317 1677 4379 intercludi
1705 4340 1815 4401 posse:

134 4420 251 4485 sldlmrc
277 4434 314 4475 es
340 4414 379 4473 iis
408 4412 510 4471 urlrem
537 4420 697 4493 premerem
727 4434 847 4492 quorum
869 4412 939 4472 illud
999 4413 1161 4488 accedere,
1189 4412 1268 4493 quud
1288 4414 1326 4473 ab
1347 4434 1384 4473 ea
1405 4420 1487 4491 parte
1507 4412 1605 4472 solum
1628 4432 1709 4491 pene
1728 4420 1815 4473 esset

134 4520 209 4577 inlr-r
239 4504 455 4577 Norocuutizun
488 4512 517 4563 et
547 4504 734 4565 l'leseoriam
765 4510 853 4565 situm
881 4528 941 4565 ma·
966 4522 970 4593 1
999 4508 1100 4567 mirlle:
1126 4508 1164 4567 ab
1189 4506 1258 4565 aliis
1278 4506 1339 4566 fere
1360 4508 1497 4567 omnibus
1517 4525 1606 4585 rupes
1628 4504 1816 4567 durissimae

133 4626 219 4687 pm·
248 4598 287 4661 ad
314 4596 564 4659 luterelrulendara
596 4620 614 4657 a
643 4598 787 4658 srrlrsidiis
814 4606 844 4657 et
864 4620 939 4659 erum·
966 4642 971 4723 q
999 4600 1028 4660 rd
1050 4601 1237 4681 exciperent:
1263 4620 1340 4678 qrmc
1365 4610 1396 4659 et
1422 4620 1498 4679 opus
1516 4604 1705 4671 moraturae,
1734 4602 1817 4661 cuni·

133 4704 233 4767 caestu
248 4692 434 4755 l'lt·swriant
456 4690 624 4752 facultatem
639 4690 748 4752 babere
768 4694 938 4773 putulndur:
966 4726 972 4779 q
998 4694 1082 4755 erulos
1112 4699 1164 4752 aad
1198 4694 1317 4753 emrrinu
1354 4693 1529 4754 exclusume
1565 4698 1685 4752 esseut
1747 4692 1817 4755 Rea

132 4800 192 4863 tque
212 4784 443 4867 lranogrodcusi
470 4786 548 4861 arci,
577 4806 654 4865 quae
675 4796 786 4867 portum
808 4785 939 4846 n'aueo-
966 4800 970 4919 1
998 4795 1096 4848 taureu
1126 4786 1204 4867 quod
1236 4788 1359 4864 priorem
1390 4786 1513 4856 salutis,
1542 4804 1631 4865 quara
1665 4786 1817 4849 victorina

131 4908 194 4954 m·
214 4882 315 4953 cilicii,
336 4878 522 4939 isaurius-bat:
542 4880 629 4961 priori
646 4880 770 4940 crrrrsilio
788 4902 853 4939 curu
873 4902 940 4953 cac,
998 4884 1140 4941 ratione·
1162 4879 1328 4941 habendam
1348 4878 1514 4961 judicaret,
1539 4878 1579 4938 ab
1604 4878 1753 4941 orientali
1778 4880 1816 4943 lu·

131 5004 209 5073 πω
229 4982 300 5041 ante
319 4974 541 5035 ‹lenunolratac
567 4980 653 5033 strunt.
685 4977 832 5039 rationes,
864 4988 894 5034 et
922 4998 939 5033 a
999 4980 1060 5034 tere
1081 4993 1252 5054 oppugnare
1273 4974 1375 5033 urbem
1401 4972 1522 5041 statuil;
1547 4989 1606 5049 qun
1635 4972 1666 5031 iu
1694 4972 1769 5035 luen
1788 4980 1817 5035 et

130 5070 291 5147 {damula
319 5084 435 5143 tructus,
469 5078 527 5128 turn
563 5070 657 5149 ipsios
685 5066 939 5145 Norrrgardieosis
1000 5066 1158 5145 peditatus,
1179 5068 1229 5146 qui
1248 5064 1509 5145 inopcrcfuturua
1529 5072 1625 5137 esset,
1646 5088 1666 5145 a
1687 5068 1817 5131 sinistra

341 5186 427 5249 qrranr
451 5174 480 5225 et
502 5166 597 5243 ipsam
619 5185 677 5222 urm
690 5164 816 5241 exigeres
836 5160 874 5223 ad
896 5184 938 5221 re·
1000 5158 1103 5219 l'olica
1125 5160 1243 5221 llunins
1263 5156 1487 5217 defenderetur:
1509 5165 1538 5218 el
1558 5164 1662 5219 eastra
1674 5164 1817 5239 proximo
