3742 5626
95 168 149 225 1⁰2
652 158 893 224 RElh'llsslle
913 160 1238 223 nfflnssnsre'rrtn

102 349 168 390 crrnr
210 327 425 408 christophoro
454 326 672 396 llozdrasevio,
711 329 741 385 et
776 322 907 384 Ernesto
969 328 1088 383 cautum
1122 323 1186 384 luit.
1240 322 1389 385 Tendentl
1425 323 1465 385 od
1494 328 1593 385 austra
1621 320 1778 387 lllleletlus

104 422 217 504 Vejero
247 421 415 482 Germanus
443 422 531 481 etiam
560 418 663 479 milesr
701 418 788 498 cujus
817 424 849 475 et
881 415 909 475 si
967 415 1084 476 ebriam
1111 417 1203 488 misit,
1232 417 1283 497 qui
1308 418 1384 479 intra
1408 418 1564 477 tentorium
1594 416 1663 496 ojus
1694 414 1779 477 illum

104 515 223 595 publice
248 512 398 576 scribendi
429 513 600 573 facultatem
634 531 693 571 nou
723 506 910 578 habuissent,
968 506 1161 571 deducereutr
1182 509 1263 591 apud
1282 531 1369 591 quem
1388 508 1613 589 aliquantisper,
1634 505 1708 567 dum
1727 528 1777 568 ro-

104 626 142 669 ae
161 609 264 688 raptim
283 606 390 668 saltem
410 605 530 665 uomina
558 602 664 664 dautes
688 600 832 682 quosdam
860 599 910 661 ad·
969 606 1068 671 catur,
1099 607 1247 678 moratus,
1285 601 1355 663 iudo
1390 600 1429 662 ad
1459 600 1587 661 tribunal
1616 598 1779 673 adductus,

106 700 279 773 duxissent,
314 706 398 758 erant
421 702 519 757 tamen
545 696 565 755 ii
594 701 625 755 et
650 696 747 755 auimo
772 694 910 757 omnibus
970 694 1065 772 siguis
1084 695 1261 756 militaribus
1281 714 1318 756 ue
1337 695 1477 755 universo
1504 693 1634 755 exercitu
1654 694 1778 757 circun-

106 811 210 872 pnresa
230 798 261 852 et
279 809 389 869 gauere
408 807 550 850 armorum
571 792 662 865 atque
684 808 743 848 usu
768 788 811 847 rei
838 785 910 846 mili·
968 786 1049 856 suso,
1068 786 1194 847 solenne
1208 786 1417 869 jusjurandum
1429 785 1614 847 cancellario
1626 785 1727 864 Regni
1746 788 1776 848 iu

106 885 195 957 teris,
234 882 357 963 reliquis
395 902 453 941 non
484 880 575 942 multo
604 879 768 940 interiores.
817 878 912 939 Erant
969 879 1060 941 rerha
1080 882 1109 940 ei
1127 886 1290 961 praeeunte
1308 878 1388 958 Regi
1408 880 1562 958 praestitit.
1602 877 1712 941 Hostis
1735 880 1775 941 iu·

106 977 225 1037 omnino
243 976 401 1036 universae
422 974 601 1053 eopiaocnm
612 992 722 1051 genere
741 978 773 1033 et
790 992 911 1032 numero
968 972 1054 1033 terim
1073 972 1260 1035 Plesconinm
1278 993 1345 1033 cum
1363 974 1494 1034 exercitu
1513 991 1697 1054 progressus
1714 992 1777 1054 par·

107 1068 267 1144 hominnm,
293 1074 355 1131 tum
380 1069 596 1128 exercitatione
624 1086 769 1127 annorum
789 1084 861 1135 oue,
880 1067 913 1124 ut
969 1074 1031 1125 tem
1059 1067 1205 1146 copiarum
1230 1068 1259 1125 in
1285 1065 1441 1126 Lirouiam
1467 1066 1674 1144 praemiserat.
1711 1066 1776 1129 Bne

106 1158 261 1223 Mieletius
278 1180 333 1242 pro
352 1162 468 1221 ratione
486 1160 622 1240 suseepti
640 1157 710 1219 belli
729 1159 830 1240 aptius
850 1155 913 1217 fero
970 1157 1061 1219 Dona
1078 1158 1199 1221 llumine
1217 1158 1254 1219 ad
1276 1157 1527 1229 Cokouhausium,
1548 1178 1616 1237 quo,
1635 1164 1671 1221 ut
1687 1180 1777 1241 supra

106 1255 322 1335 compositum,
352 1253 520 1332 meliusque
550 1254 723 1312 insinuatum
752 1250 913 1311 exercitum
972 1250 1168 1325 ostendimus,
1188 1256 1302 1333 potitus
1322 1251 1433 1327 luerat,
1458 1252 1563 1329 raptim
1588 1252 1777 1328 mus-tuo,

106 1364 174 1407 eam
194 1346 366 1407 confirmare
384 1366 444 1405 non
457 1344 614 1420 dubitaret,
634 1363 723 1424 quam
736 1362 913 1424 quemquam
972 1362 1009 1403 ac
1035 1351 1155 1404 centum
1190 1346 1402 1426 quinquaginta
1438 1345 1554 1405 circiter
1578 1342 1678 1407 Ducis
1705 1344 1776 1407 Cor·

106 1438 195 1499 alium
215 1437 343 1499 ridlsset
363 1459 471 1511 eorum,
490 1440 521 1498 lu
535 1440 642 1517 quihus
655 1436 704 1499 rel
715 1434 913 1518 imperitandi,
973 1434 1092 1497 landino
1112 1437 1271 1516 equitibus,
1296 1438 1347 1518 qui
1373 1436 1419 1497 eis
1444 1436 1563 1499 Danum
1588 1438 1619 1499 iu
1646 1437 1777 1501 stalioso

107 1530 155 1591 rel
175 1530 263 1607 domi,
289 1550 327 1591 nc
352 1530 426 1591 loris
449 1530 575 1612 parendi
594 1528 747 1609 stipendia
771 1529 913 1589 sarmata
972 1534 1072 1605 eraut,
1096 1531 1253 1611 repentina
1278 1530 1453 1591 excursione
1472 1530 1611 1612 rejectis:
1637 1528 1779 1593 Seelhur-

106 1643 144 1686 ae
161 1625 200 1684 uh
219 1644 278 1685 una
297 1624 398 1703 aliqua
423 1630 507 1704 parte
531 1623 741 1703 eloquiam
764 1621 813 1683 rel
832 1618 914 1701 pedi·
970 1641 1124 1702 geusoquo
1142 1620 1240 1697 Ducis
1261 1621 1451 1692 Curlnudiae,
1471 1641 1509 1682 ne
1534 1621 1674 1685 Birsonsi
1694 1622 1777 1685 Chri·

106 1721 170 1778 tatu
181 1717 354 1799 plerumque
373 1715 536 1777 laboratum
547 1714 816 1777 animadvertisset.
837 1711 914 1773 Ceu·
971 1714 1106 1797 stophori
1130 1714 1263 1776 Radirili
1294 1734 1364 1793 agro
1394 1720 1512 1776 vastato
1539 1736 1668 1797 propere
1696 1721 1779 1781 trun

106 1810 152 1871 sis
190 1810 289 1891 eopiis
321 1808 500 1871 Curlundiae
542 1809 634 1885 Daci,
665 1828 754 1889 quem
783 1805 912 1867 Disuam
970 1806 1091 1870 Dunam
1110 1828 1147 1869 so
1165 1814 1358 1889 receperunt3
1377 1809 1550 1879 exereitum,
1569 1809 1620 1888 qui
1641 1810 1673 1871 iu
1690 1808 1779 1873 laire-

106 1902 229 1963 dilatum
249 1922 341 1983 supra
366 1901 567 1973 ostendimus,
599 1900 758 1983 possessio
791 1897 912 1959 Curlan·
970 1901 1019 1961 nia
1047 1900 1158 1973 luerat,
1191 1898 1437 1981 christophorum
1461 1899 1635 1963 Rudirilum
1661 1900 1779 1967 Vlleu

106 1994 176 2056 diae
197 1994 448 2075 Seurigalliaeqno
468 1994 605 2055 Ducatos
624 1994 831 2055 solennimore
844 2011 912 2052 eon·
970 1993 1181 2071 stipendiorum
1200 2012 1294 2054 causa
1317 2001 1453 2054 secutum
1478 2014 1569 2071 snpra
1593 1993 1778 2059 demonstra·

107 2088 228 2158 srrmatn,
249 2088 374 2168 ipseque
394 2089 423 2146 in
444 2088 612 2163 clientelam
633 2096 665 2147 et
675 2085 762 2146 tidem
774 2090 913 2162 receptus
972 2086 1079 2145 rimus.
1119 2086 1238 2146 interim
1255 2084 1401 2146 loannem
1421 2084 1609 2155 Tnlrossiun
1632 2088 1777 2151 camebo-

106 2178 171 2241 l'uit
212 2179 352 2241 Consulti
373 2180 411 2240 do
437 2200 472 2240 eo
493 2180 658 2242 Senatores
670 2178 822 2253 Lithuani,
843 2197 912 2257 quo·
971 2198 1040 2238 nom
1062 2178 1253 2257 Samogitiae,
1273 2179 1413 2253 eumilo,
1438 2200 1516 2258 quas
1538 2180 1647 2261 raptim
1666 2186 1777 2243 contru-

106 2292 169 2333 ιιιιιι
189 2291 294 2350 magna
318 2293 389 2353 pars
416 2272 533 2349 aderat,
559 2279 590 2333 ct
616 2273 667 2352 qui
694 2292 733 2331 ex
761 2270 914 2331 Polouicis
970 2269 1042 2333 hore
1068 2278 1200 2353 poterat,
1233 2273 1330 2352 enpiis
1361 2272 1391 2331 iu
1415 2270 1570 2333 lairouianr
1598 2272 1670 2335 Rex
1688 2274 1778 2337 nisit.

106 2374 282 2445 praesentes
305 2371 402 2435 orant,
433 2386 538 2425 ornnes
556 2371 590 2426 ut
614 2364 754 2425 correctis
772 2363 913 2424 conditio·
972 2361 1128 2424 Philonem
1150 2364 1286 2440 Curitam,
1306 2364 1357 2443 qui
1375 2362 1477 2425 Orsus
1496 2370 1643 2443 praeerat,
1662 2365 1703 2429 ud
1722 2364 1778 2429 Bo-

107 2456 211 2527 uibus,
242 2476 320 2536 quae
349 2476 414 2517 cun
443 2457 636 2534 Sigismundo
661 2458 801 2534 Augusto
827 2454 912 2533 Rege

106 2568 161 2629 pro
182 2551 250 2631 ejus
273 2551 416 2628 temporis
440 2550 554 2611 rationo
578 2571 637 2611 non
662 2550 739 2610 satis
760 2546 913 2609 commode

107 2646 253 2703 tractatae
271 2642 531 2715 existimabantur,
564 2664 614 2703 res
634 2643 779 2716 liniretur,
809 2660 914 2703 eonse-

106 2732 188 2794 hrat.
225 2731 261 2796 lu
287 2732 411 2795 eaodem
436 2736 611 2797 seutentiam
638 2756 657 2797 a
682 2734 802 2816 majoris
826 2732 913 2795 Polo-

105 2826 185 2903 uias,
204 2824 338 2889 Russiue
356 2829 436 2903 item,
456 2828 608 2898 Prussine,
627 2848 664 2889 ac
680 2826 838 2888 Maeoniae
859 2824 913 2886 Se·

105 2920 260 2980 aratoribus
271 2920 448 2980 absentibus
469 2940 523 3001 per
534 2920 648 2981 litteras
663 2940 842 3000 responsum
853 2918 915 2980 sue

107 3024 164 3074 rat.
202 3011 330 3073 Minoris
350 3012 494 3074 l'oloniae
514 3012 680 3073 Senatores
698 3012 842 3091 plerique,
862 3014 914 3092 qui

972 2454 1159 2535 rysthenem,
1184 2477 1222 2515 ue
1247 2455 1319 2535 quid
1338 2476 1374 2516 ea
1398 2476 1436 2516 ea
1453 2466 1540 2538 parte
1559 2458 1600 2519 nl)
1618 2456 1711 2521 hoste
1729 2459 1778 2521 de

971 2549 1099 2610 trimenli
1121 2550 1318 2628 acciperetur,
1342 2568 1446 2609 curare
1460 2551 1566 2631 jussit.
1602 2548 1672 2615 dam
1695 2572 1777 2615 exer·

974 2643 1052 2702 citus
1070 2662 1136 2701 cum
1155 2640 1292 2703 Palatino
1313 2641 1452 2702 Viluensi
1470 2640 1619 2705 Palation
1639 2646 1778 2725 praemis·

972 2754 1027 2795 sus
1049 2734 1166 2794 Dunrm
1187 2738 1278 2812 ponte
1301 2734 1424 2796 Crunoe
1437 2754 1475 2796 ex
1494 2736 1634 2810 naribus,
1651 2758 1696 2813 eu,
1715 2758 1777 2817 qua

972 2825 1081 2888 dictum
1101 2832 1158 2899 est,
1178 2828 1301 2902 ratione,
1322 2825 1402 2887 lacto
1428 2826 1468 2888 ad
1490 2827 1619 2891 Disnnm
1643 2832 1777 2893 muni·

972 2924 1069 2981 serat:
1088 2920 1160 2981 nihil
1180 2918 1267 2980 hoste
1287 2925 1391 2981 contra
1408 2922 1604 3002 suscipiente,
1624 2944 1684 3003 quo
1700 2930 1776 2987 trau·

972 3014 1031 3073 situ
1052 3033 1120 3073 eum
1139 3013 1325 3093 prohiberet:
1345 3013 1778 3094 relqnodexiustitutodisci-

773 3126 780 3139 =
905 3151 913 3175 ‚
971 3105 1070 3186 plinoo
1089 3105 1305 3167 llloscoriticae
1326 3106 1393 3165 siue
1412 3107 1550 3169 mandato
1568 3107 1716 3185 Prlnclpis
1736 3130 1777 3171 ex

109 3195 189 3275 quod
208 3217 243 3257 eo
264 3202 394 3275 tempore
406 3198 634 3279 appellationum
650 3197 773 3280 judicia,
793 3196 831 3257 de
851 3199 912 3276 qui-

108 3289 168 3350 hus
187 3312 279 3371 snpra
300 3290 409 3350 dietum
430 3298 487 3366 est,
507 3292 599 3371 prima
620 3296 682 3350 tum
702 3291 743 3349 ihi
763 3289 912 3349 lralrehan.

108 3393 165 3452 tur,
195 3384 225 3441 in
255 3384 373 3442 comitia
404 3402 463 3441 rem
494 3380 689 3441 differendam
719 3387 913 3443 censuerant:

108 3474 209 3549 veriti,
235 3480 268 3533 ut
287 3474 455 3545 ridebatur,
480 3495 518 3535 rra
545 3476 573 3533 in
594 3472 773 3534 Polonorunr
785 3475 911 3536 Senatu·

109 3586 173 3626 ιιιιιι
193 3568 342 3645 paucitate
353 3576 460 3627 eontm
471 3564 638 3627 laithnanos
646 3567 707 3644 juri
727 3567 757 3626 in
771 3588 839 3627 oum
852 3566 911 3627 Du·

107 3664 205 3719 catum
223 3658 322 3738 Regni
341 3661 417 3720 satis
438 3670 607 3733 careretur3
632 3659 688 3719 sed
710 3667 741 3719 ot
759 3659 910 3740 iudignum

106 3750 184 3831 Regi
205 3753 370 3824 ridebatur,
391 3752 504 3812 (lintius
524 3773 591 3812 eum
606 3751 723 3823 rinocore,
743 3754 830 3834 cujus
842 3758 911 3833 post

104 3844 200 3905 semol
220 3844 316 3906 (latam
338 3844 426 3905 lidern
447 3866 593 3925 rrrrnquam
625 3844 744 3905 dolrinm
765 3848 909 3907 animumt

105 3959 223 4018 semper
242 3940 376 3999 eximium
397 3938 535 4013 studium,
556 3939 831 4017 ohserrantiamqne
842 3958 911 4016 erga

104 4052 140 4091 sc
160 4033 381 4112 perspexisset:
404 4054 504 4112 neque
525 4031 672 4110 Principis
693 4030 831 4091 hostibus
850 4032 911 4092 lini·

104 4123 166 4181 timi
187 4124 216 4181 in
238 4123 288 4183 illo
307 4125 451 4185 livoniae
472 4131 550 4183 stanin
566 4126 636 4205 jus,
655 4144 803 4202 seruamque
822 4126 909 4184 hene·

104 4216 200 4273 lioinm
222 4218 251 4275 in
271 4237 422 4297 suspenso
442 4220 608 4296 relinquere
628 4218 706 4276 satis
726 4224 818 4277 lntrnn
836 4218 910 4278 arhi-

104 4309 243 4368 lrabotur.
294 4313 397 4388 ltaque
423 4310 554 4388 perlecta
579 4331 629 4369 res
660 4311 697 4369 iis
728 4312 909 4389 potissimum

104 4400 325 4461 conditionibus
340 4402 409 4469 linit,
436 4413 467 4462 nt
493 4403 543 4463 illo
566 4402 654 4463 lidenr
676 4404 910 4482 ‹rlrseqniumqnc

102 4514 188 4555 nuum
201 4493 276 4571 Regi
289 4495 456 4574 pollicente,
472 4498 585 4576 jusque
600 4495 757 4576 jurandum
778 4497 808 4553 in
820 4496 910 4557 rerha

103 4587 196 4665 Regis
223 4594 411 4667 praestante,
442 4610 499 4667 qna
532 4588 640 4649 nullius
670 4588 792 4647 alterius
821 4610 908 4668 qnam

101 4680 218 4761 Regum
238 4680 382 4741 Polnniae
400 4680 590 4761 hlajestatem
618 4702 654 4740 se
680 4680 825 4741 culturum
846 4701 907 4758 pro·

101 4774 248 4835 litareturt
274 4775 342 4835 Rex
364 4782 483 4835 ecorrtra
505 4774 699 4856 patrocinium
725 4792 761 4835 ac
788 4772 909 4834 tutelam

101 4869 169 4945 ejus
179 4875 283 4929 contra
292 4888 398 4929 omnes
409 4869 451 4927 illi
464 4871 625 4948 reciperet;
646 4864 907 4949 ‹lejurisdictione,

102 4978 189 5036 apuam
211 4961 240 5017 in
261 4982 335 5021 noros
349 4961 449 5033 hahet,
471 4968 504 5022 nt
516 4961 554 5021 ad
565 4966 740 5019 ornamentum
753 4958 906 5033 hinnulae,

100 5068 186 5129 quem
217 5053 244 5109 si
276 5054 417 5132 reliquam
444 5055 597 5115 {ironiam
629 5053 696 5113 ller
722 5051 907 5135 adjungeret,

98 5142 321 5203 instituturus
313 5166 342 5204 ιιι
363 5170 399 5207 un
413 5154 504 5207 esset
527 5148 695 5224 proroealio
688 5147 752 5207 nah
766 5166 801 5206 eo
814 5152 906 5209 esset.

970 3198 1118 3276 praesidio
1139 3198 1228 3259 miles
1258 3198 1359 3276 egredi
1386 3220 1444 3259 uon
1467 3200 1589 3263 audent:
1614 3200 1666 3263 rel
1690 3201 1776 3281 quod

970 3291 1155 3368 superiorum
1177 3297 1341 3372 temporum
1361 3312 1506 3355 successu
1523 3293 1637 3364 elutus,
1663 3296 1779 3355 exerci-

970 3387 1037 3457 tus,
1063 3384 1113 3462 qui
1140 3383 1259 3443 Srirunr
1285 3386 1445 3445 convenire
1470 3384 1635 3458 dicehutrrr,
1665 3386 1779 3451 ranan

971 3481 1179 3536 contemserat.
1218 3474 1309 3537 Dona
1328 3478 1445 3556 paulum
1470 3498 1658 3559 progressum
1686 3484 1777 3543 couti·

971 3587 1048 3628 nuae
1068 3569 1163 3629 silvae
1181 3568 1353 3648 aliquandiu
1377 3576 1506 3632 morulae
1532 3572 1661 3635 luerunt.
1702 3574 1778 3637 Nu

969 3680 1006 3720 ex
1026 3682 1084 3740 quo
1105 3660 1254 3723 Polotiam
1272 3661 1402 3724 Morcus
1421 3674 1551 3744 ceperat,
1568 3664 1779 3729 sedecimlcro

969 3774 1109 3814 annorum
1130 3756 1239 3835 spatio,
1265 3776 1321 3835 quo
1344 3757 1373 3816 iu
1393 3759 1698 3841 potestatoejusl'uit,
1717 3780 1779 3823 eu

969 3851 1079 3924 partem
1099 3849 1173 3925 agri,
1193 3868 1270 3926 quae
1294 3868 1313 3909 a
1334 3848 1422 3909 Duna
1441 3849 1560 3911 flumine
1575 3857 1671 3933 atque
1685 3852 1779 3915 bem

968 3938 1113 4000 l'olotiam
1132 3938 1324 4000 tendentibus
1352 3943 1443 4021 prima
1463 3946 1605 4016 occurrit,
1627 3945 1778 4010 desertam

969 4051 1005 4090 ac
1031 4031 1171 4091 incultam
1197 4031 1370 4111 reliquerat:
1401 4034 1481 4095 unde
1507 4036 1687 4118 frequentes
1712 4038 1777 4101 den

969 4124 1167 4203 sissimaeque
1193 4126 1332 4197 arbores,
1353 4134 1386 4188 ut
1411 4128 1440 4187 in
1466 4129 1540 4188 solo
1551 4130 1644 4192 fertili
1669 4134 1777 4195 interes

968 4218 1362 4297 temporisenatael'ueranl.
1383 4219 1494 4280 Verum
1510 4222 1649 4303 peditatu
1659 4224 1774 4305 ssange-

968 4310 1029 4368 rico
1055 4311 1212 4371 securibus
1238 4313 1333 4373 silvas
1360 4313 1487 4375 caedere
1514 4317 1714 4390 instituente,
1742 4336 1775 4379 ae

968 4404 1104 4463 ueloriter
1124 4423 1201 4481 opus
1220 4406 1400 4482 perficiente,
1421 4408 1528 4485 exiguo
1547 4414 1697 4491 temporis
1713 4432 1778 4491 sps·

968 4499 1009 4556 tio
1036 4496 1229 4556 difficultates
1248 4518 1303 4558 eas
1323 4502 1482 4577 superarit.
1520 4500 1643 4565 Polatin
1654 4504 1777 4584 antiqui-

967 4594 1017 4648 tus
1037 4608 1111 4648 suos
1131 4588 1235 4649 Duces
1254 4588 1366 4662 hahuit,
1387 4595 1503 4674 subque
1528 4615 1641 4659 anunm
1668 4620 1689 4659 a
1712 4602 1778 4659 nato

968 4680 1087 4743 Christo
1105 4680 1164 4740 980
1185 4684 1233 4742 rel
1263 4689 1296 4744 ut
1324 4684 1421 4745 Russi
1455 4693 1587 4766 tempora
1619 4696 1778 4753 autemut

967 4796 984 4835 a
1004 4774 1123 4835 condito
1144 4774 1252 4835 rnundo
1272 4776 1349 4839 oa88
1368 4777 1543 4841 Roohroldo
1563 4780 1647 4843 Duci
1667 4785 1778 4864 paruit:

966 4869 1015 4948 qni
1049 4888 1069 4929 a
1105 4866 1268 4928 l‘lodimiro
1308 4870 1418 4949 hlagno
1461 4873 1500 4932 oh
1536 4880 1715 4953 negatamci
1752 4878 1782 4937 in

966 4962 1175 5022 matrimonium
1199 4960 1285 5022 filiam
1308 4962 1511 5039 Roehnenan,
1541 4974 1576 5028 ut
1605 4954 1822 5033 blascorum

966 5053 1090 5114 annales
1125 5052 1259 5126 hahent,
1298 5056 1377 5116 bello
1408 5060 1536 5169 petitus,
1572 5062 1669 5125 sitam
1707 5066 1784 5149 puri·

965 5152 1010 5205 ter
1030 5164 1096 5205 curn
1118 5146 1236 5209 duobus
1262 5149 1331 5209 liliis
1357 5172 1392 5211 ac
1413 5153 1534 5230 imperio
1553 5156 1669 5221 amisit.
1711 5158 1785 5223 lude
