3742 5626
209 142 229 203 8
811 137 983 203 Mortua]
1002 137 1265 205 CARDlNALlS

213 304 370 365 Romanae
389 302 509 383 penitus
528 302 680 387 adjungat,
701 322 798 383 neque
816 298 956 383 quiquam
975 297 1015 359 ab
1041 286 1048 411 ἰ
1073 312 1152 375 scat,
1170 323 1266 385 seque
1284 302 1443 366 Ecclesiae
1455 304 1611 365 Romanae
1629 304 1659 365 in
1678 302 1817 386 ejusden
1836 322 1868 363 re

214 398 325 507 inimici
344 396 432 457 dono
452 402 554 479 petat,
579 398 632 459 uni
657 398 755 458 carnia
780 395 871 457 inlida
896 398 928 453 ct
946 392 1016 453 insi·
1043 438 1048 531 Ι
1072 397 1193 477 ligiouis
1211 398 1392 459 consortium
1411 398 1605 476 conglutinari
1625 399 1761 477 patiatur.

214 488 327 551 damn
348 490 438 573 plena
455 496 536 551 sunt.

1045 564 1048 581 Ι
1151 490 1304 563 Allemm,
1331 490 1411 571 quod
1429 493 1523 572 primo
1542 511 1732 572 consequens
1762 495 1814 553 est
1849 511 1867 551 u

290 582 390 666 liujus
408 604 479 645 rere
497 582 660 661 argumenti
670 580 768 641 lusius
778 579 947 663 explicandi
959 598 1017 641 uon
1074 584 1144 666 ejas
1166 583 1322 645 Serenitas
1352 585 1394 645 ita
1424 584 1571 646 alliciatur
1602 596 1694 665 utque
1718 582 1871 646 ardisaim

216 676 322 749 semel,
341 684 374 738 nt
385 678 565 746 arbitramur,
578 675 766 735 occasionem
782 675 931 757 reperies3
951 692 1018 735 cae·
1045 698 1049 731 ι
1074 678 1193 749 amoris,
1221 684 1252 739 et
1281 678 1428 739 amicitiae
1459 679 1576 740 vinorrlo
1606 700 1672 743 οιιι
1701 678 1845 758 Apostol'

217 784 311 830 teru-
330 782 362 829 ut
381 770 419 832 ad
440 769 600 829 institoriam
627 769 823 829 narrationem
849 767 1018 837 redeamus,
1045 796 1048 801 ·
1077 767 1160 830 Sede
1181 772 1320 854 conjungi
1343 770 1424 831 uelit.
1464 770 1598 834 Tertium
1617 778 1681 842 est,
1699 778 1734 833 ut
1752 770 1793 834 de
1815 774 1854 853 ej

218 862 258 923 de
276 864 416 944 periculis
435 860 656 943 propulsandis,
684 866 717 921 et
735 860 922 941 depellendis
942 879 1019 940 quae
1045 848 1050 961 ἱ
1077 861 1230 925 uoluntate
1256 870 1287 923 et
1314 864 1449 925 consiliis
1474 866 1504 925 iu
1524 886 1577 937 eo,
1601 863 1682 946 quod
1705 864 1748 925 ad
1773 864 1797 926 ιι
1816 895 1836 916 -·
1853 895 1871 919 ·:

218 976 238 1015 a
258 956 355 1016 Tusca
379 952 567 1037 impendent,
597 953 699 1027 dices,
718 954 834 1016 Summi
865 954 1020 1015 Pontificis
1046 966 1050 1031 ῑ
1077 955 1254 1027 ineundum,
1273 962 1303 1018 el
1324 956 1432 1018 bellun
1457 956 1565 1020 Turcis
1584 955 1770 1020 inserendum
1797 961 1869 1039 perti

218 1054 249 1108 et
268 1046 448 1109 serenitatis
467 1050 535 1131 ejus
546 1050 714 1109 voluntates
725 1047 890 1109 concordes
909 1058 1020 1108 etcon·
1079 1056 1161 1119 nent,
1181 1068 1268 1128 quam
1287 1050 1525 1131 exploratissima
1543 1050 1583 1111 ad
1603 1072 1658 1113 uos
1678 1051 1807 1115 reseras.

217 1146 380 1203 uotam
406 1160 479 1203 esse
502 1141 609 1203 ambos
633 1142 714 1202 euim
739 1139 778 1202 de
802 1137 1021 1224 comprimenda
1155 1142 1283 1203 Accedit
1302 1148 1333 1203 et
1350 1152 1496 1222 quartum,
1513 1144 1593 1224 quod
1613 1165 1672 1206 uon
1691 1146 1855 1209 minorisa

219 1234 405 1297 intollerabili
425 1234 588 1297 'furcarum
608 1234 721 1297 lerocia
740 1236 888 1315 cogitare,
913 1236 1021 1295 ambos
1079 1233 1180 1295 studio
1199 1256 1220 1296 a
1238 1242 1269 1296 te
1288 1237 1383 1297 curam
1401 1236 1538 1297 volumus
1557 1235 1596 1297 de
1616 1236 1751 1317 RegeP
1795 1268 1807 1292 ;ι
1844 1275 1846 1288 ι

219 1326 297 1388 iden
322 1328 449 1399 sentire,
480 1328 552 1389 nihil
576 1327 616 1391 ad
640 1348 708 1389 eam
735 1348 795 1389 rora
815 1330 1022 1410 opportunius,
1081 1347 1149 1387 nam
1175 1348 1243 1389 cum
1268 1326 1338 1390 Rex
1364 1328 1415 1390 ille
1451 1330 1503 1409 qui
1528 1350 1607 1391 nuuc
1635 1351 1734 1393 ramur
1763 1334 1828 1414 pnt'
1850 1361 1860 1385 n

220 1420 294 1482 nihil
314 1422 476 1484 salutarius
495 1442 578 1493 esse,
597 1440 685 1503 quara
705 1427 738 1483 ιιι
758 1424 940 1483 consociatis
948 1420 1021 1483 mul·
1049 1398 1053 1461 Ι
1082 1418 1193 1483 Turris
1213 1422 1430 1483 infestissimus
1449 1444 1522 1485 esse
1537 1422 1661 1495 dicatur,
1680 1425 1870 1503 cumquella

221 1530 318 1575 torum
330 1514 498 1597 Principu-
518 1516 640 1591 simbus,
661 1515 760 1577 mullis
781 1520 811 1575 et
829 1516 859 1575 iu
874 1517 1022 1576 locislam
1080 1514 1132 1593 gni
1151 1515 1247 1577 Ducis
1268 1516 1350 1577 Ditio
1368 1516 1407 1578 ad
1420 1514 1579 1579 Persarum
1598 1518 1674 1579 linea
1692 1538 1749 1600 pro
1793 1549 1794 1566 ι
1849 1547 1860 1566 a

222 1614 331 1689 potens
350 1596 752 1690 adversarius'oppugaetur.
774 1608 887 1669 l'emm
906 1608 1024 1669 Sancti·
1082 1626 1140 1667 uon
1160 1606 1282 1669 difficile
1306 1609 1387 1671 lactu
1412 1608 1544 1681 ridetur,
1569 1614 1688 1693 atejus
1706 1612 1845 1673 Scraoita
1858 1616 1867 1656 ’π

221 1712 314 1761 ratem
332 1721 417 1763 suan
438 1700 525 1763 ualde
544 1720 655 1783 cupere
675 1702 826 1783 aliquanto
846 1701 1025 1773 distinctius,
1081 1704 1257 1763 auctoritate
1276 1700 1344 1763 Rex
1370 1703 1421 1764 ille
1444 1704 1668 1784 poteuiissirnus
1693 1705 1724 1765 iu
1750 1706 1783 1789 ej
1863 1741 1864 1752 ι

222 1804 253 1855 et
273 1794 451 1875 explicatius
470 1814 654 1875 cognoscere
680 1794 751 1877 quid
780 1796 849 1877 ejus
879 1796 924 1855 rei
955 1814 1024 1855 exe·
1083 1792 1215 1855 loedoria
1234 1796 1651 1877 societatemprotralaeretur,
1671 1817 1754 1877 quae

222 1886 360 1967 quendae
379 1908 473 1949 causa
492 1890 588 1969 ipsius
608 1888 766 1951 serenitas
784 1888 906 1949 ellicere
924 1887 1026 1949 decre·
1083 1889 1221 1949 accessio
1241 1890 1346 1951 multis
1364 1888 1403 1949 de
1423 1893 1527 1951 causis
1545 1910 1622 1969 quae
1639 1891 1761 1953 obrian
1782 1902 1815 1953 et
1839 1925 1857 1938 »

224 1983 308 2051 uerit,
327 1990 358 2043 et
378 1988 410 2041 ul
431 1981 559 2060 exempli
578 2002 671 2043 causa
690 1980 840 2054 dicamus,
866 1981 1027 2064 prudenter
1084 1978 1194 2041 uilcsle
1219 1988 1290 2043 suut
1315 1984 1437 2043 maximi
1456 1984 1597 2044 momenti
1615 2004 1689 2045 esse
1706 1983 1824 2061 lutum
1842 1988 1864 2045 ι’

223 2098 243 2136 a
260 2084 291 2135 te
305 2074 437 2155 roganda
456 2076 512 2136 erit
531 2076 600 2157 ejus
618 2075 775 2135 Serenitas
794 2081 827 2135 ut
843 2074 1026 2157 planiusex·
1084 2076 1163 2134 euim
1183 2075 1246 2135 fieri
1276 2083 1398 2156 posset,
1427 2082 1459 2136 ut
1491 2076 1588 2137 moles
1616 2077 1667 2137 illa
1686 2078 1807 2157 imperii

224 2176 313 2249 ponat
332 2170 443 2249 quibus
462 2170 561 2250 copiis
586 2189 675 2249 quam
698 2168 798 2231 ralido
818 2174 849 2229 et
867 2188 1026 2231 numeroso
1053 2192 1057 2259 Ι
1084 2166 1193 2239 valide,
1212 2174 1272 2229 lum
1292 2167 1392 2229 multis
1412 2170 1442 2229 iu
1462 2168 1547 2239 locis,
1566 2190 1586 2231 a
1604 2169 1727 2245 nram,
1748 2192 1770 2233 a
1788 2170 1824 2231 P
1849 2217 1865 2224 .,

224 2263 373 2333 exercitu,
398 2282 458 2343 quo
483 2262 555 2325 belli
574 2266 726 2343 apparatu,
745 2262 854 2342 quibus
874 2262 949 2323 locis
968 2282 1027 2342 quo
1053 2262 1059 2357 l
1085 2262 1229 2323 anoslris
1248 2267 1417 2341 oppugnata
1436 2270 1466 2323 ct
1484 2266 1626 2341 tauquam
1648 2266 1812 2327 tormentis
1829 2286 1845 2327 r

225 2368 358 2433 ternpore
377 2354 496 2415 lroatem
525 2354 665 2415 invadere
694 2356 871 2425 constituat,
897 2354 1027 2435 denique
1087 2356 1199 2429 berula,
1219 2374 1279 2413 nou
1299 2352 1418 2415 laudem
1438 2362 1598 2415 conucrel.

226 2468 371 2527 quaenam
390 2448 484 2507 lotias
507 2446 578 2507 belli
602 2448 676 2507 ratio
693 2448 734 2507 sit
754 2448 861 2519 lutura,
880 2456 912 2508 et
931 2458 1026 2508 utrum
1164 2444 1342 2507 Enitendum
1364 2448 1452 2527 igitur
1471 2448 1524 2509 tibi
1543 2462 1608 2519 est,
1631 2456 1668 2511 ut
1686 2449 1864 2515 Sercaimia

226 2548 304 2603 tcrra
323 2548 447 2613 taratara,
466 2560 504 2601 un
524 2541 613 2601 ctiam
635 2540 754 2601 lumine
772 2542 872 2623 aliquo
885 2542 1029 2613 autmari,
1056 2600 1060 2621 ,
1087 2538 1197 2619 Magno
1218 2538 1296 2600 Daci
1316 2538 1347 2600 id
1366 2540 1568 2622 persuadeas,
1590 2546 1624 2603 al
1648 2564 1739 2624 quam
1761 2548 1866 2627 prinu

227 2640 258 2697 et
276 2654 336 2715 qua
356 2633 472 2705 classe,
512 2654 599 2715 quan
618 2640 737 2705 ornata,
764 2640 795 2695 et
814 2636 958 2697 instructa
977 2632 1028 2695 lao-
1056 2650 1061 2753 q
1086 2632 1126 2695 ad
1148 2634 1302 2693 Persarum
1314 2632 1430 2713 Regem
1450 2638 1629 2714 legationem
1644 2636 1786 2705 decurrat,
1804 2660 1868 2699 eu·

226 2740 305 2789 ata·
324 2728 435 2807 agredi,
454 2734 486 2789 et
505 2748 614 2790 rexaro
631 2726 732 2792 liceat.
753 2728 829 2791 Tum
842 2730 943 2805 etiam,
961 2748 1029 2789 ιιιιι
1089 2725 1204 2809 quoad
1224 2725 1609 2790 loederiscomnuuionem
1634 2740 1731 2791 cama
1753 2728 1790 2791 '19
1838 2757 1869 2782 o

227 2824 278 2903 qui
300 2820 459 2905 Principes
475 2828 528 2883 aut
546 2820 646 2903 populi
673 2842 741 2883 cum
766 2824 834 2905 ejus
861 2822 1031 2883 Serenilale
1089 2818 1231 2880 inducere
1249 2820 1389 2891 studeat;
1408 2828 1499 2903 atque
1517 2820 1591 2883 illud
1616 2830 1652 2885 at
1684 2854 1685 2858 ¹
1712 2826 1725 2864 “·
1740 2853 1781 2872 n
1835 2871 1836 2874 ,

228 2914 350 2977 loedere
369 2922 400 2976 et
424 2916 571 2977 societate
595 2916 684 2977 uincti
704 2918 781 2987 sint,
807 2936 928 2997 quorum
955 2914 1032 2985 lorti,
1090 2934 1150 2974 aon
1176 2912 1242 2973 lere
1267 2914 1308 2975 ad
1333 2914 1573 2996 persuadendum
1597 2922 1803 2995 argumenta·
1835 2920 1866 2968 -'·

228 3018 260 3071 et
279 3010 358 3071 lideli
379 3029 469 3089 opera
489 3011 532 3069 uti
552 3010 666 3090 possit,
693 3014 724 3071 et
750 3030 827 3089 quac
846 3008 961 3069 illcmm
980 3028 1031 3067 au·
1090 3008 1117 3069 si
1136 3007 1248 3067 Persae
1267 3007 1524 3079 demonstraverit,
1542 3018 1654 3089 quanta
1672 3008 1754 3073 llaec
1771 3012 1811 3073 stt
1853 3045 1854 3052 ι

229 3106 312 3175 uilia,
331 3105 427 3173 rires,
447 3100 577 3163 bellandi
596 3102 769 3183 discipilum
794 3110 884 3183 atquc
904 3099 980 3161 haec
1001 3110 1031 3160 et
1090 3121 1155 3161 eam
1175 3101 1358 3182 opprimendi
1377 3104 1591 3181 opportunitas,
1609 3102 1734 3183 quaudo
1753 3110 1787 3165 ul
1819 3133 1848 3152 ‹

227 3200 288 3261 alia
308 3198 338 3259 id
357 3216 455 3277 genus
473 3194 615 3275 diligenti,
635 3206 666 3257 et
676 3194 778 3256 solerti
791 3195 1033 3277 percunctatione
1086 3196 1150 3275 jam
1176 3192 1317 3269 dirimas,
1345 3193 1508 3255 Christiani
1535 3194 1692 3277 Principes
1717 3198 1802 3259 illa·
1867 3227 1871 3246 ι

228 3306 262 3355 ut
282 3292 411 3353 diuinus
430 3288 577 3351 elicienda
595 3294 682 3360 sunt,
706 3288 867 3349 curandum
889 3289 980 3347 etiam
1004 3286 1032 3347 si
1091 3288 1150 3347 slis
1168 3289 1258 3348 armis
1275 3288 1419 3349 acerrime
1438 3287 1588 3351 iuradenl.

229 3387 293 3449 fieri
312 3384 410 3467 possit
428 3390 462 3443 ut
480 3386 550 3465 ejus
568 3382 770 3443 &moissi-a
791 3379 946 3441 celsitudo
962 3378 1033 3459 quid
1170 3380 1313 3458 cupimus
1331 3388 1431 3441 autem
1450 3388 1560 3443 tantam
1585 3403 1623 3443 aa
1646 3384 1678 3445 in
1706 3404 1742 3445 re
1776 3413 1806 3438 »η
1847 3386 1869 3428 'o

229 3480 289 3543 trac
310 3480 341 3539 in
360 3498 393 3539 re
414 3496 466 3555 pro
483 3496 539 3537 sua
558 3482 643 3557 parte
652 3482 806 3557 praestare
818 3472 951 3535 intendat
962 3474 1033 3533 scri·
1092 3480 1151 3535 tem
1177 3472 1310 3535 adlriberi
1337 3480 1369 3533 ut
1387 3474 1415 3533 si
1435 3474 1498 3534 lieri
1522 3484 1611 3555 queat
1631 3484 1706 3539 aute
1735 3507 1768 3528 »-
1807 3519 1825 3529 »η

228 3580 281 3656 pto
301 3590 419 3651 quoque
439 3570 568 3639 diserte,
587 3576 618 3629 et
640 3569 788 3629 subtiliter
806 3567 947 3629 declaret.
989 3566 1033 3627 ln·
1093 3574 1173 3628 tuum
1195 3566 1266 3647 quid
1282 3588 1318 3627 ea
1340 3566 1379 3627 dc
1399 3588 1430 3628 re
1449 3568 1628 3648 sperandum
1647 3572 1692 3632 sit
1739 3599 1783 3641 121
1802 3605 1804 3622 ‹
1822 3621 1824 3624 .
1842 3607 1867 3620 ι·

229 3667 331 3749 prinis
349 3670 449 3725 autern
471 3663 623 3723 eeleritate
643 3682 721 3743 opus
740 3682 812 3723 esse
836 3660 981 3723 ostendes
1000 3668 1034 3723 ut
1092 3663 1140 3722 siu
1161 3662 1260 3722 miuus
1286 3662 1324 3721 ab
1350 3662 1418 3741 ejus
1443 3661 1612 3723 serenitate
1636 3672 1744 3745 petes,
1766 3672 1803 3727 ut
1839 3673 1869 3716 t.

229 3762 260 3821 iu
280 3760 427 3821 marinas
451 3777 547 3817 reru·
567 3756 696 3815 ennium
726 3756 882 3833 augustias
913 3755 1033 3817 deterri·
1091 3758 1208 3817 lissima
1239 3754 1368 3815 Domino
1400 3753 1509 3815 Juanni
1548 3754 1703 3836 Delphina
1836 3791 1854 3808 ··

229 3875 299 3917 mus
318 3852 418 3913 hostis
438 3850 627 3929 conjicialur;
647 3869 715 3908 uara
734 3868 774 3911 cu
793 3848 852 3911 alia
870 3856 952 3929 parte
966 3852 1033 3932 ejus
1093 3848 1269 3911 'forcellano
1295 3848 1484 3909 sanctissimi
1517 3848 1635 3909 Domini
1660 3849 1777 3913 Nostri
1802 3850 1856 3913 P¹

229 3948 399 4015 Sanctitas,
418 3952 450 4003 et
470 3942 632 4003 Christiani
653 3942 823 4020 Principes,
850 3942 930 4020 apud
956 3964 1033 4023 quos
1059 3986 1063 4037 q
1092 3944 1173 4025 apud
1194 3942 1375 4003 Caesaream
1396 3942 1585 4025 llajestatem
1605 3943 1808 4007 lutcruuueio
1826 3968 1845 4027 q
1862 3946 1870 3961 ⁸

228 4042 345 4103 Summi
366 4036 523 4099 Pontificis
540 4037 703 4095 auotoritas
721 4038 899 4115 grauissima
924 4044 972 4097 est
990 4038 1032 4097 in·
1059 4050 1063 4117 f
1092 4036 1163 4117 quid
1181 4044 1278 4097 actura
1300 4038 1355 4096 erit
1377 4038 1468 4117 primo
1488 4056 1605 4115 quoque
1623 4042 1771 4118 tempore

229 4136 331 4217 primis
343 4152 414 4191 reru
434 4131 531 4205 magui
551 4138 582 4187 et
594 4126 799 4190 Potentissimi
812 4128 1032 4210 Hispaniarum,
1092 4138 1155 4203 cet,
1182 4150 1327 4212 quocum
1348 4136 1378 4189 et
1399 4138 1497 4191 celera
1517 4130 1743 4191 communicare
1764 4140 1832 4193 trata
1859 4165 1861 4180 =

228 4242 260 4289 et
281 4224 470 4301 Porlugaliae
503 4221 608 4301 Reges
635 4222 742 4283 nullam
769 4243 876 4283 noran
905 4224 1031 4305 iuterpo·
1059 4276 1063 4303 ι
1091 4226 1167 4285 terit.

228 4328 310 4389 nent,
329 4316 512 4377 adsum
531 4322 638 4377 conatu
659 4316 767 4377 bellum
786 4324 899 4395 gererat,
919 4324 1020 4397 etqua
1059 4334 1062 4345 ·
1170 4318 1208 4379 Et
1230 4320 1256 4379 si
1274 4326 1372 4379 aulem
1395 4340 1452 4377 rron
1472 4316 1649 4381 dunila-os.
1670 4318 1857 4399 Magnum!

227 4434 346 4495 nanque
366 4410 405 4471 ad
425 4410 543 4470 Turcac
563 4411 701 4487 regiones
728 4410 912 4470 invadendas
945 4412 1032 4471 nobis
1059 4410 1062 4441 ¹
1091 4432 1154 4473 cem
1177 4434 1228 4490 pro
1248 4434 1305 4471 sua
1318 4410 1473 4492 prudentia
1482 4420 1591 4492 sponte
1605 4412 1634 4471 id
1647 4412 1852 4495 [ιειιιπιη

224 4510 328 4575 aditus
348 4512 439 4589 patet,
458 4504 539 4564 illius
559 4504 713 4583 luperium
732 4510 819 4565 terra.
839 4504 969 4583 narique
989 4505 1030 4563 in·
1091 4506 1236 4585 cupimus,
1256 4506 1324 4585 ipsa
1343 4506 1421 4564 enirn
1442 4506 1484 4564 rel
1504 4506 1617 4565 utilitas
1635 4508 1718 4567 satis
1741 4530 1801 4589 per
1817 4530 1851 4570 ar

225 4606 348 4671 lestare,
369 4620 490 4673 cesare,
510 4596 638 4677 diripere
660 4618 717 4656 non
738 4598 910 4657 cessabunt.
1091 4601 1198 4678 quitur,
1218 4600 1271 4658 erit
1292 4612 1391 4658 tarueu
1407 4597 1576 4659 sedulitatis
1595 4614 1681 4663 tuae:
1703 4622 1820 4663 ornnes

303 4697 389 4759 llaec
410 4696 498 4773 igitur
517 4692 673 4773 potissima
687 4700 758 4751 sunt
778 4692 885 4768 capita,
906 4688 1031 4768 adquae
1091 4691 1235 4752 suadendi
1249 4695 1334 4752 loros
1354 4700 1463 4759 mente,
1482 4704 1513 4751 et
1524 4692 1703 4769 cogitatione
1716 4715 1760 4773 pe
1802 4727 1805 4742 ι

223 4794 376 4855 solertia·
396 4796 477 4849 ιιιιιιι
498 4790 613 4847 attente
637 4785 789 4866 respicere
814 4790 945 4865 oportet;
976 4786 1031 4865 pri·
1059 4846 1064 4887 Ι
1092 4794 1220 4865 atquae
1241 4808 1298 4847 rios
1318 4787 1445 4847 breuiter
1455 4786 1680 4865 perstringimus
1688 4807 1733 4849 ea
1745 4808 1837 4849 cun⁴

223 4908 301 4949 ιιιι
323 4900 355 4946 ιιι
376 4882 508 4963 Magnus
534 4880 585 4941 ille
611 4877 775 4961 Princeps,
800 4880 888 4961 cujus
914 4880 1033 4958 egregia
1092 4881 1189 4951 luerit,
1210 4881 1299 4941 lacile
1318 4880 1504 4959 ampliticare,
1524 4890 1554 4936 ct
1571 4876 1703 4939 diceudo
1717 4902 1830 4945 omre
1863 4916 1864 4926 ι

223 4982 335 5065 pietas,
353 4987 384 5039 et
404 4976 567 5055 singularis
587 4972 656 5035 lidei
682 4972 768 5035 aelus
788 4973 964 5053 predicatur,
983 4994 1031 5035 so·
1092 4978 1146 5045 sis,
1167 4998 1222 5035 uos
1242 4976 1352 5035 etenim
1380 4972 1468 5033 multa
1487 4969 1601 5051 judicio
1626 4986 1681 5033 tuo
1701 4976 1836 5058 relinqu‘
1864 5005 1865 5028 ι

223 5096 286 5139 een
308 5074 444 5135 Pastoris
465 5070 545 5132 illum
569 5074 692 5151 paterne
717 5068 855 5131 rorantis
880 5066 1031 5143 exaudiat,
1090 5084 1119 5132 et
1142 5092 1235 5131 rerum
1249 5063 1633 5135 ruodolouteaiudiramus,
1647 5086 1832 5131 memores

231 5168 388 5237 asma
415 5166 544 5229 Romani
571 5164 724 5227 Ponlilicis
750 5164 911 5225 Primatum
942 5183 1028 5243 agno
1059 5161 1063 5175 '
1090 5166 1187 5227 clarae
1201 5160 1468 5227 illiusscnteutiae.
1491 5155 1777 5225 Daoecastone·
1826 5167 1834 5179 '
1862 5203 1863 5208 κ
