<?xml version="1.0" encoding="UTF-8"?>
<!DOCTYPE html PUBLIC "-//W3C//DTD XHTML 1.0 Transitional//EN"
    "http://www.w3.org/TR/xhtml1/DTD/xhtml1-transitional.dtd">
<html xmlns="http://www.w3.org/1999/xhtml" xml:lang="en" lang="en">
 <head>
  <title>
</title>
<meta http-equiv="Content-Type" content="text/html;charset=utf-8" />
  <meta name='ocr-system' content='tesseract 3.04.00' />
  <meta name='ocr-capabilities' content='ocr_page ocr_carea ocr_par ocr_line ocrx_word'/>
</head>
<body>
  <div class='ocr_page' id='page_1' title='image "./historiaeruthen00stargoog/historiaeruthen00stargoog_0482.png"; bbox 0 0 3742 5626; ppageno 0'>
   <div class='ocr_carea' id='block_1_1' title="bbox 531 226 1737 305">
    <p class='ocr_par' dir='ltr' id='par_1_1' title="bbox 531 226 1737 305">
     <span class='ocr_line' id='line_1_1' title="bbox 531 226 1737 305; baseline 0.002 -17"><span class='ocrx_word' id='word_1_1' title='bbox 531 228 586 291; x_wconf 72' lang='lat' dir='ltr'>un</span> <span class='ocrx_word' id='word_1_2' title='bbox 607 226 746 292; x_wconf 66' lang='lat' dir='ltr'>uetat)</span> <span class='ocrx_word' id='word_1_3' title='bbox 765 228 1069 305; x_wconf 68' lang='lat' dir='ltr'>uuscovl&#39;rtctn</span> <span class='ocrx_word' id='word_1_4' title='bbox 1089 228 1215 293; x_wconf 71' lang='lat' dir='ltr'>utnon</span> <span class='ocrx_word' id='word_1_5' title='bbox 1236 228 1291 293; x_wconf 82' lang='lat' dir='ltr'>ll&#39;.</span> <span class='ocrx_word' id='word_1_6' title='bbox 1681 226 1737 291; x_wconf 71' lang='lat' dir='ltr'>rat</span> 
     </span>
    </p>
   </div>
   <div class='ocr_carea' id='block_1_2' title="bbox 61 387 1735 2891">
    <p class='ocr_par' dir='ltr' id='par_1_2' title="bbox 61 387 1735 2891">
     <span class='ocr_line' id='line_1_2' title="bbox 72 387 1735 474; baseline 0.003 -24"><span class='ocrx_word' id='word_1_7' title='bbox 72 390 160 453; x_wconf 87' lang='lat' dir='ltr'>lacit:</span> <span class='ocrx_word' id='word_1_8' title='bbox 181 410 277 464; x_wconf 82' lang='lat' dir='ltr'>eoque</span> <span class='ocrx_word' id='word_1_9' title='bbox 297 410 383 472; x_wconf 89' lang='lat' dir='ltr'>quern</span> <span class='ocrx_word' id='word_1_10' title='bbox 403 390 433 450; x_wconf 85' lang='lat' dir='ltr'>ln</span> <span class='ocrx_word' id='word_1_11' title='bbox 454 391 616 454; x_wconf 66' lang='lat' dir='ltr'>Germania</span> <span class='ocrx_word' id='word_1_12' title='bbox 636 412 672 452; x_wconf 92' lang='lat' dir='ltr'>ac</span> <span class='ocrx_word' id='word_1_13' title='bbox 686 388 815 463; x_wconf 71' lang='lat' dir='ltr'>(ledani,</span> <span class='ocrx_word' id='word_1_14' title='bbox 835 392 872 450; x_wconf 88' lang='lat' dir='ltr'>lla</span> <span class='ocrx_word' id='word_1_15' title='bbox 931 387 960 445; x_wconf 92' lang='lat' dir='ltr'>ln</span> <span class='ocrx_word' id='word_1_16' title='bbox 981 390 1156 467; x_wconf 87' lang='lat' dir='ltr'>penitiorarn</span> <span class='ocrx_word' id='word_1_17' title='bbox 1176 390 1343 468; x_wconf 75' lang='lat' dir='ltr'>biaoariam,</span> <span class='ocrx_word' id='word_1_18' title='bbox 1363 400 1395 453; x_wconf 89' lang='lat' dir='ltr'>nt</span> <span class='ocrx_word' id='word_1_19' title='bbox 1414 411 1469 474; x_wconf 87' lang='lat' dir='ltr'>per</span> <span class='ocrx_word' id='word_1_20' title='bbox 1487 389 1619 472; x_wconf 89' lang='lat' dir='ltr'>reliquas</span> <span class='ocrx_word' id='word_1_21' title='bbox 1637 412 1735 469; x_wconf 73' lang='lat' dir='ltr'>maes,</span> 
     </span>
     <span class='ocr_line' id='line_1_3' title="bbox 70 480 1735 567; baseline 0.001 -24"><span class='ocrx_word' id='word_1_22' title='bbox 70 482 236 566; x_wconf 85' lang='lat' dir='ltr'>dequibus</span> <span class='ocrx_word' id='word_1_23' title='bbox 257 480 368 544; x_wconf 88' lang='lat' dir='ltr'>dictum</span> <span class='ocrx_word' id='word_1_24' title='bbox 387 492 444 556; x_wconf 91' lang='lat' dir='ltr'>est,</span> <span class='ocrx_word' id='word_1_25' title='bbox 467 484 575 547; x_wconf 81' lang='lat' dir='ltr'>litteris</span> <span class='ocrx_word' id='word_1_26' title='bbox 599 483 731 567; x_wconf 88' lang='lat' dir='ltr'>adjutus,</span> <span class='ocrx_word' id='word_1_27' title='bbox 751 484 874 546; x_wconf 82' lang='lat' dir='ltr'>militurn</span> <span class='ocrx_word' id='word_1_28' title='bbox 929 498 1008 558; x_wconf 90' lang='lat' dir='ltr'>quas</span> <span class='ocrx_word' id='word_1_29' title='bbox 1033 480 1189 545; x_wconf 81' lang='lat' dir='ltr'>abloseis</span> <span class='ocrx_word' id='word_1_30' title='bbox 1212 483 1405 556; x_wconf 88' lang='lat' dir='ltr'>tenebantur,</span> <span class='ocrx_word' id='word_1_31' title='bbox 1424 503 1506 545; x_wconf 77' lang='lat' dir='ltr'>arna</span> <span class='ocrx_word' id='word_1_32' title='bbox 1524 482 1735 563; x_wconf 79' lang='lat' dir='ltr'>circumferret,</span> 
     </span>
     <span class='ocr_line' id='line_1_4' title="bbox 68 574 1734 662; baseline 0.003 -25"><span class='ocrx_word' id='word_1_33' title='bbox 68 578 299 658; x_wconf 71' lang='lat' dir='ltr'>conquisiverat,</span> <span class='ocrx_word' id='word_1_34' title='bbox 317 596 464 659; x_wconf 85' lang='lat' dir='ltr'>quemque</span> <span class='ocrx_word' id='word_1_35' title='bbox 488 598 505 638; x_wconf 90' lang='lat' dir='ltr'>s</span> <span class='ocrx_word' id='word_1_36' title='bbox 527 580 592 639; x_wconf 87' lang='lat' dir='ltr'>suis</span> <span class='ocrx_word' id='word_1_37' title='bbox 613 586 767 660; x_wconf 88' lang='lat' dir='ltr'>praeterea</span> <span class='ocrx_word' id='word_1_38' title='bbox 787 574 872 637; x_wconf 93' lang='lat' dir='ltr'>ditio·</span> <span class='ocrx_word' id='word_1_39' title='bbox 930 591 996 631; x_wconf 77' lang='lat' dir='ltr'>cun</span> <span class='ocrx_word' id='word_1_40' title='bbox 1013 579 1144 637; x_wconf 81' lang='lat' dir='ltr'>exercitu</span> <span class='ocrx_word' id='word_1_41' title='bbox 1164 574 1345 655; x_wconf 71' lang='lat' dir='ltr'>regreditur:</span> <span class='ocrx_word' id='word_1_42' title='bbox 1364 574 1734 662; x_wconf 76' lang='lat' dir='ltr'>prinoqaaVejssenstej·</span> 
     </span>
     <span class='ocr_line' id='line_1_5' title="bbox 68 667 1733 751; baseline 0.002 -22"><span class='ocrx_word' id='word_1_43' title='bbox 68 669 157 731; x_wconf 86' lang='lat' dir='ltr'>nibus</span> <span class='ocrx_word' id='word_1_44' title='bbox 168 676 363 741; x_wconf 82' lang='lat' dir='ltr'>contraxerat,</span> <span class='ocrx_word' id='word_1_45' title='bbox 382 688 437 751; x_wconf 88' lang='lat' dir='ltr'>per</span> <span class='ocrx_word' id='word_1_46' title='bbox 451 670 574 731; x_wconf 89' lang='lat' dir='ltr'>militiae</span> <span class='ocrx_word' id='word_1_47' title='bbox 583 668 773 732; x_wconf 83' lang='lat' dir='ltr'>Praefectum</span> <span class='ocrx_word' id='word_1_48' title='bbox 787 688 872 730; x_wconf 90' lang='lat' dir='ltr'>suum</span> <span class='ocrx_word' id='word_1_49' title='bbox 931 667 1010 725; x_wconf 84' lang='lat' dir='ltr'>nium</span> <span class='ocrx_word' id='word_1_50' title='bbox 1040 676 1169 728; x_wconf 80' lang='lat' dir='ltr'>castam</span> <span class='ocrx_word' id='word_1_51' title='bbox 1195 670 1329 748; x_wconf 89' lang='lat' dir='ltr'>alioquin</span> <span class='ocrx_word' id='word_1_52' title='bbox 1356 677 1461 729; x_wconf 82' lang='lat' dir='ltr'>rratnra</span> <span class='ocrx_word' id='word_1_53' title='bbox 1482 676 1514 730; x_wconf 90' lang='lat' dir='ltr'>et</span> <span class='ocrx_word' id='word_1_54' title='bbox 1533 690 1624 751; x_wconf 87' lang='lat' dir='ltr'>opere</span> <span class='ocrx_word' id='word_1_55' title='bbox 1643 676 1733 733; x_wconf 74' lang='lat' dir='ltr'>nani·</span> 
     </span>
     <span class='ocr_line' id='line_1_6' title="bbox 67 758 1735 847; baseline 0.002 -24"><span class='ocrx_word' id='word_1_56' title='bbox 67 761 196 823; x_wconf 75' lang='lat' dir='ltr'>l’ontnm</span> <span class='ocrx_word' id='word_1_57' title='bbox 223 758 406 823; x_wconf 72' lang='lat' dir='ltr'>Gordianum</span> <span class='ocrx_word' id='word_1_58' title='bbox 437 762 568 825; x_wconf 85' lang='lat' dir='ltr'>Narvaar</span> <span class='ocrx_word' id='word_1_59' title='bbox 594 770 731 847; x_wconf 87' lang='lat' dir='ltr'>occupat.</span> <span class='ocrx_word' id='word_1_60' title='bbox 777 761 870 844; x_wconf 84' lang='lat' dir='ltr'>Oppi·</span> <span class='ocrx_word' id='word_1_61' title='bbox 930 760 1093 834; x_wconf 72' lang='lat' dir='ltr'>tissi-nar,</span> <span class='ocrx_word' id='word_1_62' title='bbox 1118 761 1148 821; x_wconf 92' lang='lat' dir='ltr'>in</span> <span class='ocrx_word' id='word_1_63' title='bbox 1175 783 1211 823; x_wconf 90' lang='lat' dir='ltr'>ea</span> <span class='ocrx_word' id='word_1_64' title='bbox 1231 760 1404 824; x_wconf 79' lang='lat' dir='ltr'>blascorum</span> <span class='ocrx_word' id='word_1_65' title='bbox 1422 758 1630 842; x_wconf 74' lang='lat' dir='ltr'>trepidatione,</span> <span class='ocrx_word' id='word_1_66' title='bbox 1650 784 1735 847; x_wconf 87' lang='lat' dir='ltr'>praa·</span> 
     </span>
     <span class='ocr_line' id='line_1_7' title="bbox 67 847 1733 937; baseline 0.004 -23"><span class='ocrx_word' id='word_1_67' title='bbox 67 853 137 915; x_wconf 87' lang='lat' dir='ltr'>dnm</span> <span class='ocrx_word' id='word_1_68' title='bbox 162 852 193 915; x_wconf 96' lang='lat' dir='ltr'>id</span> <span class='ocrx_word' id='word_1_69' title='bbox 220 852 260 917; x_wconf 88' lang='lat' dir='ltr'>ad</span> <span class='ocrx_word' id='word_1_70' title='bbox 287 854 421 917; x_wconf 88' lang='lat' dir='ltr'>Velicarn</span> <span class='ocrx_word' id='word_1_71' title='bbox 450 854 557 918; x_wconf 83' lang='lat' dir='ltr'>lusson</span> <span class='ocrx_word' id='word_1_72' title='bbox 584 857 674 918; x_wconf 87' lang='lat' dir='ltr'>situm</span> <span class='ocrx_word' id='word_1_73' title='bbox 699 864 763 931; x_wconf 88' lang='lat' dir='ltr'>est,</span> <span class='ocrx_word' id='word_1_74' title='bbox 789 852 870 937; x_wconf 94' lang='lat' dir='ltr'>quod</span> <span class='ocrx_word' id='word_1_75' title='bbox 929 847 999 909; x_wconf 76' lang='grc'><strong>111111</strong></span> <span class='ocrx_word' id='word_1_76' title='bbox 1019 856 1190 931; x_wconf 71' lang='lat' dir='ltr'>exiguitate,</span> <span class='ocrx_word' id='word_1_77' title='bbox 1210 855 1300 925; x_wconf 91' lang='lat' dir='ltr'>nulla,</span> <span class='ocrx_word' id='word_1_78' title='bbox 1321 852 1391 915; x_wconf 90' lang='lat' dir='ltr'>dum</span> <span class='ocrx_word' id='word_1_79' title='bbox 1404 854 1561 915; x_wconf 77' lang='lat' dir='ltr'>l&#39;lescovia</span> <span class='ocrx_word' id='word_1_80' title='bbox 1583 854 1733 921; x_wconf 83' lang='lat' dir='ltr'>obsidera-</span> 
     </span>
     <span class='ocr_line' id='line_1_8' title="bbox 68 946 1734 1031; baseline 0.003 -24"><span class='ocrx_word' id='word_1_81' title='bbox 68 968 125 1026; x_wconf 87' lang='lat' dir='ltr'>qna</span> <span class='ocrx_word' id='word_1_82' title='bbox 147 947 272 1010; x_wconf 76' lang='lat' dir='ltr'>l’elbam</span> <span class='ocrx_word' id='word_1_83' title='bbox 291 948 388 1009; x_wconf 72' lang='lat' dir='ltr'>lacu·</span> <span class='ocrx_word' id='word_1_84' title='bbox 407 948 547 1031; x_wconf 78' lang='lat' dir='ltr'>relinquit</span> <span class='ocrx_word' id='word_1_85' title='bbox 566 958 678 1011; x_wconf 89' lang='lat' dir='ltr'>mutato</span> <span class='ocrx_word' id='word_1_86' title='bbox 699 952 728 1011; x_wconf 92' lang='lat' dir='ltr'>in</span> <span class='ocrx_word' id='word_1_87' title='bbox 739 949 870 1010; x_wconf 78' lang='lat' dir='ltr'>Naeuam</span> <span class='ocrx_word' id='word_1_88' title='bbox 929 951 992 1016; x_wconf 83' lang='lat' dir='ltr'>tur,</span> <span class='ocrx_word' id='word_1_89' title='bbox 1018 946 1119 1006; x_wconf 83' lang='lat' dir='ltr'>anxilii</span> <span class='ocrx_word' id='word_1_90' title='bbox 1145 967 1202 1029; x_wconf 88' lang='lat' dir='ltr'>spe</span> <span class='ocrx_word' id='word_1_91' title='bbox 1228 950 1256 1009; x_wconf 92' lang='lat' dir='ltr'>in</span> <span class='ocrx_word' id='word_1_92' title='bbox 1285 946 1466 1010; x_wconf 87' lang='lat' dir='ltr'>deditionem</span> <span class='ocrx_word' id='word_1_93' title='bbox 1491 951 1619 1029; x_wconf 72' lang='lat' dir='ltr'>acecpit.</span> <span class='ocrx_word' id='word_1_94' title='bbox 1658 948 1734 1012; x_wconf 90' lang='lat' dir='ltr'>luda</span> 
     </span>
     <span class='ocr_line' id='line_1_9' title="bbox 68 1033 1732 1125; baseline 0.002 -25"><span class='ocrx_word' id='word_1_95' title='bbox 68 1041 200 1115; x_wconf 78' lang='lat' dir='ltr'>raomirre,</span> <span class='ocrx_word' id='word_1_96' title='bbox 237 1040 408 1125; x_wconf 90' lang='lat' dir='ltr'>oppidoque</span> <span class='ocrx_word' id='word_1_97' title='bbox 432 1060 506 1103; x_wconf 88' lang='lat' dir='ltr'>asa</span> <span class='ocrx_word' id='word_1_98' title='bbox 526 1041 657 1123; x_wconf 84' lang='lat' dir='ltr'>apellata</span> <span class='ocrx_word' id='word_1_99' title='bbox 676 1043 797 1123; x_wconf 86' lang='lat' dir='ltr'>triginta</span> <span class='ocrx_word' id='word_1_100' title='bbox 817 1042 870 1102; x_wconf 91' lang='lat' dir='ltr'>cir·</span> <span class='ocrx_word' id='word_1_101' title='bbox 930 1033 1100 1099; x_wconf 66' lang='lat' dir='ltr'>Parasi-iae</span> <span class='ocrx_word' id='word_1_102' title='bbox 1125 1042 1285 1101; x_wconf 83' lang='lat' dir='ltr'>exercitum</span> <span class='ocrx_word' id='word_1_103' title='bbox 1312 1040 1462 1101; x_wconf 81' lang='lat' dir='ltr'>admovet</span> <span class='ocrx_word' id='word_1_104' title='bbox 1514 1040 1590 1101; x_wconf 82' lang='lat' dir='ltr'>Post</span> <span class='ocrx_word' id='word_1_105' title='bbox 1614 1051 1732 1123; x_wconf 72' lang='lat' dir='ltr'>capta·</span> 
     </span>
     <span class='ocr_line' id='line_1_10' title="bbox 67 1126 1732 1216; baseline 0.002 -23"><span class='ocrx_word' id='word_1_106' title='bbox 67 1137 142 1196; x_wconf 90' lang='lat' dir='ltr'>citer</span> <span class='ocrx_word' id='word_1_107' title='bbox 160 1134 236 1195; x_wconf 85' lang='lat' dir='ltr'>iulra</span> <span class='ocrx_word' id='word_1_108' title='bbox 257 1132 286 1195; x_wconf 94' lang='lat' dir='ltr'>id</span> <span class='ocrx_word' id='word_1_109' title='bbox 307 1152 451 1216; x_wconf 73' lang='lat' dir='ltr'>pmsnnm</span> <span class='ocrx_word' id='word_1_110' title='bbox 472 1134 602 1196; x_wconf 88' lang='lat' dir='ltr'>srillibns</span> <span class='ocrx_word' id='word_1_111' title='bbox 621 1135 651 1195; x_wconf 94' lang='lat' dir='ltr'>in</span> <span class='ocrx_word' id='word_1_112' title='bbox 671 1133 871 1205; x_wconf 84' lang='lat' dir='ltr'>maraiubuit,</span> <span class='ocrx_word' id='word_1_113' title='bbox 929 1126 1060 1189; x_wconf 75' lang='lat' dir='ltr'>Narra·</span> <span class='ocrx_word' id='word_1_114' title='bbox 1080 1131 1226 1195; x_wconf 74' lang='lat' dir='ltr'>litteren</span> <span class='ocrx_word' id='word_1_115' title='bbox 1241 1132 1380 1216; x_wconf 82' lang='lat' dir='ltr'>Principe</span> <span class='ocrx_word' id='word_1_116' title='bbox 1400 1152 1455 1193; x_wconf 91' lang='lat' dir='ltr'>sno</span> <span class='ocrx_word' id='word_1_117' title='bbox 1475 1130 1514 1193; x_wconf 88' lang='lat' dir='ltr'>ad</span> <span class='ocrx_word' id='word_1_118' title='bbox 1534 1131 1650 1214; x_wconf 80' lang='lat' dir='ltr'>Regem</span> <span class='ocrx_word' id='word_1_119' title='bbox 1669 1138 1732 1197; x_wconf 89' lang='lat' dir='ltr'>mit·</span> 
     </span>
     <span class='ocr_line' id='line_1_11' title="bbox 67 1223 1733 1309; baseline 0.007 -31"><span class='ocrx_word' id='word_1_120' title='bbox 67 1246 104 1287; x_wconf 73' lang='lat' dir='ltr'>pu</span> <span class='ocrx_word' id='word_1_121' title='bbox 124 1226 220 1300; x_wconf 61' lang='lat' dir='ltr'>slepa,</span> <span class='ocrx_word' id='word_1_122' title='bbox 240 1236 272 1289; x_wconf 78' lang='lat' dir='ltr'>ut</span> <span class='ocrx_word' id='word_1_123' title='bbox 291 1224 330 1288; x_wconf 74' lang='lat' dir='ltr'>ad</span> <span class='ocrx_word' id='word_1_124' title='bbox 350 1227 453 1289; x_wconf 69' lang='lat' dir='ltr'>urbem</span> <span class='ocrx_word' id='word_1_125' title='bbox 474 1230 570 1309; x_wconf 65' lang='lat' dir='ltr'>ipsam</span> <span class='ocrx_word' id='word_1_126' title='bbox 596 1229 741 1289; x_wconf 65' lang='lat' dir='ltr'>mni-30</span> <span class='ocrx_word' id='word_1_127' title='bbox 768 1246 870 1287; x_wconf 72' lang='lat' dir='ltr'>onera·</span> <span class='ocrx_word' id='word_1_128' title='bbox 928 1226 973 1292; x_wconf 85' lang='lat' dir='ltr'>lll,</span> <span class='ocrx_word' id='word_1_129' title='bbox 994 1223 1102 1302; x_wconf 88' lang='lat' dir='ltr'>quibus</span> <span class='ocrx_word' id='word_1_130' title='bbox 1121 1229 1148 1287; x_wconf 67' lang='lat' dir='ltr'>l!</span> <span class='ocrx_word' id='word_1_131' title='bbox 1167 1226 1206 1287; x_wconf 87' lang='lat' dir='ltr'>ad</span> <span class='ocrx_word' id='word_1_132' title='bbox 1227 1230 1345 1309; x_wconf 73' lang='lat' dir='ltr'>ltrltim</span> <span class='ocrx_word' id='word_1_133' title='bbox 1362 1226 1459 1305; x_wconf 84' lang='lat' dir='ltr'>Regis</span> <span class='ocrx_word' id='word_1_134' title='bbox 1479 1226 1605 1301; x_wconf 72' lang='grc'><strong>11110118,</strong></span> <span class='ocrx_word' id='word_1_135' title='bbox 1625 1226 1733 1308; x_wconf 80' lang='lat' dir='ltr'>quibus</span> 
     </span>
     <span class='ocr_line' id='line_1_12' title="bbox 66 1313 1731 1401; baseline 0.001 -22"><span class='ocrx_word' id='word_1_136' title='bbox 66 1322 129 1381; x_wconf 87' lang='lat' dir='ltr'>riae</span> <span class='ocrx_word' id='word_1_137' title='bbox 147 1340 242 1381; x_wconf 78' lang='lat' dir='ltr'>nares</span> <span class='ocrx_word' id='word_1_138' title='bbox 261 1320 429 1401; x_wconf 74' lang='lat' dir='ltr'>appeliant:</span> <span class='ocrx_word' id='word_1_139' title='bbox 450 1318 633 1401; x_wconf 84' lang='lat' dir='ltr'>eaedemque</span> <span class='ocrx_word' id='word_1_140' title='bbox 646 1321 772 1382; x_wconf 88' lang='lat' dir='ltr'>ulterius</span> <span class='ocrx_word' id='word_1_141' title='bbox 783 1319 869 1380; x_wconf 85' lang='lat' dir='ltr'>Ples·</span> <span class='ocrx_word' id='word_1_142' title='bbox 929 1313 1021 1374; x_wconf 80' lang='lat' dir='ltr'>multo</span> <span class='ocrx_word' id='word_1_143' title='bbox 1046 1325 1131 1391; x_wconf 81' lang='lat' dir='ltr'>unte,</span> <span class='ocrx_word' id='word_1_144' title='bbox 1158 1328 1192 1380; x_wconf 89' lang='lat' dir='ltr'>ut</span> <span class='ocrx_word' id='word_1_145' title='bbox 1212 1322 1368 1383; x_wconf 67' lang='lat' dir='ltr'>chironia</span> <span class='ocrx_word' id='word_1_146' title='bbox 1392 1327 1533 1400; x_wconf 86' lang='lat' dir='ltr'>tanquam</span> <span class='ocrx_word' id='word_1_147' title='bbox 1552 1320 1641 1381; x_wconf 88' lang='lat' dir='ltr'>alieni</span> <span class='ocrx_word' id='word_1_148' title='bbox 1661 1319 1731 1383; x_wconf 90' lang='lat' dir='ltr'>belli</span> 
     </span>
     <span class='ocr_line' id='line_1_13' title="bbox 67 1409 1732 1495; baseline 0.004 -26"><span class='ocrx_word' id='word_1_149' title='bbox 67 1412 182 1473; x_wconf 79' lang='lat' dir='ltr'>coriam</span> <span class='ocrx_word' id='word_1_150' title='bbox 201 1432 298 1493; x_wconf 87' lang='lat' dir='ltr'>nsque</span> <span class='ocrx_word' id='word_1_151' title='bbox 318 1433 375 1471; x_wconf 81' lang='lat' dir='ltr'>raon</span> <span class='ocrx_word' id='word_1_152' title='bbox 397 1411 584 1474; x_wconf 90' lang='lat' dir='ltr'>incommode</span> <span class='ocrx_word' id='word_1_153' title='bbox 595 1414 645 1493; x_wconf 85' lang='lat' dir='ltr'>agi</span> <span class='ocrx_word' id='word_1_154' title='bbox 656 1419 790 1495; x_wconf 85' lang='lat' dir='ltr'>possent,</span> <span class='ocrx_word' id='word_1_155' title='bbox 812 1413 869 1471; x_wconf 91' lang='lat' dir='ltr'>uisi</span> <span class='ocrx_word' id='word_1_156' title='bbox 928 1410 1060 1486; x_wconf 80' lang='lat' dir='ltr'>proemio</span> <span class='ocrx_word' id='word_1_157' title='bbox 1085 1409 1264 1488; x_wconf 70' lang='lat' dir='ltr'>abstineret,</span> <span class='ocrx_word' id='word_1_158' title='bbox 1290 1414 1386 1475; x_wconf 76' lang='lat' dir='ltr'>anice</span> <span class='ocrx_word' id='word_1_159' title='bbox 1415 1412 1552 1473; x_wconf 89' lang='lat' dir='ltr'>lrortatus</span> <span class='ocrx_word' id='word_1_160' title='bbox 1578 1434 1645 1474; x_wconf 75' lang='lat' dir='ltr'>eun</span> <span class='ocrx_word' id='word_1_161' title='bbox 1665 1413 1732 1476; x_wconf 79' lang='lat' dir='ltr'>llas</span> 
     </span>
     <span class='ocr_line' id='line_1_14' title="bbox 66 1496 1731 1586; baseline 0.004 -23"><span class='ocrx_word' id='word_1_162' title='bbox 66 1525 157 1586; x_wconf 89' lang='lat' dir='ltr'>supra</span> <span class='ocrx_word' id='word_1_163' title='bbox 176 1504 273 1567; x_wconf 84' lang='lat' dir='ltr'>lacrrm</span> <span class='ocrx_word' id='word_1_164' title='bbox 292 1503 481 1567; x_wconf 82' lang='lat' dir='ltr'>Plescoriam</span> <span class='ocrx_word' id='word_1_165' title='bbox 501 1526 609 1567; x_wconf 74' lang='lat' dir='ltr'>veracis</span> <span class='ocrx_word' id='word_1_166' title='bbox 628 1504 732 1585; x_wconf 80' lang='lat' dir='ltr'>rigirrti</span> <span class='ocrx_word' id='word_1_167' title='bbox 752 1503 871 1565; x_wconf 81' lang='lat' dir='ltr'>circiter</span> <span class='ocrx_word' id='word_1_168' title='bbox 929 1496 1034 1572; x_wconf 86' lang='lat' dir='ltr'>luerat,</span> <span class='ocrx_word' id='word_1_169' title='bbox 1055 1504 1258 1566; x_wconf 88' lang='lat' dir='ltr'>circumducto</span> <span class='ocrx_word' id='word_1_170' title='bbox 1296 1503 1347 1566; x_wconf 91' lang='lat' dir='ltr'>die</span> <span class='ocrx_word' id='word_1_171' title='bbox 1366 1504 1568 1567; x_wconf 73' lang='lat' dir='ltr'>rescribebat:</span> <span class='ocrx_word' id='word_1_172' title='bbox 1588 1526 1625 1569; x_wconf 87' lang='lat' dir='ltr'>ae</span> <span class='ocrx_word' id='word_1_173' title='bbox 1644 1526 1731 1569; x_wconf 81' lang='lat' dir='ltr'>suasi</span> 
     </span>
     <span class='ocr_line' id='line_1_15' title="bbox 67 1594 1732 1677; baseline 0.004 -21"><span class='ocrx_word' id='word_1_174' title='bbox 67 1597 186 1659; x_wconf 87' lang='lat' dir='ltr'>cubitos</span> <span class='ocrx_word' id='word_1_175' title='bbox 208 1598 288 1660; x_wconf 88' lang='lat' dir='ltr'>altae</span> <span class='ocrx_word' id='word_1_176' title='bbox 306 1606 478 1661; x_wconf 84' lang='lat' dir='ltr'>cataractae</span> <span class='ocrx_word' id='word_1_177' title='bbox 496 1618 614 1660; x_wconf 88' lang='lat' dir='ltr'>cursum</span> <span class='ocrx_word' id='word_1_178' title='bbox 634 1618 735 1661; x_wconf 84' lang='lat' dir='ltr'>earuss</span> <span class='ocrx_word' id='word_1_179' title='bbox 754 1599 869 1659; x_wconf 84' lang='lat' dir='ltr'>interci·</span> <span class='ocrx_word' id='word_1_180' title='bbox 928 1594 1075 1674; x_wconf 77' lang='lat' dir='ltr'>cujusque</span> <span class='ocrx_word' id='word_1_181' title='bbox 1090 1594 1247 1676; x_wconf 87' lang='lat' dir='ltr'>judicium,</span> <span class='ocrx_word' id='word_1_182' title='bbox 1267 1596 1375 1677; x_wconf 90' lang='lat' dir='ltr'>quibus</span> <span class='ocrx_word' id='word_1_183' title='bbox 1394 1598 1425 1657; x_wconf 91' lang='lat' dir='ltr'>in</span> <span class='ocrx_word' id='word_1_184' title='bbox 1446 1597 1520 1658; x_wconf 89' lang='lat' dir='ltr'>locis</span> <span class='ocrx_word' id='word_1_185' title='bbox 1533 1598 1645 1661; x_wconf 89' lang='lat' dir='ltr'>bellurn</span> <span class='ocrx_word' id='word_1_186' title='bbox 1664 1620 1732 1661; x_wconf 86' lang='lat' dir='ltr'>ensa</span> 
     </span>
     <span class='ocr_line' id='line_1_16' title="bbox 66 1682 1732 1773; baseline -0.002 -21"><span class='ocrx_word' id='word_1_187' title='bbox 66 1700 181 1773; x_wconf 81' lang='lat' dir='ltr'>perant.</span> <span class='ocrx_word' id='word_1_188' title='bbox 229 1690 306 1753; x_wconf 82' lang='lat' dir='ltr'>llum</span> <span class='ocrx_word' id='word_1_189' title='bbox 334 1696 363 1753; x_wconf 92' lang='lat' dir='ltr'>in</span> <span class='ocrx_word' id='word_1_190' title='bbox 383 1690 595 1772; x_wconf 82' lang='lat' dir='ltr'>Magistroruss</span> <span class='ocrx_word' id='word_1_191' title='bbox 623 1689 765 1761; x_wconf 79' lang='lat' dir='ltr'>Ordinis,</span> <span class='ocrx_word' id='word_1_192' title='bbox 796 1692 869 1771; x_wconf 87' lang='lat' dir='ltr'>pris-</span> <span class='ocrx_word' id='word_1_193' title='bbox 928 1682 1016 1745; x_wconf 85' lang='lat' dir='ltr'>hoste</span> <span class='ocrx_word' id='word_1_194' title='bbox 1043 1706 1162 1765; x_wconf 84' lang='lat' dir='ltr'>gerere,</span> <span class='ocrx_word' id='word_1_195' title='bbox 1189 1710 1324 1770; x_wconf 85' lang='lat' dir='ltr'>quasque</span> <span class='ocrx_word' id='word_1_196' title='bbox 1349 1687 1478 1750; x_wconf 87' lang='lat' dir='ltr'>ditiones</span> <span class='ocrx_word' id='word_1_197' title='bbox 1504 1693 1572 1771; x_wconf 89' lang='lat' dir='ltr'>ejus</span> <span class='ocrx_word' id='word_1_198' title='bbox 1590 1691 1732 1757; x_wconf 78' lang='lat' dir='ltr'>invaders</span> 
     </span>
     <span class='ocr_line' id='line_1_17' title="bbox 65 1777 1731 1868; baseline 0.002 -23"><span class='ocrx_word' id='word_1_199' title='bbox 65 1804 166 1845; x_wconf 90' lang='lat' dir='ltr'>corum</span> <span class='ocrx_word' id='word_1_200' title='bbox 177 1786 320 1848; x_wconf 80' lang='lat' dir='ltr'>Licaniae</span> <span class='ocrx_word' id='word_1_201' title='bbox 328 1784 509 1866; x_wconf 81' lang='lat' dir='ltr'>Principum,</span> <span class='ocrx_word' id='word_1_202' title='bbox 529 1792 680 1866; x_wconf 81' lang='lat' dir='ltr'>potestate</span> <span class='ocrx_word' id='word_1_203' title='bbox 690 1790 764 1856; x_wconf 91' lang='lat' dir='ltr'>erat,</span> <span class='ocrx_word' id='word_1_204' title='bbox 783 1802 869 1863; x_wconf 81' lang='lat' dir='ltr'>prop·</span> <span class='ocrx_word' id='word_1_205' title='bbox 927 1777 1026 1853; x_wconf 65' lang='grc'><strong>111111,</strong></span> <span class='ocrx_word' id='word_1_206' title='bbox 1045 1800 1117 1841; x_wconf 67' lang='grc'><strong>111111</strong></span> <span class='ocrx_word' id='word_1_207' title='bbox 1137 1780 1248 1842; x_wconf 71' lang='lat' dir='ltr'>dobere</span> <span class='ocrx_word' id='word_1_208' title='bbox 1267 1781 1467 1862; x_wconf 83' lang='lat' dir='ltr'>significabat</span> <span class='ocrx_word' id='word_1_209' title='bbox 1517 1781 1631 1863; x_wconf 83' lang='lat' dir='ltr'>blsgna</span> <span class='ocrx_word' id='word_1_210' title='bbox 1656 1806 1731 1868; x_wconf 86' lang='lat' dir='ltr'>spes</span> 
     </span>
     <span class='ocr_line' id='line_1_18' title="bbox 66 1868 1730 1960; baseline 0 -23"><span class='ocrx_word' id='word_1_211' title='bbox 66 1886 147 1938; x_wconf 87' lang='lat' dir='ltr'>terea</span> <span class='ocrx_word' id='word_1_212' title='bbox 173 1878 252 1959; x_wconf 89' lang='lat' dir='ltr'>quod</span> <span class='ocrx_word' id='word_1_213' title='bbox 279 1898 383 1939; x_wconf 87' lang='lat' dir='ltr'>omnes</span> <span class='ocrx_word' id='word_1_214' title='bbox 409 1898 524 1940; x_wconf 75' lang='lat' dir='ltr'>cosmas</span> <span class='ocrx_word' id='word_1_215' title='bbox 553 1877 770 1938; x_wconf 81' lang='lat' dir='ltr'>bloscoriticae</span> <span class='ocrx_word' id='word_1_216' title='bbox 796 1874 868 1936; x_wconf 84' lang='lat' dir='ltr'>ller-</span> <span class='ocrx_word' id='word_1_217' title='bbox 926 1868 1040 1950; x_wconf 84' lang='lat' dir='ltr'>llegcm</span> <span class='ocrx_word' id='word_1_218' title='bbox 1051 1882 1197 1949; x_wconf 81' lang='lat' dir='ltr'>torruerat,</span> <span class='ocrx_word' id='word_1_219' title='bbox 1220 1872 1293 1946; x_wconf 88' lang='lat' dir='ltr'>lore,</span> <span class='ocrx_word' id='word_1_220' title='bbox 1313 1876 1649 1957; x_wconf 89' lang='lat' dir='ltr'>utscqnitatspriornm</span> <span class='ocrx_word' id='word_1_221' title='bbox 1661 1899 1730 1960; x_wconf 89' lang='lat' dir='ltr'>pos·</span> 
     </span>
     <span class='ocr_line' id='line_1_19' title="bbox 64 1963 1731 2053; baseline -0.002 -22"><span class='ocrx_word' id='word_1_222' title='bbox 64 1978 164 2052; x_wconf 75' lang='lat' dir='ltr'>patu·</span> <span class='ocrx_word' id='word_1_223' title='bbox 189 1973 284 2052; x_wconf 91' lang='lat' dir='ltr'>primo</span> <span class='ocrx_word' id='word_1_224' title='bbox 303 1967 533 2045; x_wconf 76' lang='lat' dir='ltr'>devehebantur,</span> <span class='ocrx_word' id='word_1_225' title='bbox 554 1969 624 2033; x_wconf 89' lang='lat' dir='ltr'>inde</span> <span class='ocrx_word' id='word_1_226' title='bbox 644 1992 698 2053; x_wconf 90' lang='lat' dir='ltr'>per</span> <span class='ocrx_word' id='word_1_227' title='bbox 714 1968 869 2032; x_wconf 76' lang='lat' dir='ltr'>Roralian</span> <span class='ocrx_word' id='word_1_228' title='bbox 926 1963 1230 2029; x_wconf 89' lang='lat' dir='ltr'>tulationumsuarnm</span> <span class='ocrx_word' id='word_1_229' title='bbox 1241 1976 1411 2050; x_wconf 86' lang='lat' dir='ltr'>perspecta,</span> <span class='ocrx_word' id='word_1_230' title='bbox 1432 1968 1586 2030; x_wconf 87' lang='lat' dir='ltr'>locumeis</span> <span class='ocrx_word' id='word_1_231' title='bbox 1599 1970 1731 2033; x_wconf 77' lang='lat' dir='ltr'>Sneciaa</span> 
     </span>
     <span class='ocr_line' id='line_1_20' title="bbox 66 2056 1728 2142; baseline 0.001 -19"><span class='ocrx_word' id='word_1_232' title='bbox 66 2072 119 2124; x_wconf 88' lang='lat' dir='ltr'>ant</span> <span class='ocrx_word' id='word_1_233' title='bbox 145 2062 322 2125; x_wconf 75' lang='lat' dir='ltr'>Pannonian:</span> <span class='ocrx_word' id='word_1_234' title='bbox 350 2066 378 2124; x_wconf 94' lang='lat' dir='ltr'>in</span> <span class='ocrx_word' id='word_1_235' title='bbox 405 2082 487 2125; x_wconf 87' lang='lat' dir='ltr'>mare</span> <span class='ocrx_word' id='word_1_236' title='bbox 506 2063 751 2134; x_wconf 84' lang='lat' dir='ltr'>exonerabantnr,</span> <span class='ocrx_word' id='word_1_237' title='bbox 771 2064 869 2122; x_wconf 89' lang='lat' dir='ltr'>minus</span> <span class='ocrx_word' id='word_1_238' title='bbox 925 2056 993 2119; x_wconf 84' lang='lat' dir='ltr'>Rex</span> <span class='ocrx_word' id='word_1_239' title='bbox 1024 2059 1218 2140; x_wconf 84' lang='lat' dir='ltr'>relinqueret:</span> <span class='ocrx_word' id='word_1_240' title='bbox 1248 2081 1308 2121; x_wconf 92' lang='lat' dir='ltr'>nou</span> <span class='ocrx_word' id='word_1_241' title='bbox 1340 2059 1428 2123; x_wconf 77' lang='lat' dir='ltr'>nodo</span> <span class='ocrx_word' id='word_1_242' title='bbox 1461 2060 1542 2142; x_wconf 90' lang='lat' dir='ltr'>qnod</span> <span class='ocrx_word' id='word_1_243' title='bbox 1574 2063 1728 2127; x_wconf 57' lang='lat' dir='ltr'>laivonian</span> 
     </span>
     <span class='ocr_line' id='line_1_21' title="bbox 64 2151 1730 2238; baseline 0.002 -22"><span class='ocrx_word' id='word_1_244' title='bbox 64 2157 113 2217; x_wconf 81' lang='lat' dir='ltr'>vel</span> <span class='ocrx_word' id='word_1_245' title='bbox 140 2176 159 2217; x_wconf 90' lang='lat' dir='ltr'>a</span> <span class='ocrx_word' id='word_1_246' title='bbox 179 2156 344 2218; x_wconf 86' lang='lat' dir='ltr'>cultoribus</span> <span class='ocrx_word' id='word_1_247' title='bbox 370 2156 526 2238; x_wconf 79' lang='lat' dir='ltr'>frequens,</span> <span class='ocrx_word' id='word_1_248' title='bbox 550 2156 599 2218; x_wconf 81' lang='lat' dir='ltr'>vel</span> <span class='ocrx_word' id='word_1_249' title='bbox 623 2159 765 2217; x_wconf 89' lang='lat' dir='ltr'>munitum</span> <span class='ocrx_word' id='word_1_250' title='bbox 792 2162 866 2215; x_wconf 86' lang='lat' dir='ltr'>erat.</span> <span class='ocrx_word' id='word_1_251' title='bbox 925 2151 1097 2213; x_wconf 80' lang='lat' dir='ltr'>universam</span> <span class='ocrx_word' id='word_1_252' title='bbox 1114 2156 1177 2236; x_wconf 89' lang='lat' dir='ltr'>jam</span> <span class='ocrx_word' id='word_1_253' title='bbox 1198 2154 1268 2214; x_wconf 92' lang='lat' dir='ltr'>olim</span> <span class='ocrx_word' id='word_1_254' title='bbox 1288 2155 1318 2214; x_wconf 93' lang='lat' dir='ltr'>in</span> <span class='ocrx_word' id='word_1_255' title='bbox 1338 2152 1427 2215; x_wconf 79' lang='lat' dir='ltr'>fideus</span> <span class='ocrx_word' id='word_1_256' title='bbox 1447 2153 1565 2233; x_wconf 83' lang='lat' dir='ltr'>Regum</span> <span class='ocrx_word' id='word_1_257' title='bbox 1585 2156 1730 2219; x_wconf 84' lang='lat' dir='ltr'>l’olouise</span> 
     </span>
     <span class='ocr_line' id='line_1_22' title="bbox 65 2246 1728 2331; baseline -0.001 -20"><span class='ocrx_word' id='word_1_258' title='bbox 65 2249 177 2311; x_wconf 86' lang='lat' dir='ltr'>Postea</span> <span class='ocrx_word' id='word_1_259' title='bbox 195 2248 331 2311; x_wconf 83' lang='lat' dir='ltr'>loannes</span> <span class='ocrx_word' id='word_1_260' title='bbox 351 2251 489 2331; x_wconf 81' lang='lat' dir='ltr'>superior</span> <span class='ocrx_word' id='word_1_261' title='bbox 506 2250 537 2309; x_wconf 93' lang='lat' dir='ltr'>in</span> <span class='ocrx_word' id='word_1_262' title='bbox 560 2246 687 2311; x_wconf 86' lang='lat' dir='ltr'>adversa</span> <span class='ocrx_word' id='word_1_263' title='bbox 702 2251 765 2331; x_wconf 90' lang='lat' dir='ltr'>ripa</span> <span class='ocrx_word' id='word_1_264' title='bbox 778 2247 866 2308; x_wconf 88' lang='lat' dir='ltr'>sliam</span> <span class='ocrx_word' id='word_1_265' title='bbox 926 2246 1059 2318; x_wconf 78' lang='lat' dir='ltr'>vertisse,</span> <span class='ocrx_word' id='word_1_266' title='bbox 1092 2266 1129 2307; x_wconf 86' lang='lat' dir='ltr'>eo</span> <span class='ocrx_word' id='word_1_267' title='bbox 1159 2251 1257 2309; x_wconf 78' lang='lat' dir='ltr'>miraris</span> <span class='ocrx_word' id='word_1_268' title='bbox 1289 2251 1426 2329; x_wconf 83' lang='lat' dir='ltr'>ignorare</span> <span class='ocrx_word' id='word_1_269' title='bbox 1457 2247 1589 2311; x_wconf 86' lang='lat' dir='ltr'>Sueciao</span> <span class='ocrx_word' id='word_1_270' title='bbox 1613 2248 1728 2331; x_wconf 74' lang='lat' dir='ltr'>llegan</span> 
     </span>
     <span class='ocr_line' id='line_1_23' title="bbox 63 2336 1728 2423; baseline 0.002 -22"><span class='ocrx_word' id='word_1_271' title='bbox 63 2342 155 2403; x_wconf 90' lang='lat' dir='ltr'>multo</span> <span class='ocrx_word' id='word_1_272' title='bbox 175 2345 361 2403; x_wconf 75' lang='lat' dir='ltr'>naissitiorem</span> <span class='ocrx_word' id='word_1_273' title='bbox 382 2364 399 2404; x_wconf 87' lang='lat' dir='ltr'>a</span> <span class='ocrx_word' id='word_1_274' title='bbox 418 2343 540 2422; x_wconf 85' lang='lat' dir='ltr'>regione</span> <span class='ocrx_word' id='word_1_275' title='bbox 560 2343 602 2404; x_wconf 93' lang='lat' dir='ltr'>illi</span> <span class='ocrx_word' id='word_1_276' title='bbox 631 2362 730 2403; x_wconf 87' lang='lat' dir='ltr'>arcem</span> <span class='ocrx_word' id='word_1_277' title='bbox 763 2339 866 2402; x_wconf 82' lang='lat' dir='ltr'>ivano·</span> <span class='ocrx_word' id='word_1_278' title='bbox 924 2336 1056 2411; x_wconf 87' lang='lat' dir='ltr'>sciebat,</span> <span class='ocrx_word' id='word_1_279' title='bbox 1084 2338 1164 2421; x_wconf 91' lang='lat' dir='ltr'>qnod</span> <span class='ocrx_word' id='word_1_280' title='bbox 1196 2340 1402 2423; x_wconf 87' lang='lat' dir='ltr'>superioribus</span> <span class='ocrx_word' id='word_1_281' title='bbox 1432 2341 1632 2423; x_wconf 76' lang='lat' dir='ltr'>tenporibus,</span> <span class='ocrx_word' id='word_1_282' title='bbox 1661 2364 1728 2405; x_wconf 77' lang='lat' dir='ltr'>can</span> 
     </span>
     <span class='ocr_line' id='line_1_24' title="bbox 63 2426 1729 2517; baseline 0.001 -22"><span class='ocrx_word' id='word_1_283' title='bbox 63 2434 187 2515; x_wconf 89' lang='lat' dir='ltr'>grodnm</span> <span class='ocrx_word' id='word_1_284' title='bbox 208 2434 246 2495; x_wconf 87' lang='lat' dir='ltr'>ab</span> <span class='ocrx_word' id='word_1_285' title='bbox 266 2435 327 2508; x_wconf 92' lang='lat' dir='ltr'>illo,</span> <span class='ocrx_word' id='word_1_286' title='bbox 347 2456 365 2497; x_wconf 91' lang='lat' dir='ltr'>a</span> <span class='ocrx_word' id='word_1_287' title='bbox 386 2435 722 2497; x_wconf 73' lang='lat' dir='ltr'>Lironibnsllnssica·</span> <span class='ocrx_word' id='word_1_288' title='bbox 735 2433 864 2495; x_wconf 80' lang='lat' dir='ltr'>Naream</span> <span class='ocrx_word' id='word_1_289' title='bbox 923 2426 1016 2491; x_wconf 77' lang='lat' dir='ltr'>frater</span> <span class='ocrx_word' id='word_1_290' title='bbox 1047 2434 1114 2512; x_wconf 86' lang='lat' dir='ltr'>ejus</span> <span class='ocrx_word' id='word_1_291' title='bbox 1143 2434 1252 2496; x_wconf 83' lang='lat' dir='ltr'>Ericns</span> <span class='ocrx_word' id='word_1_292' title='bbox 1276 2433 1432 2496; x_wconf 84' lang='lat' dir='ltr'>Rsvaliaur</span> <span class='ocrx_word' id='word_1_293' title='bbox 1452 2444 1629 2517; x_wconf 82' lang='lat' dir='ltr'>occuparat,</span> <span class='ocrx_word' id='word_1_294' title='bbox 1648 2438 1729 2499; x_wconf 84' lang='lat' dir='ltr'>nullo</span> 
     </span>
     <span class='ocr_line' id='line_1_25' title="bbox 63 2520 1727 2611; baseline 0.004 -24"><span class='ocrx_word' id='word_1_295' title='bbox 63 2526 102 2588; x_wconf 94' lang='lat' dir='ltr'>ad</span> <span class='ocrx_word' id='word_1_296' title='bbox 130 2548 215 2606; x_wconf 89' lang='lat' dir='ltr'>suae,</span> <span class='ocrx_word' id='word_1_297' title='bbox 241 2548 328 2611; x_wconf 89' lang='lat' dir='ltr'>quam</span> <span class='ocrx_word' id='word_1_298' title='bbox 356 2530 563 2591; x_wconf 80' lang='lat' dir='ltr'>Germanicam</span> <span class='ocrx_word' id='word_1_299' title='bbox 584 2528 785 2610; x_wconf 86' lang='lat' dir='ltr'>appellabunt,</span> <span class='ocrx_word' id='word_1_300' title='bbox 807 2524 866 2587; x_wconf 89' lang='lat' dir='ltr'>dis·</span> <span class='ocrx_word' id='word_1_301' title='bbox 918 2522 989 2602; x_wconf 86' lang='lat' dir='ltr'>jura</span> <span class='ocrx_word' id='word_1_302' title='bbox 1014 2520 1045 2582; x_wconf 95' lang='lat' dir='ltr'>id</span> <span class='ocrx_word' id='word_1_303' title='bbox 1066 2524 1104 2585; x_wconf 87' lang='lat' dir='ltr'>ab</span> <span class='ocrx_word' id='word_1_304' title='bbox 1124 2546 1161 2587; x_wconf 92' lang='lat' dir='ltr'>eo</span> <span class='ocrx_word' id='word_1_305' title='bbox 1180 2526 1244 2589; x_wconf 90' lang='lat' dir='ltr'>tieri</span> <span class='ocrx_word' id='word_1_306' title='bbox 1270 2528 1399 2610; x_wconf 78' lang='lat' dir='ltr'>propriis</span> <span class='ocrx_word' id='word_1_307' title='bbox 1424 2527 1532 2589; x_wconf 87' lang='lat' dir='ltr'>litteris</span> <span class='ocrx_word' id='word_1_308' title='bbox 1550 2532 1617 2591; x_wconf 88' lang='lat' dir='ltr'>suis</span> <span class='ocrx_word' id='word_1_309' title='bbox 1637 2538 1727 2593; x_wconf 83' lang='lat' dir='ltr'>testa·</span> 
     </span>
     <span class='ocr_line' id='line_1_26' title="bbox 61 2615 1729 2706; baseline 0 -23"><span class='ocrx_word' id='word_1_310' title='bbox 61 2622 326 2697; x_wconf 60' lang='lat' dir='ltr'>erimcnatictaur,</span> <span class='ocrx_word' id='word_1_311' title='bbox 350 2629 410 2684; x_wconf 89' lang='lat' dir='ltr'>tam</span> <span class='ocrx_word' id='word_1_312' title='bbox 435 2624 602 2704; x_wconf 85' lang='lat' dir='ltr'>propinquo</span> <span class='ocrx_word' id='word_1_313' title='bbox 633 2621 672 2683; x_wconf 94' lang='lat' dir='ltr'>ab</span> <span class='ocrx_word' id='word_1_314' title='bbox 702 2642 739 2682; x_wconf 91' lang='lat' dir='ltr'>ea</span> <span class='ocrx_word' id='word_1_315' title='bbox 766 2619 866 2701; x_wconf 86' lang='lat' dir='ltr'>spatio</span> <span class='ocrx_word' id='word_1_316' title='bbox 922 2623 983 2675; x_wconf 83' lang='lat' dir='ltr'>tum</span> <span class='ocrx_word' id='word_1_317' title='bbox 1004 2615 1138 2695; x_wconf 73' lang='lat' dir='ltr'>iccisset,</span> <span class='ocrx_word' id='word_1_318' title='bbox 1156 2640 1257 2681; x_wconf 82' lang='lat' dir='ltr'>verum</span> <span class='ocrx_word' id='word_1_319' title='bbox 1277 2622 1376 2693; x_wconf 80' lang='lat' dir='ltr'>ctiam,</span> <span class='ocrx_word' id='word_1_320' title='bbox 1396 2619 1477 2701; x_wconf 87' lang='lat' dir='ltr'>qnod</span> <span class='ocrx_word' id='word_1_321' title='bbox 1495 2626 1729 2706; x_wconf 76' lang='lat' dir='ltr'>postquanipss</span> 
     </span>
     <span class='ocr_line' id='line_1_27' title="bbox 61 2710 1728 2798; baseline 0.001 -21"><span class='ocrx_word' id='word_1_322' title='bbox 61 2718 211 2791; x_wconf 82' lang='lat' dir='ltr'>excitavit,</span> <span class='ocrx_word' id='word_1_323' title='bbox 231 2724 264 2777; x_wconf 93' lang='lat' dir='ltr'>ut</span> <span class='ocrx_word' id='word_1_324' title='bbox 283 2736 348 2777; x_wconf 77' lang='lat' dir='ltr'>cun</span> <span class='ocrx_word' id='word_1_325' title='bbox 360 2715 463 2777; x_wconf 77' lang='lat' dir='ltr'>Narva</span> <span class='ocrx_word' id='word_1_326' title='bbox 483 2722 575 2797; x_wconf 90' lang='lat' dir='ltr'>ponto</span> <span class='ocrx_word' id='word_1_327' title='bbox 593 2716 746 2796; x_wconf 72' lang='lat' dir='ltr'>conjungi,</span> <span class='ocrx_word' id='word_1_328' title='bbox 768 2712 865 2792; x_wconf 86' lang='lat' dir='ltr'>abque</span> <span class='ocrx_word' id='word_1_329' title='bbox 922 2710 1049 2769; x_wconf 83' lang='lat' dir='ltr'>maximo</span> <span class='ocrx_word' id='word_1_330' title='bbox 1067 2710 1170 2773; x_wconf 86' lang='lat' dir='ltr'>labore</span> <span class='ocrx_word' id='word_1_331' title='bbox 1188 2732 1226 2774; x_wconf 88' lang='lat' dir='ltr'>ae</span> <span class='ocrx_word' id='word_1_332' title='bbox 1246 2717 1380 2794; x_wconf 88' lang='lat' dir='ltr'>impensa</span> <span class='ocrx_word' id='word_1_333' title='bbox 1402 2712 1441 2773; x_wconf 91' lang='lat' dir='ltr'>ad</span> <span class='ocrx_word' id='word_1_334' title='bbox 1453 2716 1586 2793; x_wconf 77' lang='lat' dir='ltr'>Legatos</span> <span class='ocrx_word' id='word_1_335' title='bbox 1597 2714 1637 2777; x_wconf 88' lang='lat' dir='ltr'>ds</span> <span class='ocrx_word' id='word_1_336' title='bbox 1652 2738 1728 2798; x_wconf 89' lang='lat' dir='ltr'>pace</span> 
     </span>
     <span class='ocr_line' id='line_1_28' title="bbox 61 2800 1724 2891; baseline 0.002 -23"><span class='ocrx_word' id='word_1_337' title='bbox 61 2818 187 2891; x_wconf 86' lang='lat' dir='ltr'>utroque</span> <span class='ocrx_word' id='word_1_338' title='bbox 211 2808 280 2870; x_wconf 89' lang='lat' dir='ltr'>loco</span> <span class='ocrx_word' id='word_1_339' title='bbox 305 2808 396 2869; x_wconf 92' lang='lat' dir='ltr'>telum</span> <span class='ocrx_word' id='word_1_340' title='bbox 425 2811 453 2868; x_wconf 93' lang='lat' dir='ltr'>in</span> <span class='ocrx_word' id='word_1_341' title='bbox 481 2808 605 2868; x_wconf 87' lang='lat' dir='ltr'>alterum</span> <span class='ocrx_word' id='word_1_342' title='bbox 632 2805 724 2887; x_wconf 89' lang='lat' dir='ltr'>adjici</span> <span class='ocrx_word' id='word_1_343' title='bbox 743 2812 866 2887; x_wconf 86' lang='lat' dir='ltr'>posset:</span> <span class='ocrx_word' id='word_1_344' title='bbox 922 2800 1098 2877; x_wconf 86' lang='lat' dir='ltr'>mittendos,</span> <span class='ocrx_word' id='word_1_345' title='bbox 1124 2805 1293 2865; x_wconf 73' lang='lat' dir='ltr'>anniversa·</span> <span class='ocrx_word' id='word_1_346' title='bbox 1321 2806 1476 2867; x_wconf 74' lang='lat' dir='ltr'>laconiam</span> <span class='ocrx_word' id='word_1_347' title='bbox 1505 2810 1599 2886; x_wconf 77' lang='lat' dir='ltr'>prino</span> <span class='ocrx_word' id='word_1_348' title='bbox 1618 2808 1724 2871; x_wconf 80' lang='lat' dir='ltr'>cedaar·</span> 
     </span>
    </p>
   </div>
   <div class='ocr_carea' id='block_1_3' title="bbox 50 2889 1725 5311">
    <p class='ocr_par' dir='ltr' id='par_1_3' title="bbox 50 2889 1725 5311">
     <span class='ocr_line' id='line_1_29' title="bbox 61 2889 1725 2982; baseline 0.002 -21"><span class='ocrx_word' id='word_1_349' title='bbox 61 2922 98 2961; x_wconf 83' lang='lat' dir='ltr'>ex</span> <span class='ocrx_word' id='word_1_350' title='bbox 118 2920 155 2961; x_wconf 92' lang='lat' dir='ltr'>ea</span> <span class='ocrx_word' id='word_1_351' title='bbox 174 2920 241 2961; x_wconf 88' lang='lat' dir='ltr'>eum</span> <span class='ocrx_word' id='word_1_352' title='bbox 261 2902 384 2961; x_wconf 86' lang='lat' dir='ltr'>lloscns</span> <span class='ocrx_word' id='word_1_353' title='bbox 404 2898 557 2981; x_wconf 85' lang='lat' dir='ltr'>prolectas</span> <span class='ocrx_word' id='word_1_354' title='bbox 576 2898 721 2961; x_wconf 84' lang='lat' dir='ltr'>Lironica</span> <span class='ocrx_word' id='word_1_355' title='bbox 746 2916 865 2978; x_wconf 86' lang='lat' dir='ltr'>quoqne</span> <span class='ocrx_word' id='word_1_356' title='bbox 922 2889 1007 2969; x_wconf 86' lang='lat' dir='ltr'>dnus,</span> <span class='ocrx_word' id='word_1_357' title='bbox 1028 2893 1099 2955; x_wconf 88' lang='lat' dir='ltr'>inda</span> <span class='ocrx_word' id='word_1_358' title='bbox 1117 2893 1315 2957; x_wconf 78' lang='lat' dir='ltr'>deserendam</span> <span class='ocrx_word' id='word_1_359' title='bbox 1327 2897 1534 2977; x_wconf 86' lang='lat' dir='ltr'>penebostern</span> <span class='ocrx_word' id='word_1_360' title='bbox 1553 2898 1725 2982; x_wconf 71' lang='lat' dir='ltr'>adegisset:</span> 
     </span>
     <span class='ocr_line' id='line_1_30' title="bbox 64 2984 1725 3073; baseline 0.002 -20"><span class='ocrx_word' id='word_1_361' title='bbox 64 2992 164 3055; x_wconf 81' lang='lat' dir='ltr'>Narra</span> <span class='ocrx_word' id='word_1_362' title='bbox 185 2995 301 3073; x_wconf 90' lang='lat' dir='ltr'>potitus</span> <span class='ocrx_word' id='word_1_363' title='bbox 313 2992 432 3068; x_wconf 85' lang='lat' dir='ltr'>inisset,</span> <span class='ocrx_word' id='word_1_364' title='bbox 450 3012 517 3053; x_wconf 76' lang='lat' dir='ltr'>orm</span> <span class='ocrx_word' id='word_1_365' title='bbox 530 2990 718 3052; x_wconf 82' lang='lat' dir='ltr'>Germanicis</span> <span class='ocrx_word' id='word_1_366' title='bbox 737 2990 864 3072; x_wconf 84' lang='lat' dir='ltr'>aliisque</span> <span class='ocrx_word' id='word_1_367' title='bbox 921 2984 962 3047; x_wconf 86' lang='lat' dir='ltr'>ad</span> <span class='ocrx_word' id='word_1_368' title='bbox 981 2996 1117 3068; x_wconf 87' lang='lat' dir='ltr'>paratam</span> <span class='ocrx_word' id='word_1_369' title='bbox 1136 3008 1155 3049; x_wconf 89' lang='lat' dir='ltr'>a</span> <span class='ocrx_word' id='word_1_370' title='bbox 1175 3008 1211 3049; x_wconf 90' lang='lat' dir='ltr'>se</span> <span class='ocrx_word' id='word_1_371' title='bbox 1228 2989 1383 3051; x_wconf 79' lang='lat' dir='ltr'>victorium</span> <span class='ocrx_word' id='word_1_372' title='bbox 1403 2990 1658 3073; x_wconf 84' lang='lat' dir='ltr'>SueciasRegem</span> <span class='ocrx_word' id='word_1_373' title='bbox 1677 3014 1725 3057; x_wconf 87' lang='lat' dir='ltr'>ac-</span> 
     </span>
     <span class='ocr_line' id='line_1_31' title="bbox 59 3080 1724 3163; baseline 0.002 -16"><span class='ocrx_word' id='word_1_374' title='bbox 59 3084 260 3148; x_wconf 71' lang='lat' dir='ltr'>rrluaaarinis</span> <span class='ocrx_word' id='word_1_375' title='bbox 279 3094 311 3148; x_wconf 86' lang='lat' dir='ltr'>et</span> <span class='ocrx_word' id='word_1_376' title='bbox 329 3083 568 3147; x_wconf 87' lang='lat' dir='ltr'>occidentalibus</span> <span class='ocrx_word' id='word_1_377' title='bbox 588 3083 761 3145; x_wconf 85' lang='lat' dir='ltr'>nationibus</span> <span class='ocrx_word' id='word_1_378' title='bbox 784 3102 862 3145; x_wconf 84' lang='lat' dir='ltr'>coar·</span> <span class='ocrx_word' id='word_1_379' title='bbox 921 3098 1077 3140; x_wconf 89' lang='lat' dir='ltr'>cessurum</span> <span class='ocrx_word' id='word_1_380' title='bbox 1097 3080 1332 3163; x_wconf 83' lang='lat' dir='ltr'>exspectandum</span> <span class='ocrx_word' id='word_1_381' title='bbox 1351 3082 1410 3145; x_wconf 90' lang='lat' dir='ltr'>sibi</span> <span class='ocrx_word' id='word_1_382' title='bbox 1435 3104 1495 3147; x_wconf 92' lang='lat' dir='ltr'>non</span> <span class='ocrx_word' id='word_1_383' title='bbox 1514 3085 1724 3151; x_wconf 72' lang='lat' dir='ltr'>aestuabam.</span> 
     </span>
     <span class='ocr_line' id='line_1_32' title="bbox 63 3171 1724 3259; baseline 0.003 -20"><span class='ocrx_word' id='word_1_384' title='bbox 63 3179 238 3240; x_wconf 70' lang='lat' dir='ltr'>nesciorum</span> <span class='ocrx_word' id='word_1_385' title='bbox 264 3182 294 3239; x_wconf 91' lang='lat' dir='ltr'>iu</span> <span class='ocrx_word' id='word_1_386' title='bbox 315 3200 352 3240; x_wconf 89' lang='lat' dir='ltr'>es</span> <span class='ocrx_word' id='word_1_387' title='bbox 373 3176 477 3240; x_wconf 88' lang='lat' dir='ltr'>sedem</span> <span class='ocrx_word' id='word_1_388' title='bbox 502 3175 681 3250; x_wconf 87' lang='lat' dir='ltr'>collocarat,</span> <span class='ocrx_word' id='word_1_389' title='bbox 705 3178 862 3257; x_wconf 73' lang='lat' dir='ltr'>omniaque</span> <span class='ocrx_word' id='word_1_390' title='bbox 920 3171 1023 3251; x_wconf 79' lang='lat' dir='ltr'>Quare</span> <span class='ocrx_word' id='word_1_391' title='bbox 1042 3176 1100 3235; x_wconf 91' lang='lat' dir='ltr'>etsi</span> <span class='ocrx_word' id='word_1_392' title='bbox 1120 3175 1229 3255; x_wconf 87' lang='lat' dir='ltr'>injuria</span> <span class='ocrx_word' id='word_1_393' title='bbox 1249 3175 1305 3236; x_wconf 87' lang='lat' dir='ltr'>bac</span> <span class='ocrx_word' id='word_1_394' title='bbox 1324 3196 1384 3238; x_wconf 92' lang='lat' dir='ltr'>non</span> <span class='ocrx_word' id='word_1_395' title='bbox 1403 3197 1508 3259; x_wconf 87' lang='lat' dir='ltr'>parurn</span> <span class='ocrx_word' id='word_1_396' title='bbox 1527 3199 1724 3245; x_wconf 81' lang='lat' dir='ltr'>commorere·</span> 
     </span>
     <span class='ocr_line' id='line_1_33' title="bbox 58 3266 1722 3353; baseline 0.003 -20"><span class='ocrx_word' id='word_1_397' title='bbox 58 3292 96 3333; x_wconf 91' lang='lat' dir='ltr'>eo</span> <span class='ocrx_word' id='word_1_398' title='bbox 117 3272 237 3351; x_wconf 90' lang='lat' dir='ltr'>negotia</span> <span class='ocrx_word' id='word_1_399' title='bbox 256 3281 288 3333; x_wconf 85' lang='lat' dir='ltr'>et</span> <span class='ocrx_word' id='word_1_400' title='bbox 303 3290 418 3332; x_wconf 89' lang='lat' dir='ltr'>merces</span> <span class='ocrx_word' id='word_1_401' title='bbox 431 3270 632 3332; x_wconf 88' lang='lat' dir='ltr'>transtulerat.</span> <span class='ocrx_word' id='word_1_402' title='bbox 674 3268 742 3331; x_wconf 85' lang='lat' dir='ltr'>Sub</span> <span class='ocrx_word' id='word_1_403' title='bbox 753 3268 862 3329; x_wconf 75' lang='lat' dir='ltr'>lanan</span> <span class='ocrx_word' id='word_1_404' title='bbox 919 3274 983 3337; x_wconf 86' lang='lat' dir='ltr'>tur,</span> <span class='ocrx_word' id='word_1_405' title='bbox 1009 3269 1039 3327; x_wconf 94' lang='lat' dir='ltr'>iu</span> <span class='ocrx_word' id='word_1_406' title='bbox 1060 3286 1206 3350; x_wconf 89' lang='lat' dir='ltr'>praesens</span> <span class='ocrx_word' id='word_1_407' title='bbox 1226 3276 1324 3330; x_wconf 71' lang='lat' dir='ltr'>umen</span> <span class='ocrx_word' id='word_1_408' title='bbox 1345 3266 1538 3333; x_wconf 87' lang='lat' dir='ltr'>dillerendam</span> <span class='ocrx_word' id='word_1_409' title='bbox 1554 3270 1722 3353; x_wconf 80' lang='lat' dir='ltr'>judicabat</span> 
     </span>
     <span class='ocr_line' id='line_1_34' title="bbox 58 3358 1724 3447; baseline 0.002 -19"><span class='ocrx_word' id='word_1_410' title='bbox 58 3362 256 3447; x_wconf 83' lang='lat' dir='ltr'>expeditionis</span> <span class='ocrx_word' id='word_1_411' title='bbox 269 3362 308 3425; x_wconf 89' lang='lat' dir='ltr'>ad</span> <span class='ocrx_word' id='word_1_412' title='bbox 320 3364 509 3425; x_wconf 81' lang='lat' dir='ltr'>Plescovism</span> <span class='ocrx_word' id='word_1_413' title='bbox 527 3362 655 3444; x_wconf 82' lang='lat' dir='ltr'>Regiae,</span> <span class='ocrx_word' id='word_1_414' title='bbox 674 3360 861 3446; x_wconf 71' lang='lat' dir='ltr'>quemad-o·</span> <span class='ocrx_word' id='word_1_415' title='bbox 920 3358 1032 3423; x_wconf 89' lang='lat' dir='ltr'>lisdem</span> <span class='ocrx_word' id='word_1_416' title='bbox 1057 3360 1242 3444; x_wconf 87' lang='lat' dir='ltr'>temporibus</span> <span class='ocrx_word' id='word_1_417' title='bbox 1268 3362 1408 3444; x_wconf 83' lang='lat' dir='ltr'>aliegiis</span> <span class='ocrx_word' id='word_1_418' title='bbox 1428 3384 1546 3446; x_wconf 84' lang='lat' dir='ltr'>quoque</span> <span class='ocrx_word' id='word_1_419' title='bbox 1556 3364 1724 3431; x_wconf 72' lang='lat' dir='ltr'>Praefectis</span> 
     </span>
     <span class='ocr_line' id='line_1_35' title="bbox 57 3454 1723 3536; baseline 0.003 -17"><span class='ocrx_word' id='word_1_420' title='bbox 57 3457 127 3519; x_wconf 88' lang='lat' dir='ltr'>dnm</span> <span class='ocrx_word' id='word_1_421' title='bbox 153 3478 189 3519; x_wconf 85' lang='lat' dir='ltr'>ex</span> <span class='ocrx_word' id='word_1_422' title='bbox 214 3458 281 3519; x_wconf 88' lang='lat' dir='ltr'>aliia</span> <span class='ocrx_word' id='word_1_423' title='bbox 308 3456 444 3530; x_wconf 91' lang='lat' dir='ltr'>arcibus,</span> <span class='ocrx_word' id='word_1_424' title='bbox 470 3457 512 3519; x_wconf 93' lang='lat' dir='ltr'>ita</span> <span class='ocrx_word' id='word_1_425' title='bbox 531 3456 582 3519; x_wconf 94' lang='lat' dir='ltr'>illa</span> <span class='ocrx_word' id='word_1_426' title='bbox 609 3458 698 3519; x_wconf 72' lang='lat' dir='ltr'>etis·</span> <span class='ocrx_word' id='word_1_427' title='bbox 718 3456 860 3536; x_wconf 87' lang='lat' dir='ltr'>majorem</span> <span class='ocrx_word' id='word_1_428' title='bbox 919 3456 1008 3516; x_wconf 88' lang='lat' dir='ltr'>simili</span> <span class='ocrx_word' id='word_1_429' title='bbox 1036 3454 1155 3517; x_wconf 69' lang='lat' dir='ltr'>launna</span> <span class='ocrx_word' id='word_1_430' title='bbox 1180 3464 1280 3517; x_wconf 86' lang='lat' dir='ltr'>castra</span> <span class='ocrx_word' id='word_1_431' title='bbox 1307 3456 1450 3518; x_wconf 90' lang='lat' dir='ltr'>nonnulla</span> <span class='ocrx_word' id='word_1_432' title='bbox 1476 3458 1592 3523; x_wconf 84' lang='lat' dir='ltr'>lloscis</span> <span class='ocrx_word' id='word_1_433' title='bbox 1618 3464 1649 3523; x_wconf 89' lang='lat' dir='ltr'>in</span> <span class='ocrx_word' id='word_1_434' title='bbox 1674 3461 1723 3523; x_wconf 70' lang='lat' dir='ltr'>lai·</span> 
     </span>
     <span class='ocr_line' id='line_1_36' title="bbox 56 3547 1724 3634; baseline 0.004 -21"><span class='ocrx_word' id='word_1_435' title='bbox 56 3550 198 3634; x_wconf 89' lang='lat' dir='ltr'>praesidii</span> <span class='ocrx_word' id='word_1_436' title='bbox 217 3559 331 3633; x_wconf 74' lang='lat' dir='ltr'>parte-</span> <span class='ocrx_word' id='word_1_437' title='bbox 350 3548 391 3612; x_wconf 90' lang='lat' dir='ltr'>ad</span> <span class='ocrx_word' id='word_1_438' title='bbox 408 3548 598 3612; x_wconf 82' lang='lat' dir='ltr'>Plescoriam</span> <span class='ocrx_word' id='word_1_439' title='bbox 619 3547 772 3611; x_wconf 88' lang='lat' dir='ltr'>tutandam</span> <span class='ocrx_word' id='word_1_440' title='bbox 791 3568 860 3609; x_wconf 86' lang='lat' dir='ltr'>cors·</span> <span class='ocrx_word' id='word_1_441' title='bbox 918 3550 1006 3611; x_wconf 80' lang='lat' dir='ltr'>conia</span> <span class='ocrx_word' id='word_1_442' title='bbox 1025 3547 1164 3631; x_wconf 84' lang='lat' dir='ltr'>adempta</span> <span class='ocrx_word' id='word_1_443' title='bbox 1185 3547 1319 3612; x_wconf 86' lang='lat' dir='ltr'>luerurrt:</span> <span class='ocrx_word' id='word_1_444' title='bbox 1339 3570 1358 3612; x_wconf 90' lang='lat' dir='ltr'>a</span> <span class='ocrx_word' id='word_1_445' title='bbox 1378 3550 1466 3614; x_wconf 88' lang='lat' dir='ltr'>Duce</span> <span class='ocrx_word' id='word_1_446' title='bbox 1482 3550 1598 3632; x_wconf 82' lang='lat' dir='ltr'>blsgno</span> <span class='ocrx_word' id='word_1_447' title='bbox 1611 3554 1724 3619; x_wconf 81' lang='lat' dir='ltr'>Kirsrrr·</span> 
     </span>
     <span class='ocr_line' id='line_1_37' title="bbox 57 3641 1725 3729; baseline 0.001 -22"><span class='ocrx_word' id='word_1_448' title='bbox 57 3652 198 3708; x_wconf 80' lang='lat' dir='ltr'>traserat.</span> <span class='ocrx_word' id='word_1_449' title='bbox 251 3641 424 3707; x_wconf 81' lang='lat' dir='ltr'>Gordianus</span> <span class='ocrx_word' id='word_1_450' title='bbox 457 3664 523 3703; x_wconf 90' lang='lat' dir='ltr'>cnm</span> <span class='ocrx_word' id='word_1_451' title='bbox 549 3643 705 3705; x_wconf 70' lang='lat' dir='ltr'>tor-erasis</span> <span class='ocrx_word' id='word_1_452' title='bbox 735 3650 859 3723; x_wconf 88' lang='lat' dir='ltr'>quatere</span> <span class='ocrx_word' id='word_1_453' title='bbox 917 3644 1033 3721; x_wconf 89' lang='lat' dir='ltr'>pesium</span> <span class='ocrx_word' id='word_1_454' title='bbox 1062 3651 1252 3724; x_wconf 91' lang='lat' dir='ltr'>occupatum:</span> <span class='ocrx_word' id='word_1_455' title='bbox 1278 3642 1443 3705; x_wconf 85' lang='lat' dir='ltr'>Fabianum</span> <span class='ocrx_word' id='word_1_456' title='bbox 1467 3644 1614 3709; x_wconf 88' lang='lat' dir='ltr'>subitario</span> <span class='ocrx_word' id='word_1_457' title='bbox 1632 3668 1725 3729; x_wconf 89' lang='lat' dir='ltr'>opere</span> 
     </span>
     <span class='ocr_line' id='line_1_38' title="bbox 57 3734 1719 3819; baseline 0.002 -20"><span class='ocrx_word' id='word_1_458' title='bbox 57 3758 157 3800; x_wconf 87' lang='lat' dir='ltr'>mrrros</span> <span class='ocrx_word' id='word_1_459' title='bbox 182 3739 344 3819; x_wconf 84' lang='lat' dir='ltr'>coepisset,</span> <span class='ocrx_word' id='word_1_460' title='bbox 375 3758 411 3797; x_wconf 88' lang='lat' dir='ltr'>ac</span> <span class='ocrx_word' id='word_1_461' title='bbox 432 3736 547 3812; x_wconf 82' lang='lat' dir='ltr'>Mosei,</span> <span class='ocrx_word' id='word_1_462' title='bbox 573 3737 675 3818; x_wconf 91' lang='lat' dir='ltr'>quiin</span> <span class='ocrx_word' id='word_1_463' title='bbox 700 3734 859 3815; x_wconf 79' lang='lat' dir='ltr'>lsanogro·</span> <span class='ocrx_word' id='word_1_464' title='bbox 918 3738 1075 3794; x_wconf 90' lang='lat' dir='ltr'>munitum:</span> <span class='ocrx_word' id='word_1_465' title='bbox 1095 3734 1265 3816; x_wconf 87' lang='lat' dir='ltr'>aBiringio</span> <span class='ocrx_word' id='word_1_466' title='bbox 1281 3736 1476 3798; x_wconf 76' lang='lat' dir='ltr'>l‘ircbelinrn:</span> <span class='ocrx_word' id='word_1_467' title='bbox 1497 3736 1612 3799; x_wconf 80' lang='lat' dir='ltr'>&#39;l&#39;lroma</span> <span class='ocrx_word' id='word_1_468' title='bbox 1632 3738 1719 3803; x_wconf 81' lang='lat' dir='ltr'>Emb-</span> 
     </span>
     <span class='ocr_line' id='line_1_39' title="bbox 56 3824 1720 3913; baseline 0.002 -22"><span class='ocrx_word' id='word_1_469' title='bbox 56 3829 145 3893; x_wconf 87' lang='lat' dir='ltr'>densi</span> <span class='ocrx_word' id='word_1_470' title='bbox 171 3828 324 3913; x_wconf 88' lang='lat' dir='ltr'>praesidio</span> <span class='ocrx_word' id='word_1_471' title='bbox 346 3838 444 3901; x_wconf 88' lang='lat' dir='ltr'>erant,</span> <span class='ocrx_word' id='word_1_472' title='bbox 465 3830 628 3893; x_wconf 81' lang='lat' dir='ltr'>Livonicae</span> <span class='ocrx_word' id='word_1_473' title='bbox 652 3829 790 3905; x_wconf 83' lang='lat' dir='ltr'>Nervae,</span> <span class='ocrx_word' id='word_1_474' title='bbox 810 3828 858 3890; x_wconf 92' lang='lat' dir='ltr'>cni</span> <span class='ocrx_word' id='word_1_475' title='bbox 917 3824 997 3887; x_wconf 84' lang='lat' dir='ltr'>darm</span> <span class='ocrx_word' id='word_1_476' title='bbox 1016 3826 1132 3888; x_wconf 74' lang='lat' dir='ltr'>Salium</span> <span class='ocrx_word' id='word_1_477' title='bbox 1152 3838 1286 3910; x_wconf 88' lang='lat' dir='ltr'>captum:</span> <span class='ocrx_word' id='word_1_478' title='bbox 1312 3829 1499 3891; x_wconf 81' lang='lat' dir='ltr'>allambinio</span> <span class='ocrx_word' id='word_1_479' title='bbox 1512 3831 1720 3895; x_wconf 84' lang='lat' dir='ltr'>Lenovardnm</span> 
     </span>
     <span class='ocr_line' id='line_1_40' title="bbox 55 3918 1720 4005; baseline 0.002 -20"><span class='ocrx_word' id='word_1_480' title='bbox 55 3922 236 3998; x_wconf 85' lang='lat' dir='ltr'>metuebant,</span> <span class='ocrx_word' id='word_1_481' title='bbox 255 3918 385 3983; x_wconf 87' lang='lat' dir='ltr'>tuendae</span> <span class='ocrx_word' id='word_1_482' title='bbox 399 3919 509 3993; x_wconf 88' lang='lat' dir='ltr'>studio,</span> <span class='ocrx_word' id='word_1_483' title='bbox 528 3932 648 4005; x_wconf 89' lang='lat' dir='ltr'>pontem</span> <span class='ocrx_word' id='word_1_484' title='bbox 660 3925 862 3998; x_wconf 88' lang='lat' dir='ltr'>transiissent,</span> <span class='ocrx_word' id='word_1_485' title='bbox 917 3928 948 3981; x_wconf 85' lang='lat' dir='ltr'>at</span> <span class='ocrx_word' id='word_1_486' title='bbox 974 3918 1192 3992; x_wconf 78' lang='lat' dir='ltr'>Asclrerotum3</span> <span class='ocrx_word' id='word_1_487' title='bbox 1218 3940 1295 4003; x_wconf 87' lang='lat' dir='ltr'>quac</span> <span class='ocrx_word' id='word_1_488' title='bbox 1320 3930 1445 4004; x_wconf 75' lang='lat' dir='ltr'>unaque</span> <span class='ocrx_word' id='word_1_489' title='bbox 1471 3922 1577 3985; x_wconf 83' lang='lat' dir='ltr'>llnnae</span> <span class='ocrx_word' id='word_1_490' title='bbox 1610 3924 1720 3989; x_wconf 89' lang='lat' dir='ltr'>llussini</span> 
     </span>
     <span class='ocr_line' id='line_1_41' title="bbox 54 4012 1719 4103; baseline 0.003 -25"><span class='ocrx_word' id='word_1_491' title='bbox 54 4024 261 4097; x_wconf 88' lang='lat' dir='ltr'>tormentaque</span> <span class='ocrx_word' id='word_1_492' title='bbox 287 4014 429 4097; x_wconf 83' lang='lat' dir='ltr'>pleraque</span> <span class='ocrx_word' id='word_1_493' title='bbox 454 4034 558 4077; x_wconf 87' lang='lat' dir='ltr'>secum</span> <span class='ocrx_word' id='word_1_494' title='bbox 580 4014 801 4091; x_wconf 77' lang='lat' dir='ltr'>aadmimat,</span> <span class='ocrx_word' id='word_1_495' title='bbox 822 4036 859 4077; x_wconf 91' lang='lat' dir='ltr'>ac</span> <span class='ocrx_word' id='word_1_496' title='bbox 915 4012 1116 4085; x_wconf 84' lang='lat' dir='ltr'>iniuebsnt,</span> <span class='ocrx_word' id='word_1_497' title='bbox 1136 4012 1271 4095; x_wconf 88' lang='lat' dir='ltr'>peditatu</span> <span class='ocrx_word' id='word_1_498' title='bbox 1291 4014 1391 4094; x_wconf 88' lang='lat' dir='ltr'>aliquo</span> <span class='ocrx_word' id='word_1_499' title='bbox 1410 4016 1637 4097; x_wconf 70' lang='lat' dir='ltr'>albigensibus,</span> <span class='ocrx_word' id='word_1_500' title='bbox 1657 4022 1719 4103; x_wconf 87' lang='lat' dir='ltr'>qni-</span> 
     </span>
     <span class='ocr_line' id='line_1_42' title="bbox 54 4105 1718 4191; baseline 0.005 -23"><span class='ocrx_word' id='word_1_501' title='bbox 54 4128 127 4169; x_wconf 78' lang='lat' dir='ltr'>uero</span> <span class='ocrx_word' id='word_1_502' title='bbox 148 4111 327 4190; x_wconf 80' lang='lat' dir='ltr'>irrumpente</span> <span class='ocrx_word' id='word_1_503' title='bbox 344 4110 408 4189; x_wconf 75' lang='lat' dir='ltr'>jan</span> <span class='ocrx_word' id='word_1_504' title='bbox 427 4108 458 4169; x_wconf 91' lang='lat' dir='ltr'>in</span> <span class='ocrx_word' id='word_1_505' title='bbox 478 4107 618 4191; x_wconf 92' lang='lat' dir='ltr'>oppidum</span> <span class='ocrx_word' id='word_1_506' title='bbox 632 4110 734 4186; x_wconf 89' lang='lat' dir='ltr'>milite,</span> <span class='ocrx_word' id='word_1_507' title='bbox 754 4110 857 4184; x_wconf 91' lang='lat' dir='ltr'>territi,</span> <span class='ocrx_word' id='word_1_508' title='bbox 916 4105 974 4167; x_wconf 86' lang='lat' dir='ltr'>bns</span> <span class='ocrx_word' id='word_1_509' title='bbox 994 4110 1094 4187; x_wconf 83' lang='lat' dir='ltr'>gravis</span> <span class='ocrx_word' id='word_1_510' title='bbox 1103 4106 1252 4168; x_wconf 83' lang='lat' dir='ltr'>hostilium</span> <span class='ocrx_word' id='word_1_511' title='bbox 1266 4108 1482 4190; x_wconf 90' lang='lat' dir='ltr'>praesidiorum</span> <span class='ocrx_word' id='word_1_512' title='bbox 1491 4112 1632 4175; x_wconf 85' lang='lat' dir='ltr'>vicinitas</span> <span class='ocrx_word' id='word_1_513' title='bbox 1642 4124 1718 4189; x_wconf 89' lang='lat' dir='ltr'>erat,</span> 
     </span>
     <span class='ocr_line' id='line_1_43' title="bbox 54 4199 1719 4285; baseline 0.004 -22"><span class='ocrx_word' id='word_1_514' title='bbox 54 4199 245 4263; x_wconf 85' lang='lat' dir='ltr'>retrocedere</span> <span class='ocrx_word' id='word_1_515' title='bbox 270 4201 457 4285; x_wconf 87' lang='lat' dir='ltr'>coepissent,</span> <span class='ocrx_word' id='word_1_516' title='bbox 484 4202 551 4265; x_wconf 88' lang='lat' dir='ltr'>itali</span> <span class='ocrx_word' id='word_1_517' title='bbox 571 4202 699 4285; x_wconf 90' lang='lat' dir='ltr'>aliquot,</span> <span class='ocrx_word' id='word_1_518' title='bbox 721 4203 771 4283; x_wconf 89' lang='lat' dir='ltr'>qui</span> <span class='ocrx_word' id='word_1_519' title='bbox 791 4222 857 4263; x_wconf 76' lang='lat' dir='ltr'>cn·</span> <span class='ocrx_word' id='word_1_520' title='bbox 916 4207 1058 4280; x_wconf 90' lang='lat' dir='ltr'>accepto,</span> <span class='ocrx_word' id='word_1_521' title='bbox 1084 4202 1237 4280; x_wconf 81' lang='lat' dir='ltr'>Scotoque</span> <span class='ocrx_word' id='word_1_522' title='bbox 1256 4200 1360 4277; x_wconf 84' lang='lat' dir='ltr'>milito,</span> <span class='ocrx_word' id='word_1_523' title='bbox 1380 4206 1430 4284; x_wconf 90' lang='lat' dir='ltr'>qni</span> <span class='ocrx_word' id='word_1_524' title='bbox 1451 4202 1491 4267; x_wconf 90' lang='lat' dir='ltr'>ad</span> <span class='ocrx_word' id='word_1_525' title='bbox 1510 4204 1625 4285; x_wconf 81' lang='lat' dir='ltr'>liegem</span> <span class='ocrx_word' id='word_1_526' title='bbox 1644 4206 1719 4285; x_wconf 85' lang='lat' dir='ltr'>ibat,</span> 
     </span>
     <span class='ocr_line' id='line_1_44' title="bbox 54 4293 1722 4379; baseline 0.003 -21"><span class='ocrx_word' id='word_1_527' title='bbox 54 4294 236 4373; x_wconf 82' lang='lat' dir='ltr'>llieronymo</span> <span class='ocrx_word' id='word_1_528' title='bbox 257 4294 392 4374; x_wconf 83' lang='lat' dir='ltr'>Gaguolo</span> <span class='ocrx_word' id='word_1_529' title='bbox 412 4296 442 4355; x_wconf 90' lang='lat' dir='ltr'>ia</span> <span class='ocrx_word' id='word_1_530' title='bbox 462 4293 588 4357; x_wconf 82' lang='lat' dir='ltr'>Suetico</span> <span class='ocrx_word' id='word_1_531' title='bbox 614 4299 744 4357; x_wconf 87' lang='lat' dir='ltr'>exercitu</span> <span class='ocrx_word' id='word_1_532' title='bbox 764 4304 857 4368; x_wconf 90' lang='lat' dir='ltr'>erant,</span> <span class='ocrx_word' id='word_1_533' title='bbox 914 4300 1032 4353; x_wconf 87' lang='lat' dir='ltr'>retento</span> <span class='ocrx_word' id='word_1_534' title='bbox 1068 4302 1246 4374; x_wconf 84' lang='lat' dir='ltr'>asqugnata.</span> <span class='ocrx_word' id='word_1_535' title='bbox 1312 4294 1440 4379; x_wconf 80' lang='lat' dir='ltr'>Jamque</span> <span class='ocrx_word' id='word_1_536' title='bbox 1478 4297 1722 4365; x_wconf 84' lang='lat' dir='ltr'>Colerrbsusium</span> 
     </span>
     <span class='ocr_line' id='line_1_45' title="bbox 52 4387 1718 4471; baseline 0.005 -22"><span class='ocrx_word' id='word_1_537' title='bbox 52 4390 207 4449; x_wconf 71' lang='lat' dir='ltr'>victoria·</span> <span class='ocrx_word' id='word_1_538' title='bbox 227 4387 330 4449; x_wconf 91' lang='lat' dir='ltr'>subito</span> <span class='ocrx_word' id='word_1_539' title='bbox 348 4388 579 4465; x_wconf 71' lang='lat' dir='ltr'>conclu-antes,</span> <span class='ocrx_word' id='word_1_540' title='bbox 599 4408 725 4470; x_wconf 82' lang='lat' dir='ltr'>comque</span> <span class='ocrx_word' id='word_1_541' title='bbox 744 4388 858 4471; x_wconf 88' lang='lat' dir='ltr'>reliqna</span> <span class='ocrx_word' id='word_1_542' title='bbox 915 4406 1034 4468; x_wconf 89' lang='lat' dir='ltr'>quoqne</span> <span class='ocrx_word' id='word_1_543' title='bbox 1068 4396 1201 4449; x_wconf 87' lang='lat' dir='ltr'>castnrrn</span> <span class='ocrx_word' id='word_1_544' title='bbox 1242 4391 1492 4467; x_wconf 83' lang='lat' dir='ltr'>marritissimum,</span> <span class='ocrx_word' id='word_1_545' title='bbox 1538 4392 1577 4455; x_wconf 93' lang='lat' dir='ltr'>ab</span> <span class='ocrx_word' id='word_1_546' title='bbox 1613 4393 1718 4457; x_wconf 84' lang='lat' dir='ltr'>eodem</span> 
     </span>
     <span class='ocr_line' id='line_1_46' title="bbox 53 4479 1718 4568; baseline 0.004 -27"><span class='ocrx_word' id='word_1_547' title='bbox 53 4480 146 4542; x_wconf 88' lang='lat' dir='ltr'>milite</span> <span class='ocrx_word' id='word_1_548' title='bbox 172 4479 211 4542; x_wconf 90' lang='lat' dir='ltr'>ad</span> <span class='ocrx_word' id='word_1_549' title='bbox 237 4488 341 4563; x_wconf 90' lang='lat' dir='ltr'>portas</span> <span class='ocrx_word' id='word_1_550' title='bbox 366 4502 462 4563; x_wconf 89' lang='lat' dir='ltr'>usqua</span> <span class='ocrx_word' id='word_1_551' title='bbox 488 4500 542 4543; x_wconf 91' lang='lat' dir='ltr'>eoa</span> <span class='ocrx_word' id='word_1_552' title='bbox 562 4483 700 4559; x_wconf 90' lang='lat' dir='ltr'>insecuti,</span> <span class='ocrx_word' id='word_1_553' title='bbox 720 4503 856 4562; x_wconf 71' lang='lat' dir='ltr'>nagan·</span> <span class='ocrx_word' id='word_1_554' title='bbox 915 4480 1075 4543; x_wconf 87' lang='lat' dir='ltr'>Derabiaio</span> <span class='ocrx_word' id='word_1_555' title='bbox 1100 4481 1260 4544; x_wconf 84' lang='lat' dir='ltr'>obsessum</span> <span class='ocrx_word' id='word_1_556' title='bbox 1285 4492 1470 4547; x_wconf 79' lang='lat' dir='ltr'>commestam</span> <span class='ocrx_word' id='word_1_557' title='bbox 1500 4487 1602 4568; x_wconf 88' lang='lat' dir='ltr'>inopia</span> <span class='ocrx_word' id='word_1_558' title='bbox 1635 4487 1718 4547; x_wconf 79' lang='lat' dir='ltr'>bravi</span> 
     </span>
     <span class='ocr_line' id='line_1_47' title="bbox 54 4572 1718 4657; baseline 0.002 -22"><span class='ocrx_word' id='word_1_559' title='bbox 54 4593 156 4635; x_wconf 87' lang='lat' dir='ltr'>eorum</span> <span class='ocrx_word' id='word_1_560' title='bbox 176 4593 329 4636; x_wconf 87' lang='lat' dir='ltr'>numerum</span> <span class='ocrx_word' id='word_1_561' title='bbox 350 4572 553 4638; x_wconf 86' lang='lat' dir='ltr'>concidensnt.</span> <span class='ocrx_word' id='word_1_562' title='bbox 594 4574 660 4638; x_wconf 87' lang='lat' dir='ltr'>llae</span> <span class='ocrx_word' id='word_1_563' title='bbox 681 4598 729 4653; x_wconf 92' lang='lat' dir='ltr'>re,</span> <span class='ocrx_word' id='word_1_564' title='bbox 754 4580 855 4650; x_wconf 84' lang='lat' dir='ltr'>ceteri,</span> <span class='ocrx_word' id='word_1_565' title='bbox 915 4577 945 4636; x_wconf 91' lang='lat' dir='ltr'>in</span> <span class='ocrx_word' id='word_1_566' title='bbox 976 4583 1158 4650; x_wconf 80' lang='lat' dir='ltr'>potestaten</span> <span class='ocrx_word' id='word_1_567' title='bbox 1195 4584 1363 4638; x_wconf 87' lang='lat' dir='ltr'>nostrornm</span> <span class='ocrx_word' id='word_1_568' title='bbox 1399 4586 1607 4657; x_wconf 83' lang='lat' dir='ltr'>perventurum</span> <span class='ocrx_word' id='word_1_569' title='bbox 1639 4576 1718 4639; x_wconf 80' lang='lat' dir='ltr'>vide·</span> 
     </span>
     <span class='ocr_line' id='line_1_48' title="bbox 52 4667 1718 4751; baseline 0.002 -24"><span class='ocrx_word' id='word_1_570' title='bbox 52 4667 104 4749; x_wconf 91' lang='lat' dir='ltr'>qui</span> <span class='ocrx_word' id='word_1_571' title='bbox 123 4670 262 4730; x_wconf 84' lang='lat' dir='ltr'>inarcern</span> <span class='ocrx_word' id='word_1_572' title='bbox 277 4674 446 4743; x_wconf 85' lang='lat' dir='ltr'>evasarsnt,</span> <span class='ocrx_word' id='word_1_573' title='bbox 465 4668 575 4729; x_wconf 88' lang='lat' dir='ltr'>territi:</span> <span class='ocrx_word' id='word_1_574' title='bbox 592 4670 857 4747; x_wconf 76' lang='lat' dir='ltr'>simultornentis,</span> <span class='ocrx_word' id='word_1_575' title='bbox 915 4668 1011 4731; x_wconf 86' lang='lat' dir='ltr'>batur.</span> <span class='ocrx_word' id='word_1_576' title='bbox 1058 4669 1158 4751; x_wconf 85' lang='lat' dir='ltr'>Supra</span> <span class='ocrx_word' id='word_1_577' title='bbox 1183 4668 1451 4731; x_wconf 80' lang='lat' dir='ltr'>demonstrauimus</span> <span class='ocrx_word' id='word_1_578' title='bbox 1472 4670 1718 4751; x_wconf 77' lang='lat' dir='ltr'>Cirristopbornn</span> 
     </span>
     <span class='ocr_line' id='line_1_49' title="bbox 53 4758 1718 4843; baseline 0.002 -22"><span class='ocrx_word' id='word_1_579' title='bbox 53 4760 161 4841; x_wconf 88' lang='lat' dir='ltr'>quibus</span> <span class='ocrx_word' id='word_1_580' title='bbox 187 4782 224 4823; x_wconf 86' lang='lat' dir='ltr'>se</span> <span class='ocrx_word' id='word_1_581' title='bbox 249 4758 458 4837; x_wconf 79' lang='lat' dir='ltr'>defenderent,</span> <span class='ocrx_word' id='word_1_582' title='bbox 477 4780 556 4843; x_wconf 87' lang='lat' dir='ltr'>qaas</span> <span class='ocrx_word' id='word_1_583' title='bbox 580 4762 671 4843; x_wconf 89' lang='lat' dir='ltr'>paulo</span> <span class='ocrx_word' id='word_1_584' title='bbox 692 4770 761 4824; x_wconf 81' lang='lat' dir='ltr'>ante</span> <span class='ocrx_word' id='word_1_585' title='bbox 780 4762 856 4825; x_wconf 84' lang='lat' dir='ltr'>Nar·</span> <span class='ocrx_word' id='word_1_586' title='bbox 915 4761 1085 4824; x_wconf 81' lang='lat' dir='ltr'>lladirilum</span> <span class='ocrx_word' id='word_1_587' title='bbox 1121 4760 1160 4824; x_wconf 91' lang='lat' dir='ltr'>ad</span> <span class='ocrx_word' id='word_1_588' title='bbox 1190 4760 1383 4823; x_wconf 84' lang='lat' dir='ltr'>ulciscendas</span> <span class='ocrx_word' id='word_1_589' title='bbox 1412 4762 1509 4823; x_wconf 88' lang='lat' dir='ltr'>bostis</span> <span class='ocrx_word' id='word_1_590' title='bbox 1535 4764 1565 4821; x_wconf 93' lang='lat' dir='ltr'>in</span> <span class='ocrx_word' id='word_1_591' title='bbox 1590 4760 1718 4825; x_wconf 75' lang='lat' dir='ltr'>blobilo</span> 
     </span>
     <span class='ocr_line' id='line_1_50' title="bbox 52 4850 1717 4937; baseline 0.004 -25"><span class='ocrx_word' id='word_1_592' title='bbox 52 4872 120 4913; x_wconf 82' lang='grc' dir='ltr'>ιιι</span> <span class='ocrx_word' id='word_1_593' title='bbox 128 4855 352 4929; x_wconf 86' lang='lat' dir='ltr'>transtulerant,</span> <span class='ocrx_word' id='word_1_594' title='bbox 371 4850 519 4930; x_wconf 88' lang='lat' dir='ltr'>destituti,</span> <span class='ocrx_word' id='word_1_595' title='bbox 548 4855 767 4936; x_wconf 81' lang='lat' dir='ltr'>exignitatsqua</span> <span class='ocrx_word' id='word_1_596' title='bbox 787 4856 855 4937; x_wconf 89' lang='lat' dir='ltr'>ipsa</span> <span class='ocrx_word' id='word_1_597' title='bbox 914 4874 1037 4917; x_wconf 71' lang='lat' dir='ltr'>venum</span> <span class='ocrx_word' id='word_1_598' title='bbox 1078 4864 1110 4916; x_wconf 90' lang='lat' dir='ltr'>et</span> <span class='ocrx_word' id='word_1_599' title='bbox 1140 4852 1337 4915; x_wconf 81' lang='lat' dir='ltr'>Soloveusem</span> <span class='ocrx_word' id='word_1_600' title='bbox 1371 4874 1488 4933; x_wconf 86' lang='lat' dir='ltr'>argnrm</span> <span class='ocrx_word' id='word_1_601' title='bbox 1524 4858 1717 4919; x_wconf 69' lang='lat' dir='ltr'>ucursionss</span> 
     </span>
     <span class='ocr_line' id='line_1_51' title="bbox 52 4944 1717 5029; baseline 0.004 -22"><span class='ocrx_word' id='word_1_602' title='bbox 52 4964 108 5007; x_wconf 87' lang='lat' dir='ltr'>sna</span> <span class='ocrx_word' id='word_1_603' title='bbox 129 4944 169 5007; x_wconf 89' lang='lat' dir='ltr'>ds</span> <span class='ocrx_word' id='word_1_604' title='bbox 189 4945 363 5010; x_wconf 78' lang='lat' dir='ltr'>defensione</span> <span class='ocrx_word' id='word_1_605' title='bbox 384 4944 596 5029; x_wconf 86' lang='lat' dir='ltr'>desperantes,</span> <span class='ocrx_word' id='word_1_606' title='bbox 615 4944 795 5008; x_wconf 75' lang='lat' dir='ltr'>deditione·</span> <span class='ocrx_word' id='word_1_607' title='bbox 815 4947 854 5010; x_wconf 88' lang='lat' dir='ltr'>le·</span> <span class='ocrx_word' id='word_1_608' title='bbox 914 4966 981 5008; x_wconf 80' lang='lat' dir='ltr'>cna</span> <span class='ocrx_word' id='word_1_609' title='bbox 1000 4957 1085 5028; x_wconf 86' lang='lat' dir='ltr'>parts</span> <span class='ocrx_word' id='word_1_610' title='bbox 1103 4947 1252 5009; x_wconf 80' lang='lat' dir='ltr'>exercitos</span> <span class='ocrx_word' id='word_1_611' title='bbox 1271 4945 1457 5007; x_wconf 79' lang='lat' dir='ltr'>dioscoriam</span> <span class='ocrx_word' id='word_1_612' title='bbox 1476 4946 1584 5011; x_wconf 80' lang='lat' dir='ltr'>rorans</span> <span class='ocrx_word' id='word_1_613' title='bbox 1593 4950 1717 5013; x_wconf 78' lang='grc' dir='ltr'>ιίιιιιιιι</span> 
     </span>
     <span class='ocr_line' id='line_1_52' title="bbox 51 5038 1713 5125; baseline 0.004 -24"><span class='ocrx_word' id='word_1_614' title='bbox 51 5048 167 5103; x_wconf 84' lang='lat' dir='ltr'>cenrnt.</span> <span class='ocrx_word' id='word_1_615' title='bbox 198 5040 312 5104; x_wconf 75' lang='lat' dir='ltr'>liade·</span> <span class='ocrx_word' id='word_1_616' title='bbox 331 5038 591 5125; x_wconf 87' lang='lat' dir='ltr'>praesidiariornm</span> <span class='ocrx_word' id='word_1_617' title='bbox 613 5040 855 5103; x_wconf 80' lang='lat' dir='ltr'>consternatione</span> <span class='ocrx_word' id='word_1_618' title='bbox 913 5040 1030 5119; x_wconf 77' lang='lat' dir='ltr'>allcga</span> <span class='ocrx_word' id='word_1_619' title='bbox 1050 5040 1154 5113; x_wconf 85' lang='lat' dir='ltr'>luisse,</span> <span class='ocrx_word' id='word_1_620' title='bbox 1174 5043 1264 5121; x_wconf 85' lang='lat' dir='ltr'>eiquo</span> <span class='ocrx_word' id='word_1_621' title='bbox 1283 5038 1441 5099; x_wconf 85' lang='lat' dir='ltr'>Plrilonern</span> <span class='ocrx_word' id='word_1_622' title='bbox 1454 5039 1580 5103; x_wconf 70' lang='lat' dir='ltr'>Culta·</span> <span class='ocrx_word' id='word_1_623' title='bbox 1599 5064 1637 5105; x_wconf 87' lang='lat' dir='ltr'>ae</span> <span class='ocrx_word' id='word_1_624' title='bbox 1655 5044 1713 5109; x_wconf 83' lang='lat' dir='ltr'>lla·</span> 
     </span>
     <span class='ocr_line' id='line_1_53' title="bbox 50 5128 1715 5219; baseline 0.004 -26"><span class='ocrx_word' id='word_1_625' title='bbox 50 5128 265 5195; x_wconf 85' lang='lat' dir='ltr'>Jamlrorodnm</span> <span class='ocrx_word' id='word_1_626' title='bbox 275 5154 393 5218; x_wconf 88' lang='lat' dir='ltr'>qnoque</span> <span class='ocrx_word' id='word_1_627' title='bbox 404 5142 436 5196; x_wconf 91' lang='lat' dir='ltr'>et</span> <span class='ocrx_word' id='word_1_628' title='bbox 449 5136 608 5217; x_wconf 83' lang='lat' dir='ltr'>Coporiam</span> <span class='ocrx_word' id='word_1_629' title='bbox 618 5136 717 5196; x_wconf 82' lang='lat' dir='ltr'>vicina</span> <span class='ocrx_word' id='word_1_630' title='bbox 728 5134 854 5197; x_wconf 71' lang='lat' dir='ltr'>matella</span> <span class='ocrx_word' id='word_1_631' title='bbox 912 5132 1068 5195; x_wconf 77' lang='lat' dir='ltr'>ntnnlaa</span> <span class='ocrx_word' id='word_1_632' title='bbox 1087 5154 1155 5197; x_wconf 87' lang='lat' dir='ltr'>cum</span> <span class='ocrx_word' id='word_1_633' title='bbox 1174 5132 1360 5199; x_wconf 82' lang='lat' dir='ltr'>Litbaanieis</span> <span class='ocrx_word' id='word_1_634' title='bbox 1380 5130 1517 5197; x_wconf 82' lang='lat' dir='ltr'>Tartaris</span> <span class='ocrx_word' id='word_1_635' title='bbox 1535 5138 1715 5219; x_wconf 84' lang='lat' dir='ltr'>eoajaagers</span> 
     </span>
     <span class='ocr_line' id='line_1_54' title="bbox 51 5224 1716 5311; baseline 0.004 -26"><span class='ocrx_word' id='word_1_636' title='bbox 51 5224 81 5286; x_wconf 92' lang='lat' dir='ltr'>ia</span> <span class='ocrx_word' id='word_1_637' title='bbox 108 5232 288 5305; x_wconf 77' lang='lat' dir='ltr'>potestne·</span> <span class='ocrx_word' id='word_1_638' title='bbox 312 5225 444 5307; x_wconf 77' lang='lat' dir='ltr'>redegit:</span> <span class='ocrx_word' id='word_1_639' title='bbox 468 5224 580 5309; x_wconf 85' lang='lat' dir='ltr'>quibus</span> <span class='ocrx_word' id='word_1_640' title='bbox 598 5227 689 5293; x_wconf 80' lang='lat' dir='ltr'>rebus</span> <span class='ocrx_word' id='word_1_641' title='bbox 711 5226 853 5311; x_wconf 81' lang='lat' dir='ltr'>perlectis</span> <span class='ocrx_word' id='word_1_642' title='bbox 910 5248 948 5289; x_wconf 87' lang='lat' dir='ltr'>ss</span> <span class='ocrx_word' id='word_1_643' title='bbox 961 5228 1080 5311; x_wconf 77' lang='lat' dir='ltr'>jussos.</span> <span class='ocrx_word' id='word_1_644' title='bbox 1119 5228 1217 5291; x_wconf 77' lang='lat' dir='ltr'>Caits</span> <span class='ocrx_word' id='word_1_645' title='bbox 1236 5246 1304 5291; x_wconf 82' lang='lat' dir='ltr'>ears</span> <span class='ocrx_word' id='word_1_646' title='bbox 1313 5226 1434 5289; x_wconf 79' lang='lat' dir='ltr'>duobos</span> <span class='ocrx_word' id='word_1_647' title='bbox 1450 5228 1567 5291; x_wconf 87' lang='lat' dir='ltr'>circiter</span> <span class='ocrx_word' id='word_1_648' title='bbox 1584 5228 1716 5291; x_wconf 86' lang='lat' dir='ltr'>saillibss</span> 
     </span>
    </p>
   </div>
   <div class='ocr_carea' id='block_1_4' title="bbox 0 0 1876 5626">
    <p class='ocr_par' dir='ltr' id='par_1_4' title="bbox 0 0 1876 5626">
     <span class='ocr_line' id='line_1_55' title="bbox 0 0 1876 5626; baseline 0 6"><span class='ocrx_word' id='word_1_649' title='bbox 0 0 1876 5626; x_wconf 95' lang='lat' dir='ltr'> </span> 
     </span>
    </p>
   </div>
  </div>
 </body>
</html>
