3734 5610
618 182 674 247 DE
694 182 832 247 REBUS
853 182 1174 247 Moscovlrrcts
1675 190 1733 251 tii

66 347 142 407 simu
160 342 291 407 indutus.
313 348 413 426 Atque
426 310 536 417 hidud,
555 354 641 427 pater
653 344 780 418 etlilins,
801 366 867 407 cnm
925 366 1011 425 qnam
1033 368 1124 408 caiisa
1143 346 1310 418 liherorum,
1330 346 1457 426 qnilms,
1478 352 1504 409 si
1526 352 1657 431 speciem
1677 352 1726 413 ali·

67 457 187 500 mensae
204 439 391 511 accumhunt,
410 438 544 520 pluribus
558 441 868 517 crucisconsignatio-
925 437 1003 517 quod
1030 439 1207 520 praeheaut,
1233 458 1393 520 eommque
1421 450 1560 522 parentes
1584 452 1665 505 recte
1691 464 1726 506 se

65 531 153 593 nihus
174 552 244 593 sese
256 533 390 591 muniunt
405 539 562 611 autequam
573 531 800 613 erratumquodque
813 530 867 591 ler-
924 535 1087 607 gesserint,
1127 541 1179 592 aut
1211 534 1325 601 nunriis,
1359 542 1409 593 aut
1435 544 1547 614 quartem
1573 536 1725 611 honorum,

63 624 169 697 culum,
189 632 241 686 aut
261 632 361 704 potum
381 622 522 696 delihent,
539 624 587 683 vel
603 634 734 703 gustent.
757 622 807 686 hd
820 644 866 684 sa·
923 622 1068 707 Princeps
1101 623 1249 686 muricedit.
1290 624 1343 684 Sic
1380 623 1521 686 hnrmrum
1562 640 1592 692 et
1623 651 1724 712 corpo·

63 736 144 777 crum
164 725 278 789 autem,
303 724 392 796 atque
418 714 457 777 ad
483 718 622 799 templum
643 715 775 798 quotidie
794 717 866 791 (nec
922 736 1000 789 rum,
1040 720 1277 799 arrimurnmque,
1300 736 1353 777 ·ac
1392 723 1477 797 qnasi
1513 724 1725 799 cogitationum

62 809 172 885 semel)
193 818 280 870 enuit:
309 807 436 890 dumque
457 807 488 869 id
508 809 554 882 tit,
581 829 729 891 nentiquam
748 808 864 879 sedent,
923 808 984 868 vult
1004 829 1073 869 esse
1107 813 1221 889 integer
1241 809 1397 871 Dominus.
1432 810 1507 871 Cum
1535 822 1633 875 antem
1653 817 1725 878 velit

63 905 120 963 nisi
141 922 207 962 cum
228 920 297 982 pars
318 902 417 981 aliqua
442 902 593 975 homiliae,
621 902 667 963 vel
690 902 786 962 sancti
813 900 863 961 ali·
922 904 1020 963 omnia
1040 923 1182 975 noscere,
1213 924 1290 983 quae
1315 906 1392 964 iuter
1411 924 1485 964 seros
1504 915 1657 983 gerrnrtur,
1683 908 1724 982 lit,

63 997 151 1075 cnjus
175 992 256 1074 apud
281 1014 335 1056 eos
354 998 407 1055 viri
428 998 488 1057 vita
507 1000 657 1059 recitatur.
691 994 772 1072 Quin
793 1014 863 1054 vero
922 1002 954 1054 nt
973 1014 1060 1054 rrerrnn
1080 1017 1157 1077 pene
1177 994 1287 1058 audeat
1305 996 1437 1069 hiscere3
1459 1006 1510 1058 aut
1530 1000 1557 1057 si
1578 996 1723 1080 quidpro·

62 1090 121 1168 ipsi
146 1106 263 1167 quoque
288 1087 385 1149 lroute
405 1088 522 1148 hiemum
542 1108 578 1149 es
598 1088 741 1167 religione
760 1106 863 1168 peren·
921 1086 1013 1160 ierat,
1033 1086 1121 1151 idad
1141 1093 1266 1169 gratiam
1286 1087 1506 1170 aucrrpandars,
1530 1090 1577 1151 vel
1597 1090 1635 1151 ad
1655 1113 1723 1174 scip·

60 1184 152 1241 tiunt:
167 1183 341 1261 jejuniaque
361 1201 417 1241 sua
437 1178 543 1242 sedulo
563 1180 768 1251 observantes,
788 1198 863 1250 eam,
921 1181 1040 1260 plicium
1061 1178 1268 1241 declinandum
1286 1190 1413 1263 spectet.
1448 1180 1498 1243 Ad
1515 1191 1653 1244 extensus
1674 1206 1722 1244 nn·

60 1293 147 1354 qnam
174 1272 250 1343 dixi,
282 1277 403 1355 pietatis
429 1277 596 1356 opinionem
624 1277 653 1333 in
677 1270 861 1332 suhditorn·
920 1280 980 1334 tem
1000 1277 1209 1351 commigrare,
1240 1272 1354 1355 ahsque
1374 1274 1452 1335 illins
1471 1278 1563 1348 scitu,
1590 1286 1621 1338 et
1646 1273 1722 1338 aileu

60 1369 169 1427 animis
179 1365 281 1445 ligunt,
297 1386 334 1427 ac
345 1366 454 1428 levent.
477 1366 610 1447 Principi
627 1386 698 1426 vero
712 1364 861 1445 ipseCon-

61 1459 206 1522 tessarius
216 1457 369 1520 Sacerdos
390 1468 439 1521 est
457 1461 602 1539 proprius,
624 1462 672 1539 qui
686 1478 752 1518 crim
765 1476 862 1537 qnam·

61 1570 186 1632 eumque
207 1555 372 1622 comitatur,
392 1550 520 1612 Moscva
540 1560 714 1612 meneutam:
735 1554 782 1611 cui
803 1553 860 1611 etsi

59 1645 204 1726 Princeps
222 1643 351 1723 siugulis
370 1648 455 1705 ateiris
475 1652 600 1725 peecata
620 1644 783 1711 coralitetur,
805 1643 861 1704 Eu·

60 1736 232 1799 charlstiam
250 1746 349 1798 tamen
369 1757 428 1797 nou
447 1740 539 1798 sumit
557 1736 697 1817 amplius,
724 1733 803 1816 qnod
823 1739 862 1807 ei,

59 1833 109 1911 qui
134 1829 236 1913 plures
259 1850 346 1911 quam
365 1836 427 1891 tres
447 1850 555 1891 unxores
573 1827 704 1902 duxerit,
735 1829 782 1889 las
803 1849 861 1888 uon

58 1925 114 1995 sit,
139 1943 176 1986 ex
196 1942 296 1985 comm
315 1922 446 2003 legihns,
468 1922 579 1984 Christi
604 1920 724 1983 Domini
745 1924 862 2003 corpori

58 2018 284 2077 communicare.
316 2014 395 2077 Nam
416 2024 446 2077 et
464 2014 626 2097 Princeps,
651 2014 701 2075 uhi
722 2036 759 2077 ex
779 2016 860 2077 Ana·

57 2110 153 2169 stasia
173 2111 267 2189 prima
286 2126 391 2181 uxore,
415 2128 492 2189 quae
517 2109 585 2169 olim
606 2106 753 2178 decessit,
773 2104 860 2179 diros,

58 2205 107 2281 qni
128 2198 227 2263 adhuc
245 2204 424 2281 superstites
443 2210 523 2273 suaet,
542 2200 620 2261 lilios
638 2203 782 2281 suscepit,
805 2220 859 2260 sex

56 2295 133 2356 alias
152 2312 261 2353 uxores
280 2293 360 2369 (sive
379 2314 438 2374 quo
456 2298 573 2354 nomine
593 2293 652 2354 alio
669 2301 758 2353 vocet
777 2293 859 2372 qnis)

55 2389 187 2466 virgines
200 2383 298 2447 duxitz
318 2406 440 2467 «prmum
451 2386 568 2467 aliquas
579 2388 671 2448 variis
695 2383 734 2447 de
757 2387 859 2446 causis

56 2484 87 2541 in
109 2481 288 2541 monasteria
308 2481 441 2540 intumit:
468 2477 716 2559 cumque'adhuc
741 2477 858 2559 aliquae

57 2592 157 2634 carum
176 2574 276 2633 vivere
296 2569 440 2643 dicantur,
460 2574 616 2652 septimam
636 2580 751 2643 tamen,
781 2588 858 2651 quae

55 2673 180 2726 vocatur
198 2664 304 2736 Maria,
323 2663 383 2725 lilia
404 2662 554 2725 Theodori
563 2664 665 2745 Negoj
686 2664 789 2744 (quam
809 2682 857 2722 sn·

56 2762 262 2841 qreuiorcauno
281 2756 339 2819 sihi
354 2760 384 2817 in
405 2776 461 2816 sno
481 2756 532 2817 illo
553 2759 728 2817 matrimonii
747 2774 857 2835 genere

54 2851 205 2933 adjunxit)
225 2848 305 2932 aprrd
325 2870 360 2911 so
379 2848 480 2910 hahet
510 2849 644 2910 loannes
668 2850 738 2909 item
765 2848 860 2929 major

56 2954 127 3006 natu
146 2943 240 3015 filins,
266 2962 325 3002 non
343 2942 412 3023 phm
430 2943 533 3021 viginti
554 2941 625 3002 licet
644 2960 740 3002 annos
759 2947 857 3014 natus,

55 3041 173 3100 tertiam
190 3034 427 3107 hahetuxorem3
446 3034 550 3115 primis
563 3031 681 3095 duabus
690 3033 753 3109 (sic
772 3040 857 3115 patre

52 3128 187 3213 jubente,
207 3126 267 3188 lilio
288 3133 387 3187 auum
406 3124 542 3203 dolente)
569 3130 598 3187 in
618 3128 798 3188 monasteria
815 3129 856 3185 in·

55 3224 158 3285 clusis.
179 3224 223 3284 m
235 3216 395 3281 Theodoro
414 3220 499 3282 alteri
518 3218 580 3280 lilio
600 3240 645 3292 ea,
665 3222 857 3302 quamprimo

55 3313 148 3390 duxit,
167 3313 265 3378 adhinc
285 3320 347 3386 est3
377 3310 562 3375 adolescenti
583 3316 629 3389 (ut
646 3312 761 3389 ierunt)
780 3314 857 3373 satis

55 3412 220 3479 innocenti,
241 3428 298 3469 nec
319 3406 523 3469 acatholicis
542 3406 722 3467 ahhorrenti.
757 3406 857 3483 Quian·

56 3521 151 3581 quam.
172 3508 205 3559 ut
225 3507 340 3560 statura
360 3501 494 3580 corporis
513 3520 572 3559 reon
593 3508 701 3578 aequm
719 3506 857 3572 aetutem,

56 3601 89 3655 et
105 3610 177 3653 vero
196 3590 319 3650 harham
336 3588 437 3662 hahet,
457 3610 534 3669 quae
547 3592 744 3670 primogenito
762 3591 856 3662 deest,

55 3706 114 3747 reon
139 3684 317 3765 permittitur
341 3683 441 3741 venire
467 3684 497 3741 iu
523 3690 717 3763 conspectum
747 3702 857 3754 eorum,

55 3781 105 3857 qni
126 3770 315 3837 aPrincihus
340 3775 470 3833 esterms
480 3770 518 3833 acl
529 3772 671 3853 diagerum
683 3772 857 3835 hloscom'ae

55 3872 172 3934 Ducem
202 3868 364 3927 mittuntur.
395 3864 489 3925 Porro
512 3864 639 3927 doarrnis
669 3867 857 3947 primogeniti

53 3984 128 4026 aanor
146 3963 188 4039 (si
208 3964 250 4023 ita
269 3955 471 4033 vocandasit)
490 3954 605 4019 llelena
616 3966 748 4031 vocatur,
767 3958 856 4021 doari-

54 4053 335 4118 nisScheremetoni
342 4050 372 4127 ⁸)
391 4048 604 4112 nohilisMosei
624 4050 694 4111 lilia:
706 4050 856 4113 Theodori

55 4140 853 4225 vcrollireue,euiTheodornsGodouus”)estpater.

129 4239 198 4300 tam
221 4256 293 4299 vero
312 4236 475 4319 Princeps,
502 4256 569 4297 cnm
588 4256 707 4297 siramm
727 4240 856 4299 onmium

54 4334 287 4403 Provinciamm,
307 4350 442 4411 quaeque
461 4332 492 4390 in
506 4331 545 4389 iis
554 4336 634 4402 sunt,
653 4329 810 4392 haeredem
820 4352 856 4392 se

54 4432 208 4505 agrioscat,
228 4432 260 4485 et
269 4421 358 4493 dicat,
379 4422 458 4485 hona
471 4430 502 4483 et
514 4418 646 4502 praedia,
666 4422 856 4502 quihusvnlt,

53 4518 159 4583 tradit:
177 4515 285 4597 quihus
299 4525 397 4577 autern
409 4514 510 4576 enitet
520 4512 723 4595 quandolibet
742 4513 856 4577 adimit.

54 4612 292 4691 eraercsetiam
300 4608 373 4669 lacit
386 4616 441 4671 uta
454 4606 688 4669 suoSchtsmate
699 4604 857 4669 discedere

55 4724 114 4765 uon
123 4702 261 4776 suadeant,
272 4705 338 4763 etin
346 4698 856 4784 heliaqnisquesinestipendiopro·

55 4796 136 4858 dest.
148 4794 286 4859 Pendent
291 4814 362 4857 vero
373 4797 442 4855 sica
449 4792 596 4875 Principis
602 4801 684 4865 truta,
691 4800 724 4854 nt
729 4813 858 4873 quoenn

58 4908 115 4969 qne
122 4894 273 4951 mittuntur
286 4886 433 4961 advolent,
441 4884 530 4967 idque
537 4882 656 4961 iaciant,
663 4904 721 4947 non
728 4893 789 4946 tam
800 4890 858 4960 sui,

136 5073 159 5128 ‘l
177 5086 372 5133 Schercnettew.

137 5164 175 5222 ”l
193 5178 321 5225 tindsmniz

921 1367 1029 1425 missu.
1050 1385 1109 1425 raon
1131 1366 1210 1426 licet.
1242 1365 1347 1449 ltaque
1373 1371 1430 1428 etsi
1451 1376 1631 1430 mercatores
1651 1370 1721 1430 alia·

920 1478 983 1518 rum
1004 1460 1156 1536 regionum
1177 1461 1206 1517 in
1217 1456 1403 1521 Moscoviam
1413 1464 1562 1537 inungant,
1583 1470 1720 1523 autenm·

920 1558 1035 1611 mearet:
1054 1571 1140 1612 trenno
1159 1560 1258 1612 tamen
1279 1550 1490 1615 exilloscisad
1511 1553 1624 1615 alienos
1644 1556 1722 1617 solet

919 1646 1140 1723 harrsmigrare,
1158 1644 1216 1704 ruisi
1233 1646 1359 1717 missum
1378 1665 1415 1705 ac
1433 1665 1472 1706 ue
1491 1666 1583 1708 naves
1603 1647 1720 1728 quidem

919 1736 1030 1797 hahere
1050 1740 1236 1818 permittitur,
1259 1757 1298 1797 ne
1317 1756 1354 1797 ea
1372 1739 1488 1797 ratione
1508 1735 1649 1819 dilingiat.
1670 1751 1721 1803 aut

918 1833 1009 1891 nimia
1028 1849 1095 1890 cam
1114 1831 1244 1889 externis
1257 1826 1472 1890 consuetudine
1488 1840 1649 1905 contracta,
1670 1834 1720 1895 ali·

918 1920 998 2003 quod
1018 1920 1146 2003 deniqne
1165 1920 1297 2003 Principi
1318 1920 1533 1983 incommodum
1553 1924 1648 1986 afferri
1670 1948 1720 2008 pu·

917 2023 1005 2078 tetur.
1038 2016 1083 2077 nt
1100 2034 1187 2088 vero,
1207 2018 1301 2076 neiis
1321 2013 1448 2095 quidem,
1468 2036 1544 2097 quos
1565 2017 1615 2079 ille
1634 2021 1720 2081 inter·

918 2106 987 2168 dum
1007 2105 1046 2169 ad
1066 2106 1254 2169 Christianos
1273 2106 1431 2189 Principes
1451 2108 1569 2187 allegat,
1590 2110 1669 2183 licet,
1689 2120 1722 2173 ut

918 2198 1056 2272 cosdem,
1088 2218 1163 2279 quos
1189 2208 1290 2261 mutuo
1317 2197 1468 2262 iidemmet
1493 2200 1650 2284 Principes
1681 2202 1720 2266 ad

918 2292 1058 2372 Magnum
1078 2291 1254 2355 Moseoviae
1274 2292 1389 2353 Ducem
1418 2297 1545 2367 mittunt,
1571 2296 1719 2379 alloquan-

916 2395 973 2447 tur.
1005 2384 1102 2457 Quem
1121 2383 1281 2447 admodum
1306 2407 1363 2447 nec
1383 2384 1516 2447 'l'homae
1536 2390 1720 2469 Severigeno

917 2478 1000 2539 licuit
1020 2477 1175 2538 nohiscnm
1196 2478 1284 2560 loqui,
1304 2482 1486 2541 amicissime
1508 2481 1586 2551 licet,
1607 2490 1637 2543 et
1656 2504 1720 2565 per·

916 2570 1077 2632 honorilice
1097 2592 1151 2651 per
1170 2570 1295 2643 ltaliam,
1314 2570 1355 2632 V.
1377 2570 1568 2635 Beatitruline
1583 2574 1720 2655 juhcutc,

916 2663 1042 2725 arrohis
1073 2661 1211 2725 deducto.
1242 2662 1332 2742 Qemd
1361 2673 1461 2726 tamen
1492 2686 1528 2726 eo
1557 2666 1722 2729 mirandum

916 2762 966 2817 est
984 2758 1088 2815 minus.
1110 2754 1189 2835 quod
1202 2755 1324 2835 {regatis
1345 2767 1483 2836 quantum
1498 2757 1570 2820 lihct
1594 2765 1725 2839 nragnis,

917 2851 975 2910 etsi
987 2850 1016 2906 in
1028 2848 1156 2908 Ciuitate
1166 2846 1293 2908 hloscva
1305 2846 1392 2908 datur
1404 2849 1531 2929 airrplum
1543 2849 1720 2933 hospiciumt

916 2944 963 3002 sic
981 2950 1080 3001 tannen
1101 2947 1149 3001 est
1168 2940 1321 3020 praealtis
1335 2938 1462 3001 sudilnrs
1482 2944 1726 3025 circumseptum,

916 3042 949 3095 nt
968 3032 1038 3095 inde
1058 3054 1115 3094 erec
1134 3030 1240 3093 domos
1259 3032 1376 3114 aliquas
1396 3034 1518 3107 intueri,
1538 3054 1634 3115 arcique
1654 3056 1719 3098 earm

916 3126 977 3187 ullo
997 3127 1117 3185 omrriuo
1136 3126 1232 3206 loqui,
1263 3146 1301 3185 ne
1325 3122 1454 3188 ediscere
1473 3124 1592 3207 quidem
1622 3126 1670 3204 (ut
1690 3139 1720 3191 ct

916 3220 1028 3280 racemis
1058 3219 1171 3297 aurigis
1200 3216 1328 3295 accidit)
1359 3216 1399 3279 ad
1428 3216 1595 3300 aqnarrdnm
1626 3242 1719 3302 equos

915 3312 1044 3394 possint
1076 3307 1141 3370 Sed
1160 3330 1217 3371 nec
1240 3313 1317 3391 ipsis
1341 3309 1487 3384 Medicis,
1519 3332 1641 3393 quornm
1661 3314 1720 3375 diro

914 3413 1029 3467 tautum
1049 3406 1079 3463 iu
1098 3405 1238 3464 anniversa
1250 3401 1398 3485 Principis
1412 3402 1525 3465 ditione
1536 3414 1615 3479 sunt,
1635 3407 1720 3469 alteri

915 3497 1001 3570 italo,
1013 3496 1127 3575 Belgae
1147 3494 1243 3568 alteri,
1264 3494 1336 3558 licet
1355 3504 1489 3575 egrotum
1502 3500 1642 3571 invisere,
1661 3502 1721 3561 nisi

915 3588 948 3650 id
966 3588 1115 3669 Princeps
1145 3592 1340 3650 concesserit.
1371 3589 1467 3652 Porro
1497 3611 1555 3651 nec
1585 3591 1720 3671 collegia,

915 3701 1012 3761 neque
1024 3677 1206 3741 Academiae
1224 3680 1303 3741 ullae
1321 3690 1407 3753 sunt3
1430 3680 1486 3742 sed
1505 3680 1629 3743 scholae
1648 3680 1721 3742 diru-

915 3781 999 3835 tasat
1017 3772 1143 3852 aliquae,
1163 3774 1192 3831 in
1214 3771 1322 3851 quihus
1343 3772 1451 3851 legere,
1472 3781 1503 3834 ct
1515 3772 1649 3835 scrihere
1669 3773 1719 3834 dn·

915 3874 1021 3927 centur
1039 3865 1131 3944 pueri,
1151 3861 1240 3943 idque
1255 3884 1291 3924 ex
1311 3863 1492 3942 Evangeliis,
1504 3865 1718 3947 Apostolorum

915 3961 1013 4030 Actis,
1034 3955 1183 4017 Chronico
1197 3953 1276 4035 quod
1296 3954 1416 4026 hahent,
1436 3963 1467 4016 et
1479 3955 1664 4037 quibusdam,
1685 3968 1718 4020 ut

914 4053 1011 4113 sarrcti
1031 4050 1220 4130 potissimum
1238 4045 1365 4108 doamus
1376 4046 1590 4126 chrysostomi,
1610 4050 1717 4111 llome-

915 4145 979 4215 liis,
1006 4142 1053 4202 vel
1073 4141 1268 4210 Sarretorirm,
1299 4148 1351 4201 aut
1369 4160 1485 4213 eonem,
1511 4162 1586 4223 qnos
1608 4141 1719 4205 hahent

915 4256 969 4319 pro
995 4235 1119 4294 Soractis
1145 4232 1278 4291 historiis
1305 4252 1342 4294 ae
1366 4234 1448 4293 vitis.
1481 4232 1571 4313 Qirod
1602 4238 1718 4317 siquis

914 4331 1058 4409 majorem
1078 4329 1108 4386 in
1128 4324 1236 4385 litteris
1255 4344 1447 4405 progressum
1466 4324 1566 4389 lacere
1588 4328 1664 4391 velle
1683 4332 1716 4390 vi

915 4420 1043 4491 deretur,
1062 4418 1110 4479 vel
1131 4416 1206 4477 alias
1224 4418 1369 4478 scientias
1389 4418 1539 4493 imbihere,
1559 4424 1586 4481 is
1604 4440 1720 4483 necen-

914 4517 1051 4597 spicione
1070 4518 1200 4583 careret,
1220 4530 1276 4570 ncc
1295 4513 1415 4591 impune
1435 4511 1542 4577 ahiret.
1573 4514 1619 4575 Eo
1639 4496 1717 4573 einim

913 4615 1072 4691 spectasse
1091 4602 1227 4665 videntur
1236 4603 1340 4681 Magni
1360 4603 1534 4664 illoseoviac
1553 4604 1666 4673 Dirces,
1685 4612 1718 4663 nt

914 4720 974 4762 non
993 4706 1106 4760 tarnum
1147 4716 1224 4776 qnae
1243 4694 1312 4755 inde
1332 4697 1400 4754 oriri
1421 4704 1540 4776 posset,
1562 4700 1717 4757 haeresum

916 4794 1106 4855 occasionem
1126 4796 1311 4858 amoverent,
1341 4795 1480 4865 aptandum
1511 4786 1718 4869 praeciderent

915 4888 1002 4955 viam,
1022 4902 1081 4962 qim
1101 4885 1168 4961 ipso
1181 4880 1320 4960 Principe
1340 4877 1465 4949 doctior,
1485 4889 1537 4940 avit
1555 4883 1719 4961 sapientior

917 4978 1024 5056 aliquis
1044 4972 1212 5035 haberetur.
1254 4974 1354 5051 Atque
1384 4969 1453 5030 inde
1483 4970 1528 5043 fit,
1560 4982 1593 5034 ut
1623 4994 1717 5055 neqm

920 5072 1138 5133 Amanuenses‚
1160 5076 1189 5125 et
1210 5064 1336 5125 Scrihae
1357 5064 1418 5139 (sie
1430 5069 1508 5124 enim
1529 5079 1719 5138 coenosam,

922 5164 971 5242 qni
991 5168 1061 5221 surrt
1079 5180 1096 5219 a
1114 5157 1265 5231 secretis)
1284 5178 1341 5218 nec
1359 5161 1425 5237 ipse
1437 5158 1650 5221 Caricellnrins.
1670 5164 1720 5238 qui
