3742 5626
511 248 567 311 DE
596 246 739 309 nubat)
771 244 1087 317 moscovltlcO.
1120 248 1247 311 ldlllilt
1272 255 1292 310 Ι.
1697 250 1736 307 bb

69 416 139 473 anto
169 430 329 473 excessum
360 409 545 489 sigismundi
575 412 706 491 Augusti
737 408 873 471 Beebda·
932 416 1050 486 pontem
1078 412 1140 471 beri
1163 412 1302 491 imperat,
1328 431 1386 491 quo
1412 414 1441 471 iu
1469 412 1664 491 sequentibus
1683 432 1723 473 ex

72 526 140 565 nura
160 506 190 565 in
204 502 381 565 Vaiaebium
401 502 571 579 reduceret,
596 524 634 565 ac
664 509 782 585 praeter
811 503 872 581 opi·
932 500 1131 579 peditionibns
1162 508 1270 565 utatur.
1321 502 1354 565 la
1383 526 1423 565 ex
1451 503 1579 583 singulis
1607 504 1733 565 navibus

69 600 188 659 aionem
214 617 233 657 a
258 594 457 658 Valaclrorum
484 596 708 676 Turcarumque
734 596 872 657 maximis
931 598 1177 676 componebatur,
1204 616 1281 677 quae
1306 594 1416 657 deinde
1435 598 1576 659 tabulatis
1596 599 1638 659 itu
1656 598 1733 657 iuter

67 692 164 772 ceptis
191 690 407 751 circumventus
434 690 556 763 suisset,
583 690 745 751 exercitum
764 708 871 765 magno
929 706 965 747 so
991 689 1261 771 conjungebantur,
1279 694 1312 747 ut
1332 690 1451 766 quotics
1470 710 1547 766 opus
1567 696 1666 761 esset,
1685 708 1733 751 se·

66 804 133 845 cum
160 782 247 843 lando
273 783 447 842 incolumem
474 784 503 841 in
530 782 678 843 Pelouiam
706 781 870 852 reduxerat,
930 782 1043 858 parari,
1063 782 1257 861 curribusque
1276 781 1402 858 sirrgnlis
1421 802 1480 841 nna
1500 801 1568 841 cum
1587 783 1733 843 tabulatis

67 876 199 955 lndcque
224 894 359 953 magnam
386 876 502 937 virtutis
521 886 552 935 et
571 877 719 935 scientiae
738 877 780 935 rei
801 874 870 935 mill·
929 872 1104 951 impositae,
1127 874 1206 934 trinis
1221 877 1421 955 jumentorum
1436 874 1520 956 jugis
1547 894 1605 935 nou
1625 876 1733 937 inmm-

66 969 272 1045 tarisglorium
292 969 349 1028 sibi
362 976 489 1049 pararat.
529 966 870 1038 blieletiusratetudine‚
928 964 1060 1025 arrode‘in
1081 986 1286 1046 quemcunque
1305 966 1401 1027 locum
1421 966 1574 1027 transferri
1593 973 1733 1045 qroasent3

68 1080 125 1141 qua
145 1062 226 1121 tenui
246 1066 393 1133 uteretur,
413 1067 444 1121 et
462 1061 531 1121 aliis
550 1059 726 1141 quibusdam
747 1059 869 1119 dillicnl·
928 1058 1016 1118 simul
1036 1060 1115 1137 qnod
1136 1080 1234 1139 nequo
1254 1061 1360 1140 copiae
1379 1080 1483 1120 omnes
1509 1059 1732 1130 convenissent,

66 1156 178 1215 tatibus
203 1174 239 1213 se
264 1154 444 1215 excusabatr
469 1152 591 1213 tandem
617 1155 647 1213 in
676 1174 741 1213 cara
761 1152 870 1215 saltem
929 1168 985 1209 nec
1006 1149 1126 1229 frigora,
1146 1172 1224 1230 quae
1242 1152 1273 1211 iu
1293 1152 1414 1229 regione
1427 1150 1734 1241 'l'rionibueeaposila

69 1246 285 1327 expeditionem
306 1248 596 1328 imperlunraccepit.
640 1248 744 1325 ltaque
761 1244 869 1306 coristi·
929 1262 966 1301 co
985 1262 1065 1302 aurio
1086 1244 1162 1305 ultra
1171 1244 1290 1305 solitum
1310 1244 1350 1307 ad
1361 1244 1488 1305 loannis
1498 1250 1732 1327 permanserant,

65 1344 128 1400 tuto
149 1358 213 1399 cum
234 1360 287 1417 oo,
306 1358 384 1419 quos
402 1342 533 1418 quotque
553 1344 712 1399 turmarum
738 1338 870 1419 praesec·
929 1338 961 1393 ut
980 1354 1038 1395 nec
1063 1336 1141 1396 ullae
1167 1334 1278 1398 herbae
1297 1337 1337 1397 ad
1356 1336 1386 1397 id
1406 1342 1523 1415 tempus
1547 1356 1583 1399 so
1603 1336 1732 1397 ellande-

65 1440 115 1492 tes
134 1452 171 1493 ac
190 1434 381 1491 centuriones
401 1431 491 1491 scribl
511 1430 618 1505 vellet,
645 1430 763 1491 demum
781 1436 815 1491 ut
834 1450 870 1490 sc
929 1436 1004 1499 rent,
1025 1429 1236 1503 recessissent,
1261 1430 1453 1491 Litlruauicis
1472 1431 1586 1501 causiS,
1606 1430 1731 1509 quaein

64 1531 197 1605 pararet,
217 1524 286 1585 llcr
305 1546 372 1585 eum
393 1523 520 1595 dimisit3
546 1524 615 1583 inde
636 1522 787 1583 Grorlnam
810 1543 870 1583 ruo·
929 1519 1089 1597 longiorem
1105 1523 1169 1602 jam
1191 1522 1268 1583 diem
1289 1524 1422 1603 prolatae
1432 1533 1530 1593 erant,
1552 1542 1732 1601 cognoscen-

65 1618 116 1677 rlt.
156 1616 395 1677 Marimaantem
408 1615 592 1676 alliciebatur
606 1614 673 1676 Rea
688 1616 870 1690 difficultate,
929 1611 977 1673 dis
996 1634 1116 1691 operam
1127 1613 1218 1674 dedit.
1261 1614 1335 1675 lnde
1348 1614 1492 1675 Basilinnr
1506 1614 1732 1695 boqrutirrsciurn

65 1706 145 1787 quod
164 1718 196 1767 et
215 1730 268 1789 pro
289 1708 490 1786 magnitudine
511 1709 644 1787 sarecepti
665 1708 733 1768 belli
754 1728 869 1788 paucae
899 1732 902 1759 ι
929 1725 995 1765 cum
1016 1706 1122 1767 litteris
1143 1706 1181 1767 ad
1203 1706 1338 1768 illoscnm
1360 1709 1464 1767 mittit:
1490 1709 1528 1767 iis
1543 1710 1660 1788 justum
1672 1706 1731 1769 bel·

64 1802 184 1861 omnino
214 1803 360 1881 pecuniae
391 1821 429 1860 ex
460 1802 567 1861 tributo
599 1801 742 1863 collectae
772 1800 870 1861 adbuc
929 1798 989 1857 lurn
1010 1799 1051 1859 illi
1072 1800 1191 1871 indicit,
1212 1820 1323 1861 carosus
1342 1799 1414 1859 belli
1434 1798 1528 1859 besee
1555 1800 1730 1861 denunciat:

64 1904 165 1969 erant,
184 1900 216 1954 et
234 1901 267 1955 ut
286 1894 412 1954 maximo
431 1894 563 1971 integrae
584 1892 800 1966 conferrentur,
820 1895 869 1953 mi·
928 1888 1008 1969 quod
1034 1894 1234 1953 ostentatione
1261 1894 1344 1971 pacis
1372 1893 1551 1972 quovincianr
1577 1894 1732 1955 inveniam

64 1988 145 2047 nime
164 1993 263 2047 tamen
282 1992 363 2047 tardo
385 1986 463 2045 bello
475 2006 566 2069 pares
587 1986 787 2047 soreridebut.
828 1988 869 2045 lis
929 1982 1007 2041 bollo
1024 2004 1061 2043 ao
1080 1985 1217 2045 incendio
1239 1998 1405 2047 vastasset:
1425 1984 1560 2063 Legatos
1580 2004 1731 2045 suescun-

64 2080 202 2139 omnibns
221 2081 327 2150 rebus,
347 2084 456 2159 quanto
476 2084 577 2159 potest
596 2078 706 2148 studio,
727 2080 869 2139 occurrit:
927 2075 1083 2137 tumeliose
1103 2076 1237 2147 habitote,
1256 2078 1295 2139 ad
1316 2084 1477 2139 extremum
1498 2077 1671 2157 duplicibus
1690 2079 1731 2139 in·

64 2174 207 2252 pecunias
228 2174 332 2254 partim
353 2177 454 2232 mutuo
482 2174 590 2231 sumit:
616 2174 720 2252 partim
743 2192 820 2251 quas
839 2172 868 2231 iu
928 2165 1199 2231 duciurumlitteris
1212 2170 1370 2231 elusisset:
1387 2170 1732 2248 eodemtenrporenovis

64 2266 139 2326 bsoo
161 2264 291 2326 babebat
311 2267 442 2345 privatim
460 2284 549 2334 saras,
571 2266 705 2345 exponit.
743 2263 867 2325 Militem
927 2261 957 2319 in
970 2260 1126 2323 Livouianr
1147 2264 1241 2341 copiis
1261 2262 1511 2325 anissisVendarn
1530 2268 1732 2344 opugnasset:

63 2358 175 2437 passim
203 2378 254 2435 per
282 2358 436 2417 Poloniam
463 2358 553 2417 scribi
581 2358 684 2438 jubet:
714 2358 802 2415 mittit
829 2355 867 2417 ad
928 2374 984 2413 sua
1004 2354 1151 2432 legatione
1171 2355 1209 2416 ad
1230 2356 1343 2434 priores
1363 2357 1485 2438 injurias
1506 2376 1611 2417 novam
1632 2360 1731 2416 contu·

63 2448 180 2509 fratrem
210 2448 456 2531 Christopboruur
483 2449 651 2528 Principem
681 2448 867 2509 Trarrssibu·
928 2445 1045 2506 aureliana
1066 2467 1102 2507 ac
1122 2446 1277 2507 ludibrirnn
1288 2449 1489 2531 adjunxisset.
1528 2446 1730 2509 Remisissub

62 2542 146 2612 niae,
166 2542 412 2621 utlluugarorum
433 2549 635 2603 veteranorum
658 2540 799 2601 cobortes
818 2542 869 2601 ali·
928 2537 1005 2598 idem
1024 2546 1142 2621 tempus
1161 2540 1288 2602 Monens
1300 2540 1512 2613 llaraburdam‚
1533 2562 1619 2621 quem
1631 2540 1729 2602 haete-

62 2640 136 2712 quot
162 2640 192 2693 et
217 2635 283 2695 elas
315 2635 446 2713 equitum
477 2637 598 2695 scribat.
654 2633 868 2713 ('lrristoplanre
928 2652 985 2691 uus
1005 2634 1181 2703 retinuerat,
1204 2633 1528 2714 nnlloalioresponso‚
1551 2633 1728 2714 quamquod

61 2726 269 2789 Rozdraserio
302 2738 332 2788 et
364 2727 494 2787 Ernesto
522 2724 633 2808 Vejere
659 2729 688 2787 in
712 2728 869 2787 Germania
928 2724 1015 2803 paulo
1036 2731 1105 2805 post
1125 2746 1212 2785 saarim
1233 2724 1430 2785 honrinenrad
1448 2726 1564 2803 ltegenr
1581 2729 1729 2787 missurus

62 2820 166 2879 militis
192 2820 383 2899 conquirendi
410 2820 558 2895 negotium
579 2818 638 2877 dat.
697 2818 868 2879 Litbuanici
928 2820 1027 2889 esset,
1049 2818 1098 2894 qni
1119 2819 1156 2876 iis
1177 2816 1214 2875 do
1235 2818 1443 2894 relnrsagerct.
1483 2816 1586 2897 ltaque
1605 2826 1730 2877 sccntns

62 2931 218 2989 proceres,
246 2932 313 2971 curn
341 2910 379 2969 dc
406 2908 632 2969 difficultatibus
656 2910 694 2967 iis
720 2931 785 2969 enm
811 2910 871 2969 illis
928 2928 994 2967 enm
1016 2928 1084 2967 mox
1105 2928 1171 2969 curu
1193 2908 1425 2987 litterisquinam
1448 2909 1511 2971 luit.
1551 2909 1729 2970 Postulabat

61 3004 303 3073 communicaret,
324 3008 409 3081 prout
420 3003 547 3080 quisquc
567 3000 674 3080 opibus
686 3001 809 3061 maxime
822 3022 869 3062 ra·
927 2998 985 3070 bic,
996 3004 1028 3058 nt
1041 2998 1194 3069 irnlueias,
1215 3020 1292 3079 qnae
1312 3008 1382 3061 ante
1407 3004 1590 3083 perscriptae
1613 3008 1728 3073 essent,

61 3095 160 3167 lebat,
181 3096 376 3157 uoluntarium
396 3094 518 3153 militena
538 3092 717 3167 offerebant,
738 3098 870 3173 quotque
927 3092 997 3153 llcx
1016 3093 1208 3153 observaret:
1229 3092 1267 3151 de
1288 3093 1412 3155 loironia
1432 3098 1458 3155 si
1480 3093 1550 3175 quid
1562 3102 1727 3157 coutrover-

59 3188 172 3266 siuguli
194 3186 348 3249 adducturi
373 3192 488 3259 essent,
509 3185 652 3255 edebant3
674 3205 796 3264 qnorum
818 3206 869 3245 nu·
927 3186 992 3245 sino
1011 3192 1203 3266 superesset,
1225 3185 1263 3246 de
1284 3207 1320 3247 ea
1340 3189 1435 3248 amice
1455 3210 1508 3269 por
1528 3188 1727 3261 arlritratores,

61 3300 165 3341 merus
189 3300 255 3341 cum
280 3280 317 3341 ad
346 3279 450 3340 decem
476 3278 585 3337 anilium
614 3278 676 3337 sere
702 3278 868 3350 accederet,
926 3298 1002 3355 qnos
1022 3278 1158 3356 utrinque
1179 3280 1397 3355 nominassent,
1419 3300 1523 3340 seeum
1543 3283 1725 3343 corrreniret.

59 3392 234 3454 uouparum
255 3392 292 3433 eu
311 3392 343 3431 re
368 3378 459 3451 atque
484 3370 636 3431 alacritate
654 3368 868 3433 luitbuunerum
924 3368 1063 3449 Negabat
1073 3368 1156 3443 Rex,
1170 3370 1417 3451 quemadmodum
1431 3376 1493 3453 jam
1514 3380 1584 3433 ante
1604 3373 1726 3447 lecerat,

58 3476 232 3539 recreatus,
263 3484 300 3525 eo
330 3465 432 3547 majori
465 3465 562 3527 animo
589 3462 628 3524 ad
653 3465 783 3545 reliquas
816 3484 867 3525 res
926 3484 1018 3543 pesse
1037 3484 1074 3524 se
1093 3462 1263 3543 hujusmodi
1293 3464 1429 3526 inducias
1453 3466 1514 3526 ulla
1538 3467 1654 3527 rationo
1677 3466 1728 3529 ud·

58 3557 318 3621 administrandas
346 3574 511 3635 aggressus
539 3556 609 3617 luit:
638 3560 867 3637 eorrstitutisque
925 3558 1053 3616 mittere.
1099 3554 1176 3616 Nam
1209 3556 1247 3615 de
1276 3556 1404 3619 lairenia
1432 3558 1511 3639 qnod
1540 3558 1728 3641 adjiceretur,

58 3652 104 3713 lta
126 3670 177 3731 pro
198 3656 330 3731 tempore
350 3650 489 3709 robustis
502 3648 621 3709 Vilnan
633 3652 773 3712 accessit.
813 3652 867 3711 l'a·
926 3650 1020 3709 amico
1040 3648 1079 3708 de
1097 3670 1133 3707 ea
1145 3650 1220 3707 inter
1229 3650 1315 3729 ipsos
1325 3650 1487 3731 disceptari
1496 3670 1599 3731 poseo,
1620 3652 1729 3713 trustra

10 3730 20 3821 ff
64 3744 177 3805 latinus
196 3742 368 3812 Viluenuis,
389 3740 535 3801 Nicolaus
553 3740 729 3817 Radivilus,
749 3742 796 3803 eni
818 3744 865 3801 tm·
926 3750 956 3801 et
982 3740 1106 3801 ridicule
1133 3740 1236 3821 adjici:
1260 3742 1354 3803 semel
1380 3744 1459 3803 enim
1489 3744 1621 3823 receptis
1648 3746 1727 3825 jnra-

10 3828 23 3871 ¹
57 3839 172 3921 perium
199 3836 322 3897 militare
342 3835 371 3892 iu
398 3832 559 3895 laitlruuniu
583 3856 603 3895 a
622 3834 709 3912 Rege
729 3834 867 3895 traditum
926 3840 1086 3913 mentoque
1106 3834 1227 3893 tirmatis
1246 3833 1390 3903 induciis,
1411 3836 1440 3893 in
1461 3838 1570 3914 quibus
1590 3835 1728 3896 emnild·

10 3922 28 3967 ¹
57 3936 149 3991 antea
176 3929 287 3997 lucrat,
312 3934 421 4006 postea
439 3926 526 3985 etiam
555 3927 693 3988 abdicata
712 3948 731 3988 a
750 3928 867 3987 duanae
927 3928 1032 3987 veniae
1047 3924 1260 4007 jurecederot,
1281 3926 1552 4006 uibilqnoanrplius
1565 3928 1728 4007 petiturum

10 4012 33 4063 Ι
59 4020 264 4083 Cborllrericio
284 4018 415 4099 Leopoli
442 4016 696 4081 administratione
715 4020 868 4093 Lironiae,
927 4038 963 4077 se
974 4020 1043 4099 ejus
1053 4018 1251 4096 profiteretur,
1265 4019 1292 4077 si
1309 4017 1494 4098 postmodum
1515 4018 1553 4079 do
1566 4038 1604 4079 ea
1616 4024 1729 4097 ageret,

10 4086 197 4195 *lejusdem
217 4112 388 4191 provinciae
408 4130 480 4172 euru
496 4109 535 4171 ad
555 4116 674 4192 tempus
683 4110 868 4181 demandata,
927 4112 975 4171 cui
995 4110 1114 4171 dubium
1135 4132 1207 4171 esse
1225 4120 1347 4191 posset,
1366 4117 1468 4171 eontra
1486 4112 1634 4193 preprium
1648 4116 1729 4195 jura·
1792 4162 1798 4173 .

10 4204 42 4251 1
64 4200 284 4280 Christoplrore
305 4204 365 4263 lilio
385 4203 549 4285 pocillatori
570 4203 683 4281 Regio,
702 4210 733 4265 et
752 4202 869 4265 aulicae
928 4210 1054 4264 nentrum
1076 4224 1111 4263 oo
1133 4210 1302 4263 ventarum:
1323 4210 1353 4263 et
1371 4204 1417 4264 rel
1431 4226 1495 4265 eam
1507 4206 1601 4285 ipsam
1614 4206 1654 4267 ob
1667 4226 1729 4267 reru

10 4295 450 4377 ¹¹militiacperlaitbuauiarn
468 4296 868 4377 praelectoexereitum,qui
928 4318 1019 4357 carana
1044 4296 1152 4355 moriere
1172 4296 1291 4357 debere.
1331 4296 1421 4369 (larunt
1441 4299 1488 4359 sic
1514 4298 1543 4357 in
1570 4300 1729 4362 laitlruaniu

10 4372 44 4435 fl
56 4392 89 4477 lp
112 4388 239 4449 Lironia
261 4389 363 4461 irrorat,
385 4388 555 4450 tradiderat.
597 4392 627 4449 ts
647 4410 713 4449 cum
735 4388 773 4448 nd
794 4388 868 4449 Der·
928 4390 1101 4469 ltrruuiaque
1127 4410 1229 4471 pacem
1261 4392 1319 4451 silai
1340 4412 1407 4450 curn
1428 4392 1514 4470 lleqe
1534 4414 1606 4453 esse
1625 4395 1729 4454 vellet:

10 4462 160 4567 'patum
172 4483 351 4541 excursione
364 4482 453 4553 lacta,
466 4500 627 4563 agrumque
639 4484 766 4544 hostium
779 4480 868 4557 longe
928 4484 957 4543 ia
984 4483 1108 4543 lairenia
1141 4484 1230 4543 aruris
1257 4483 1296 4543 do
1325 4487 1393 4567 jure
1419 4484 1596 4565 disceptari:
1625 4506 1730 4547 noram

10 4568 180 4651 'lateque
200 4572 376 4653 populatus,
396 4572 616 4655 Kirempesinm
641 4596 696 4659 per
717 4576 868 4635 excursio·
927 4577 1044 4657 quidem
1073 4574 1150 4635 banc
1175 4576 1354 4639 induciarum
1381 4580 1523 4639 rationem
1543 4578 1601 4635 eibi
1622 4578 1730 4637 rideri:

10 4652 284 4747 ‘mceqrisset
302 4666 520 4747 evertissetquc
533 4668 591 4727 sub
611 4668 670 4729 bec
689 4674 810 4749 tempus
829 4667 868 4729 ud
927 4690 964 4729 ac
982 4670 1040 4729 etsi
1062 4669 1247 4747 intelligeret,
1268 4671 1449 4751 temporibus
1470 4670 1653 4747 sigismundi
1669 4670 1730 4729 Au-

10 4756 213 4845 ff'ltcgemet
223 4766 334 4841 patrem
342 4756 460 4817 Vtinam
468 4762 556 4823 venit.
570 4762 742 4821 lenientem
756 4762 868 4821 exerci-
927 4764 1007 4841 quisti
1034 4767 1123 4841 atquo
1150 4762 1379 4840 interregnenrm
1406 4762 1548 4821 obtrusas
1572 4761 1730 4843 aliqnando

10 4844 245 4921 'memerito
266 4850 415 4933 sb'pendia
426 4850 563 4931 tingitana
573 4860 697 4915 uenam
709 4853 773 4912 snit.
814 4852 868 4911 lbl·
928 4854 1097 4937 hujusmodi
1129 4854 1168 4913 ab
1195 4876 1232 4915 eo
1252 4854 1387 4914 inducias
1420 4854 1533 4913 luisse:
1560 4862 1730 4924 rotantem,

10 4938 127 5023 {don
141 4942 214 5017 alia,
227 4946 383 5025 quaeusni
405 4944 482 5005 bello
503 4956 623 5017 esseut,
644 4964 787 5027 apparare
801 4943 868 5004 lter
929 4968 996 5007 cum
1018 4944 1176 5007 faciendae
1195 4968 1290 5007 novae
1311 4948 1370 5005 sibi
1391 4946 1460 5017 siut,
1483 4968 1540 5007 raon
1561 4948 1619 5009 nisi
1628 4952 1732 5031 justas

10 5032 202 5103 'instituite
230 5043 377 5097 tormenta
396 5038 505 5099 bellica
523 5038 692 5101 admodum
713 5036 869 5117 quendam,
928 5041 1027 5101 lacere
1071 5038 1164 5099 veile:
1203 5042 1349 5099 neminem
1388 5047 1448 5099 tam
1486 5040 1639 5101 barbarum
1680 5048 1732 5103 ant

10 5128 149 5217 ’quen
177 5129 244 5209 ipse
268 5148 326 5191 usu
351 5140 442 5211 atquo
463 5134 644 5213 experientia
663 5130 867 5193 accommoda·
898 5166 903 5265 q
927 5134 1091 5215 imperitum
1113 5152 1208 5191 rernm
1229 5152 1317 5199 esse,
1337 5132 1387 5211 qni
1409 5152 1466 5191 non
1487 5134 1595 5207 uideat,
1615 5137 1641 5195 si
1662 5154 1730 5195 con·

10 5222 208 5289 *imum
246 5230 442 5299 cognoverat,
475 5225 556 5285 laudi
586 5228 692 5305 jaresit.
742 5224 867 5285 (lanruac
898 5228 1041 5313 ¹utitatis
1061 5226 1167 5283 melius
1187 5226 1277 5285 rebus
1295 5229 1361 5285 auis
1382 5246 1436 5304 per
1456 5226 1619 5301 luironiam,
1640 5227 1730 5287 tnbt-

10 5320 36 5361 ι
1350 5328 1382 5374 5·
