3742 5626
111 146 165 207 tto
653 142 891 209 Rata'ttobltt
910 144 1237 211 ufflbssnstuta'tt

109 308 208 369 cabat.
250 308 385 369 Venerat
406 306 463 367 surb
484 307 561 369 ldcm
583 316 700 389 ternpus
721 310 752 369 ln
771 314 872 371 matra
896 329 915 373 a
973 310 1052 369 versi
1075 307 1182 370 lralres
1202 310 1269 389 ejus
1290 306 1496 391 appellabant:
1519 316 1609 385 utque
1622 304 1779 363 sinemeto

109 400 220 463 Snecis
239 402 334 461 missu
355 398 503 462 Praefecti
515 398 680 461 Narrensis
697 402 915 481 mereatorqui·
971 400 1097 482 propius
1122 404 1188 481 jam
1214 400 1254 461 ad
1273 422 1308 465 sc
1319 398 1508 475 accederent,
1527 398 1684 477 libereque
1694 416 1778 473 raga-

110 492 195 555 dam:
216 496 265 575 qni
286 491 324 555 de
345 494 472 573 injuriis,
493 513 568 573 quas
589 492 696 554 linibus
709 495 774 554 snis
788 514 806 556 a
821 492 914 553 milite
973 502 1083 569 rentur,
1101 492 1275 557 invitabant
1315 494 1420 557 Altero
1441 489 1490 553 die
1508 489 1588 553 idem
1608 486 1780 551 Alexander

111 596 227 659 rrostro,
247 590 296 669 qni
317 606 408 667 supra
444 584 585 647 lidorum
607 589 636 647 in
656 585 803 648 Prebusio
824 584 915 646 collo·
974 606 1039 646 cnm
1059 587 1128 649 aliis
1150 588 1299 648 nonnullis
1318 608 1354 648 cx
1364 586 1529 649 Nobilitate
1538 580 1579 644 ad
1588 580 1778 643 Zarxosciara

110 690 195 741 catus
207 688 280 755 erat,
300 678 399 739 illatas
412 676 562 754 dicebant,
581 688 770 760 quereretur:
789 678 914 739 enicmn
973 680 1003 739 in
1029 690 1129 741 castra
1148 678 1242 741 redit:
1268 684 1338 761 quia
1359 700 1418 761 pax
1439 682 1503 760 jam
1521 674 1731 749 conuenisset,
1749 686 1777 735 ut

109 780 227 855 practer
247 771 415 853 opinionem
432 770 596 833 Succorum
614 772 773 851 benignius
791 790 914 851 respon·
973 772 1095 849 lignatio
1123 772 1181 833 sibi
1204 772 1296 835 libera
1306 775 1503 854 permittatur,
1524 770 1591 851 ipsa
1607 787 1775 847 veroquam

109 885 174 927 srrm
186 864 302 939 luisset,
322 866 403 926 venit
415 872 520 947 postca
534 864 571 926 ad
585 864 800 927 Zarrroscimna
815 866 913 925 Ponto
970 868 1096 947 primunr
1119 866 1279 927 exercitam
1291 862 1430 941 deducat,
1450 870 1566 948 petunt.
1606 856 1775 941 Respondit

108 954 262 1021 Gordiano
281 958 460 1019 lrarrrentlnr
474 958 626 1039 Cagnolus
645 956 756 1021 ltalus:
777 960 864 1037 cujus
882 958 913 1015 ln
971 956 1156 1031 Zamorcius,
1176 960 1234 1020 etri
1255 957 1293 1020 dc
1314 978 1389 1039 pace
1409 964 1592 1019 transactum
1614 962 1720 1025 esset,
1738 950 1773 1013 lit-

106 1050 206 1113 Narra
226 1046 400 1129 occupanda
420 1054 544 1115 maxime
564 1054 692 1132 insignis
712 1071 804 1133 opera
825 1051 912 1112 exsti·
971 1060 1052 1113 teras
1078 1058 1177 1113 tamen
1207 1054 1237 1111 ia
1264 1050 1374 1133 quibus
1399 1048 1586 1113 conditiones
1606 1046 1699 1131 pacis
1718 1066 1772 1127 per·

108 1150 200 1205 terat:
220 1140 450 1223 bonorilicisque
468 1144 568 1206 verbis
588 1166 642 1227 pro
656 1146 740 1225 llcge
753 1143 913 1205 Zamoseio
969 1146 1100 1225 scriptae
1126 1150 1244 1217 essent,
1273 1140 1402 1205 nondum
1427 1139 1467 1203 ad
1486 1163 1521 1203 se
1539 1140 1672 1203 allatas:
1693 1138 1773 1199 multu

107 1238 247 1311 salutato,
268 1256 305 1297 ac
325 1235 431 1297 litteris
451 1234 491 1298 arl
511 1238 623 1317 Regem
645 1240 769 1299 al'orrto
790 1238 912 1317 scriptis
971 1237 1068 1299 nrinns
1096 1238 1146 1319 qni
1171 1234 1322 1319 praesidia
1341 1234 1507 1311 traderent,
1526 1255 1545 1297 a
1565 1232 1714 1314 Principe
1733 1252 1773 1293 eo

108 1332 149 1391 illi
170 1326 306 1399 redditis,
327 1336 360 1389 ut
380 1328 420 1390 ad
434 1330 566 1407 Legatos
577 1330 793 1391 llloscoriticos
814 1330 911 1411 ipsius

109 1425 261 1485 uolrrrrtalc
280 1420 430 1503 proficisci
458 1422 515 1483 sibi
537 1422 654 1493 liceret,
679 1422 811 1505 petebat.
856 1420 912 1483 Za·

108 1518 241 1579 arescius
268 1518 325 1575 etsi
350 1536 426 1597 qnae
452 1518 482 1576 in
502 1516 628 1578 Liuorria
658 1526 832 1597 agerentur,
851 1536 910 1575 raon

107 1608 278 1691 ignorabat:
307 1608 455 1669 eonritatis
482 1615 581 1669 tamen
609 1629 682 1670 suae
711 1606 750 1671 ad
781 1618 910 1671 exterum

108 1704 273 1772 bominem,
298 1704 440 1761 rationem
468 1698 528 1761 sibi
554 1700 722 1762 habendam
749 1709 852 1777 ratus,
881 1702 910 1761 in

107 1796 277 1879 praesentia
299 1792 445 1855 burnanac
459 1791 498 1854 ad
510 1794 662 1875 postulata
679 1797 776 1875 ipsius
788 1814 910 1877 respon-

106 1888 165 1951 dit:
185 1908 243 1947 rron
255 1886 392 1967 potuisse
411 1888 440 1945 in
460 1896 586 1947 urentem
605 1890 706 1947 uertite
736 1886 823 1967 Regi,
844 1908 910 1949 cunr

106 1982 281 2067 praesertim
301 1976 414 2039 tamdia
438 1982 599 2041 incastris
625 1978 747 2049 luisset,
767 2003 805 2041 ue
830 1984 910 2061 quis·

105 2098 194 2161 quam
220 2072 388 2137 aSrrcciae
412 2072 498 2153 Rege
524 2072 564 2135 ad
591 2094 626 2135 se
655 2076 804 2150 venisset,
830 2073 909 2138 deiu-

107 2191 180 2251 ceps
200 2170 346 2247 Legatum
367 2164 456 2226 nllum
479 2170 601 2229 ruissnrn
621 2168 673 2225 iri:
692 2175 782 2249 alque
801 2170 909 2229 ilanee

104 2264 221 2343 Regem
242 2260 301 2322 nlla
320 2258 377 2319 bac
398 2256 436 2319 de
456 2280 488 2321 rc
508 2258 647 2321 nerrndata
667 2262 724 2321 sibi
736 2260 909 2341 reliquisse:

106 2378 161 2417 nec
180 2375 215 2413 se
236 2354 302 2413 sirie
322 2349 419 2431 Regis
438 2350 588 2413 nrrrrtdato:
609 2376 645 2416 ac
665 2352 908 2434 uolrrntateqnirl·

105 2468 193 2531 quarn
204 2446 231 2504 ei
243 2446 412 2525 permittere
424 2464 535 2523 prosse:
556 2446 671 2507 litteras
681 2446 729 2508 vel
750 2468 803 2527 per
816 2444 907 2507 tabel-

106 2540 209 2603 larium
230 2534 267 2597 ad
282 2533 396 2615 llegem
407 2538 581 2599 rnissnrum:
600 2546 652 2601 ant
670 2541 698 2602 si
712 2542 778 2621 ipse
790 2538 829 2600 :nl
842 2560 908 2601 enm

105 2634 149 2695 ire
171 2629 269 2704 uellet,
290 2627 470 2711 praesidinm
492 2650 528 2690 se
548 2632 576 2692 ei
596 2631 813 2709 adjunctarum.
854 2635 908 2693 Ca·

105 2724 214 2807 gaulus
233 2740 380 2806 responso
394 2720 452 2781 boc
465 2732 600 2805 accepto,
614 2723 829 2805 tabellarinqne
842 2744 907 2785 enm

103 2820 211 2881 litteris
236 2816 340 2877 relicto
366 2814 405 2876 ad
431 2812 559 2877 l‘ontum
586 2838 621 2879 se
647 2820 769 2899 recepit.
821 2818 907 2891 Eunt,

103 2910 261 2975 tabellario
272 2904 310 2968 ad
321 2906 436 2987 Regem
458 2930 475 2970 c
495 2912 603 2971 castris
624 2910 752 2971 reundum
763 2910 906 2993 prolecto,

102 3004 255 3091 perfectae
280 3000 366 3081 pacis
391 3000 513 3063 rrrrrrtias
540 3008 570 3063 in
589 3004 744 3066 livoniam
764 3024 906 3065 consecu-

103 3110 152 3163 tus
175 3098 238 3159 luit.
278 3092 405 3173 Jamque
425 3092 598 3157 Alexander
610 3100 659 3177 qm
680 3094 719 3157 de
740 3095 907 3177 pacelacta

101 3186 365 3255 l‘lexeoriensibus
386 3190 582 3257 rermnciaret,
603 3210 621 3248 a
641 3186 765 3267 tegatis
785 3188 906 3251 blasco-

101 3286 200 3349 riticis
220 3280 346 3363 Zapolia
366 3284 477 3341 misens
497 3275 537 3341 ad
555 3278 745 3341 Zamoscinm
766 3302 905 3363 perrene-

102 3389 164 3449 rat:
184 3396 271 3457 quem
292 3394 358 3433 curn
378 3370 417 3433 ad
435 3370 590 3453 prandium
605 3369 781 3433 Zamoscius
803 3376 906 3434 inrita·

103 3480 157 3545 ret,
179 3467 295 3527 maxinri
315 3464 452 3527 beneficii
470 3464 537 3524 loco
549 3462 715 3525 babituram
736 3486 771 3525 se
784 3486 905 3547 respon-

102 3562 157 3634 dit,
177 3560 203 3621 si
223 3556 263 3620 nd
282 3556 385 3617 urbem
405 3558 617 3639 quamprimum
642 3553 742 3618 aditus
761 3558 820 3619 sibi
842 3580 905 3641 per·

101 3660 274 3717 mitteretur.
313 3650 393 3711 ll'aru
413 3648 482 3711 (lum
494 3653 560 3731 ipse
571 3648 745 3731 epulaturus
757 3650 798 3711 ibi
811 3660 904 3725 esset,

100 3749 248 3811 obsessos
268 3745 385 3805 lnterira
396 3746 570 3823 saerguinem
582 3742 748 3807 bibituros:
768 3742 815 3805 bis
828 3748 904 3805 enim

99 3842 201 3905 uerbis
218 3836 373 3901 utebatur:
400 3856 578 3919 pranmrnm
602 3856 638 3899 se
658 3834 738 3917 apud
758 3836 905 3909 camebi

99 3938 178 3999 laeto
199 3934 284 4015 pacis
303 3932 405 3991 rnrntio
430 3932 495 3991 snis
521 3932 686 4013 impertito,
705 3950 844 3991 reuersas
865 3929 904 3991 ad

99 4049 165 4091 eum
187 4024 305 4085 luisset.
342 4020 520 4085 Zamoacius
538 4020 690 4107 pracsidio
710 4025 738 4083 ei
752 4018 905 4101 adjuncto,

100 4120 139 4183 ad
159 4116 263 4181 arbem
281 4112 404 4197 perduci
421 4118 524 4197 jussit
564 4115 639 4178 Cum
651 4116 708 4177 snb
727 4117 903 4178 l’ocrouien·

100 4234 163 4274 seen
182 4210 294 4281 turrim,
314 4228 391 4289 quae
411 4206 449 4268 ad
470 4208 604 4269 Velicam
626 4207 733 4269 bremen
751 4211 903 4289 pertinens

99 4306 139 4367 ab
153 4302 303 4381 llungaris
314 4302 479 4377 tormentis,
489 4298 734 4381 quemadmodum
749 4311 902 4363 orterrsum

100 4408 160 4469 est,
181 4402 325 4479 quassata
344 4402 424 4469 erat,
443 4394 655 4465 successisset,
675 4415 712 4455 ac
732 4398 799 4475 qnis
820 4402 904 4455 essct

98 4488 301 4555 ostendisset:
319 4492 402 4545 tanta
422 4506 539 4561 cortem,
559 4485 609 4565 qni
630 4488 659 4546 in
677 4487 767 4547 metris
795 4490 903 4550 coristi·

98 4592 206 4657 terant,
225 4579 350 4651 laetitia,
369 4585 460 4660 alque
478 4576 639 4657 gratulatio
659 4582 782 4655 exstitit,
802 4588 836 4639 ut
854 4602 901 4641 su·

98 4680 161 4743 bito
186 4672 344 4739 sublimem
368 4680 485 4753 raptum
516 4674 547 4732 in
579 4692 679 4732 muros
710 4671 902 4735 extollerent:

98 4773 236 4855 nullaeque
261 4765 309 4827 rel
333 4784 455 4825 atrorum
474 4764 522 4825 eet
541 4774 710 4826 nostrorum
731 4768 838 4829 circum
860 4766 901 4829 ln.

97 4884 196 4927 sorum
216 4856 397 4923 verecundia
410 4856 560 4939 prohiberi
580 4878 616 4920 se
633 4866 823 4941 paterentur:
843 4882 901 4943 quo

98 4956 195 5015 minus
216 4950 255 5011 ad
273 4950 369 5033 pedes
389 4954 457 5032 ejus
479 4952 605 5031 projecti
619 4974 674 5013 eos
685 4953 901 5028 oscularentur,

99 5044 377 5126 Arcbaugelamque.
397 5064 434 5105 ae
453 5046 537 5126 pacis
558 5049 690 5109 mmtium
703 5044 790 5111 laetis
806 5048 903 5111 accla-

98 5134 279 5203 mationibus
300 5136 502 5219 appellarent,
521 5135 561 5199 ad
581 5148 701 5203 :rastros
715 5138 822 5203 deinde
834 5164 901 5203 con·

969 1350 1032 1390 ram
1059 1334 1196 1392 uertisse:
1220 1332 1356 1391 comicia
1384 1327 1528 1409 deinceps
1560 1346 1618 1388 eos
1652 1326 1773 1405 excepit.

970 1421 1060 1501 Quod
1085 1445 1152 1485 cnru
1178 1424 1343 1485 lentissime
1370 1425 1545 1483 instructum
1577 1418 1710 1491 luisset,
1730 1420 1771 1497 qui

971 1520 1094 1577 maxima
1119 1514 1200 1601 npnd
1227 1525 1347 1577 nostros
1372 1522 1555 1576 contueatur
1575 1511 1683 1593 inopia
1702 1508 1771 1571 labo-

970 1612 1027 1671 rari
1054 1610 1112 1672 sibi
1138 1618 1364 1693 persuaserant,
1386 1610 1514 1670 murnum
1534 1626 1594 1666 reon
1618 1602 1710 1665 modo
1730 1623 1772 1663 rre-

970 1708 1168 1765 cessariaram
1194 1724 1305 1775 reruni,
1337 1720 1438 1763 renim
1464 1698 1678 1779 plurimarum,
1704 1716 1772 1777 quas

970 1816 1117 1878 nunquam
1140 1800 1197 1877 ipsi
1218 1798 1441 1877 cognovissent,
1461 1800 1641 1874 apparatum
1662 1810 1699 1853 eo
1719 1811 1771 1849 ma-

969 1890 1017 1969 gis
1034 1886 1169 1951 admirati
1186 1888 1316 1951 lnernnt.
1353 1886 1472 1951 Etenim
1484 1884 1671 1947 Zamosclus
1682 1904 1770 1965 queru-

968 1982 1126 2045 arlrnoduur
1145 1986 1292 2065 superiori
1311 2002 1390 2043 anno
1411 1980 1533 2053 lecerat,
1554 1980 1597 2039 ita
1607 1980 1675 2057 jam
1695 1977 1770 2037 initio

968 2080 1056 2137 etiam
1076 2074 1275 2157 expeditionis
1294 2075 1384 2155 lnrjns
1405 2082 1523 2157 praeter
1544 2068 1700 2153 puluerem
1719 2080 1768 2129 tor-

969 2174 1152 2239 rnerrtarinrn
1172 2190 1231 2252 qno
1252 2166 1413 2251 peditatus,
1433 2186 1519 2246 qnem
1540 2168 1769 2247 curiscripserat.

968 2271 1114 2337 uteretur,
1145 2269 1377 2343 apparatumque
1408 2258 1563 2330 bellicum,
1589 2264 1768 2319 commeatus

967 2377 1084 2437 qnoque
1104 2358 1258 2417 maximam
1280 2356 1405 2435 copiam,
1426 2350 1702 2413 rrorrnullaxuetiarn
1718 2348 1767 2409 ele-

966 2451 1112 2527 gantioris
1131 2451 1237 2520 rietur,
1258 2456 1444 2509 extentorum
1463 2446 1618 2507 bantinum
1628 2444 1768 2523 excipien-

966 2538 1070 2601 donner
1088 2560 1180 2602 cansa
1196 2548 1391 2609 contraxerat,
1401 2536 1668 2621 partemqueejus,
1686 2554 1768 2615 quam

967 2631 1085 2695 (ledani
1107 2642 1138 2695 et
1156 2632 1254 2711 Rigao
1273 2641 1470 2715 compararat,
1490 2650 1508 2693 a
1528 2630 1618 2691 nuce
1651 2626 1768 2689 t'nrlan·

966 2726 1045 2803 diac,
1071 2726 1250 2806 civitateque
1273 2724 1399 2805 lligcnsi
1415 2726 1562 2807 jumentis
1583 2720 1767 2801 conquisitis,

965 2840 1056 2903 supra
1076 2818 1328 2893 Cokenbansinm,
1347 2816 1428 2899 qnod
1446 2826 1507 2879 term
1528 2818 1560 2878 in
1580 2815 1706 2877 boatium
1717 2832 1766 2893 po·

965 2920 1074 2975 testate
1093 2910 1192 2975 adbuc
1201 2920 1276 2987 erat,
1286 2919 1481 2995 exposuerat:
1500 2902 1767 2991 indequcadrcrsn

966 3006 1083 3067 flumine
1109 3005 1252 3073 llisnam,
1277 3026 1314 3067 ac
1334 3004 1459 3065 nlterius
1477 3000 1668 3064 Zarolociam
1689 3000 1765 3059 trari-

964 3100 1021 3160 bus
1034 3098 1211 3161 derexerat:
1224 3098 1314 3161 aliam
1323 3098 1417 3157 carris
1423 3094 1600 3178 deportarat.
1622 3092 1657 3155 [ιι
1669 3112 1709 3152 eu
1721 3109 1765 3149 re

962 3213 996 3255 ro
1009 3190 1134 3276 qrraadio
1151 3212 1218 3253 enm
1228 3193 1325 3253 cistae
1335 3208 1454 3271 quoqne
1468 3184 1680 3265 adeujscima
1694 3182 1763 3241 mis-

963 3307 1017 3347 sae
1033 3287 1143 3347 mentio
1161 3283 1239 3346 laem
1254 3282 1371 3355 luisset,
1391 3302 1458 3343 crau
1474 3276 1712 3345 det'boroatino,
1725 3294 1765 3333 ea

962 3399 1040 3459 qnae
1059 3399 1149 3459 snpra
1168 3376 1443 3445 denorrxtraeimns,
1463 3368 1627 3436 Alexander
1638 3386 1715 3451 praa
1729 3386 1765 3427 so

964 3473 1091 3533 l'ercbat:
1117 3476 1180 3531 turn
1201 3472 1259 3531 nixi
1278 3491 1334 3551 pax
1354 3470 1471 3529 interint
1490 3464 1700 3533 coercuisset,
1730 3482 1766 3523 ne

963 3566 1081 3645 ingenio
1100 3586 1119 3625 a
1140 3565 1251 3625 :rostris
1270 3564 1405 3645 superati
1425 3560 1606 3631 riderentur,
1631 3560 1765 3619 uicissim

962 3682 998 3720 se
1017 3658 1078 3719 illis
1097 3664 1231 3718 trecenta
1249 3676 1340 3717 aurea
1363 3677 1451 3739 pam
1475 3656 1650 3735 objecturos
1673 3652 1766 3714 luisse

962 3754 1090 3815 dicebat.
1131 3751 1164 3811 ld
1183 3752 1261 3811 satis
1281 3750 1461 3832 apparebat,
1485 3747 1598 3809 uullarn
1623 3746 1688 3807 [οιο
1708 3766 1764 3805 ren

962 3848 1082 3925 aegrius
1103 3865 1156 3905 cos
1178 3844 1271 3903 lerre:
1292 3846 1417 3925 jamque
1436 3846 1507 3903 aulo
1526 3842 1699 3922 priusquam
1719 3858 1765 3919 pa·

961 3942 1007 4001 cis
1026 3938 1216 4001 conditiones
1229 3937 1452 4009 convenissent,
1471 3934 1626 4012 Hungarix
1644 3934 1767 4013 propius

962 4034 1000 4095 ad
1020 4052 1120 4095 muros
1141 4031 1374 4093 succedentibus
1392 4030 1580 4111 saepiusque
1606 4028 1709 4087 eislaxr
1733 4024 1764 4085 il·

960 4128 999 4188 tts
1019 4126 1265 4207 exprobrantibus
1282 4123 1359 4185 adeo
1381 4144 1418 4183 co
1438 4122 1621 4183 commoveri
1633 4124 1765 4179 setcsla

962 4223 1083 4282 bantur:
1113 4226 1146 4279 ut
1176 4238 1241 4277 enm
1270 4216 1359 4276 iidem
1389 4217 1419 4276 in
1450 4214 1571 4273 llnmiae
1600 4212 1703 4292 glacie
1719 4210 1763 4271 ad-

962 4316 1066 4375 stricto
1087 4312 1194 4373 cistam
1213 4308 1373 4391 aliquando
1395 4308 1455 4369 illis
1474 4308 1683 4389 objecissent:
1707 4324 1761 4363 rre-

960 4409 1022 4469 bris
1043 4410 1253 4467 tormentorum
1272 4404 1382 4465 ictibus
1401 4401 1512 4461 doloris
1537 4420 1578 4461 ao
1597 4396 1763 4461 iracundiae

960 4522 1035 4563 snae
1055 4500 1190 4561 dammas
1210 4500 1239 4559 iu
1260 4517 1324 4557 earn
1336 4494 1572 4579 ejacularentnr:
1591 4492 1703 4555 eaden
1721 4511 1765 4551 au·

959 4606 1019 4657 tem
1044 4593 1132 4657 modo
1159 4592 1344 4671 frequentius
1369 4586 1476 4649 deinde
1507 4584 1546 4647 ad
1574 4584 1766 4649 Zamoscimn

959 4688 1157 4751 uentitabant:
1177 4706 1196 4747 a
1215 4706 1273 4765 qun
1295 4706 1361 4745 cum
1381 4702 1499 4763 seraper
1519 4680 1654 4759 benigno
1680 4676 1766 4739 baleiti

959 4782 1104 4851 luissent,
1131 4800 1167 4841 ae
1193 4800 1262 4839 rere
1289 4778 1469 4859 captiuorum
1494 4773 1684 4855 quorundam
1702 4790 1765 4853 per-

960 4874 1161 4938 mutandorma
1188 4892 1282 4935 eausa
1306 4872 1336 4929 in
1356 4868 1535 4951 Procopium
1562 4866 1765 4927 Penoasciuxr

958 4976 1072 5032 turmae
1090 4965 1278 5031 Praefectum
1298 4962 1463 5025 courir-ium
1483 4968 1545 5022 tum
1563 4958 1646 5022 sorte
1660 4960 1765 5039 agitau·

959 5071 1020 5123 tem
1040 5061 1233 5123 incidissent:
1258 5060 1309 5139 qui
1333 5061 1423 5117 aulea
1448 5060 1638 5117 conmeatus
1666 5073 1705 5115 ao
1729 5052 1765 5111 rei

959 5156 1167 5220 liurecntariao
1201 5150 1372 5215 difficaltate
1408 5158 1562 5224 eoactum,
1597 5147 1682 5211 ultra
1717 5146 1763 5207 za-
