3742 5626
696 212 796 277 l’l'ER
815 210 858 275 ΙΝ
880 210 1149 276 mostomii.
1718 207 1777 271 3in

102 383 271 443 neccssaria
293 384 341 455 iis,
362 383 411 460 qni
432 387 530 440 tecum
552 386 632 452 srrrrt,
654 398 712 438 rron
727 374 904 438 defuissent.
967 381 1115 458 cepisset,
1140 376 1237 439 llerrm
1260 379 1401 457 optimum
1423 377 1577 436 maximum
1599 372 1679 437 elata
1699 393 1774 437 roes

101 471 351 554 Quandoquidem
371 492 442 533 pero
463 490 574 532 moram
595 471 644 534 bie
662 470 762 551 ligere,
782 468 905 533 acRus·
966 471 1090 552 primunr
1110 470 1291 553 adprecatus
1312 476 1369 530 est.
1411 469 1534 530 Gratias
1554 466 1608 530 tibi
1632 487 1702 549 ago,
1720 486 1771 529 no·

99 565 349 628 siaePatriareba
371 564 433 627 lieri
454 566 571 644 nequis,
591 583 695 625 omnes
715 571 745 625 te
766 564 906 636 minores,
966 583 1092 645 meoque
1113 572 1193 624 tunm
1221 570 1253 625 et
1278 565 1418 645 optimam
1445 558 1677 642 providentiam,
1705 581 1774 642 prn-

100 663 304 740 majoresqne,
337 658 419 731 Rex,
444 656 578 735 Regina,
611 656 755 738 Episcopi
775 656 906 715 intriversi
966 654 1234 737 deotissimnmque
1254 655 1411 716 eorrsilinm
1432 671 1621 734 summopere
1635 674 1770 727 vetamur,

100 761 195 827 orant,
216 751 477 831 obtestanturque,
497 759 531 810 ut
552 769 635 821 enm,
654 769 740 830 quem
761 747 838 821 Rea,
859 767 905 807 ee·
966 759 1124 832 propterca
1151 747 1230 830 quod
1256 746 1296 808 ad
1323 768 1379 809 nos
1411 749 1527 809 mittere
1561 744 1703 825 dignatus
1735 767 1769 809 es

99 847 215 925 torique
237 845 396 925 elegerint,
426 841 588 904 Maximum
616 842 791 903 Moscoviae
811 840 906 902 Patri·
965 840 1124 904 ltlaximum
1164 841 1367 904 Patriarcbam
1406 838 1768 921 constantinopolitannm

99 936 218 998 arebam
240 939 423 1007 constituas;
443 944 533 1017 atque
553 938 672 996 onnrino
686 942 853 1016 precantur,
873 940 907 993 ut

99 1028 188 1091 modo
209 1028 247 1090 ad
258 1027 519 1109 Metropolitanum
538 1027 707 1090 Ecclesiam
728 1028 829 1087 venire
846 1044 905 1086 non

99 1125 211 1204 pigeat,
232 1120 271 1184 ad
289 1122 415 1184 electum
439 1120 642 1184 Petriarcbam
669 1119 905 1189 renuntiandum,

99 1216 187 1296 cnjus
208 1213 317 1277 deinde
339 1214 417 1278 lama
437 1221 530 1275 toturn
558 1234 612 1296 per
637 1211 738 1274 orbern
760 1211 820 1274 late
841 1230 904 1293 per·

99 1307 199 1370 vadat.

176 1400 227 1464 Ad
248 1401 323 1462 baec
343 1399 570 1472 celeberrimus,
598 1398 806 1480 Maximosque
827 1397 904 1456 Con·

99 1495 383 1576 staretinopolitanns
405 1491 580 1554 Patrinrcba
601 1491 822 1553 oecumenicus
835 1488 904 1569 Epi·

99 1591 203 1670 scopis
223 1589 283 1649 illis
305 1583 463 1667 aSynodo
483 1583 592 1663 legatis
611 1602 789 1666 responsum
810 1578 904 1644 dedit

100 1682 159 1744 Dei
179 1683 392 1762 omnipotentis
417 1698 472 1761 per
497 1679 594 1740 omnia
620 1675 786 1750 benedieti,
816 1676 904 1755 cnjus

99 1793 174 1836 sane
195 1773 352 1836 consilinm
374 1782 436 1847 est,
462 1778 493 1832 et
512 1769 635 1832 Maximi
656 1769 750 1848 Regis
770 1767 901 1847 Magnae

99 1865 242 1942 Russiae,
263 1863 499 1935 Volodimeriae,
519 1862 713 1938 Moseoviae,
733 1869 824 1942 atque
843 1861 904 1919 uni·

99 1979 206 2021 versae
226 1960 356 2039 regionis
377 1955 633 2038 septentrionalis,
647 1963 708 2017 tum
718 1949 906 2015 venerandae

100 2052 236 2131 Reginae
255 2052 403 2114 Dominae
422 2048 554 2119 lreneis,
580 2069 636 2110 nec
662 2054 722 2111 non
740 2048 905 2129 Episcopo·

100 2165 174 2222 rum,
195 2154 226 2207 et
245 2143 361 2225 Synodi
381 2144 520 2205 voluntas
543 2141 709 2222 impleatur.

177 2237 264 2299 Turre
296 2258 366 2298 vero
403 2233 442 2297 ad
481 2233 673 2315 Metropolim
712 2235 905 2317 perreximus,

101 2350 226 2411 cumque
247 2350 352 2391 omrres
374 2350 392 2390 a
414 2330 532 2388 minimo
552 2347 649 2408 usqne
676 2325 715 2388 ad
740 2329 906 2396 maximum,

965 933 1208 1006 Oeeumenicum,
1228 954 1264 996 eo
1285 932 1403 1016 quidem
1423 933 1585 996 volurrtatis
1604 933 1769 1014 proposito,

963 1036 997 1090 ut
1015 1027 1122 1109 Regno
1141 1028 1210 1089 buic
1231 1036 1334 1089 nostro
1356 1025 1557 1090 Patriarebam
1578 1022 1767 1108 praeficeres.

964 1121 1081 1183 Rursus
1101 1123 1189 1182 etiam
1210 1123 1335 1184 marinio
1352 1119 1544 1183 patriarchae
1565 1122 1678 1200 gratias
1698 1121 1769 1199 egit,

963 1218 1060 1296 ipsum
1087 1216 1133 1276 sic
1159 1215 1324 1296 alloquens.
1365 1212 1489 1275 Gratias
1509 1211 1651 1294 plurimas
1671 1210 1768 1272 babeo

964 1309 1124 1369 sanctitati
1144 1306 1238 1380 Tune,
1255 1304 1576 1369 Domine’i’atriarcba
1597 1304 1766 1367 Constanti-

964 1401 1145 1483 nopolitane,
1166 1397 1246 1481 quod
1258 1399 1393 1479 Regnum
1410 1399 1469 1461 boc
1488 1406 1621 1459 nostrum
1635 1396 1768 1459 Russiae

962 1492 1129 1561 adveneris,
1149 1501 1238 1572 atque
1255 1491 1442 1555 Moscoviam
1462 1492 1632 1574 praesentia
1651 1496 1704 1551 trra
1720 1508 1768 1550 eo·

964 1587 1123 1648 honestare
1147 1585 1292 1658 volneris3
1326 1605 1404 1647 nnrre
1431 1583 1574 1659 obscero,
1600 1589 1635 1644 nt
1658 1580 1768 1644 Jobum

962 1679 1183 1762 Metropolitum
1210 1680 1303 1740 totius
1328 1677 1461 1740 Rusaiae
1491 1675 1699 1738 Patriarelraur
1724 1695 1768 1737 re·

962 1775 1093 1836 nunties.

1039 1864 1215 1928 Patriarcba
1235 1865 1284 1927 bis
1303 1863 1405 1927 verbis
1426 1862 1504 1942 Regi
1524 1859 1699 1946 respondit,
1726 1863 1768 1943 ip-

964 1978 1089 2040 sumque
1110 1962 1158 2020 aie
1177 1959 1284 2022 adstas
1312 1965 1371 2019 est.
1416 1955 1506 2018 Faxit
1531 1954 1618 2018 Deras
1639 1956 1769 2036 omnipo·

963 2061 1034 2115 tens
1053 2072 1108 2134 pro
1130 2053 1259 2123 intinita,
1278 2069 1402 2133 quares
1413 2069 1518 2111 omnes
1533 2046 1690 2128 gubernat,
1703 2065 1769 2128 pro·

964 2144 1107 2221 videntia,
1127 2152 1161 2206 ut
1180 2154 1233 2207 tua
1252 2142 1429 2226 impleantur
1439 2150 1518 2213 vota,
1535 2141 1691 2222 omniaque
1705 2158 1770 2221 pro·

966 2259 1055 2320 spere
1075 2236 1256 2312 suecedent3
1276 2257 1373 2318 neque
1393 2233 1515 2296 dubium
1532 2233 1620 2294 ullum
1630 2231 1702 2293 mibi
1712 2242 1771 2307 est,

966 2334 1036 2413 quin
1057 2331 1129 2403 boc,
1158 2329 1240 2412 qnod
1264 2337 1421 2410 tantopere
1441 2324 1524 2387 cordi
1545 2325 1656 2399 babes,
1683 2323 1770 2386 Deus

101 2423 184 2499 Rex,
215 2425 375 2506 Episcopi,
406 2421 522 2482 nobiles
544 2421 616 2495 viri,
647 2416 907 2483 Arabimandritae

101 2516 241 2591 Maximi,
271 2516 460 2594 universique
485 2511 628 2595 praelecti
649 2512 738 2574 anobis
759 2513 904 2574 occurris·

102 2618 186 2686 sent,
205 2607 326 2671 tandem
347 2609 500 2690 progressi
526 2603 565 2666 ad
586 2604 753 2669 Ecclesiam
775 2603 906 2689 pervarii-

103 2722 178 2779 mus,
198 2704 301 2763 mirum
321 2707 479 2762 servantes
499 2696 646 2769 ordinenr;
668 2707 698 2760 ct
710 2701 833 2783 primum
846 2698 907 2780 qni·

102 2793 170 2856 ‘itm
191 2794 336 2876 ¹⁴:liimlii
355 2793 446 2875 11811Ῑο
466 2794 572 2866 miii,
593 2800 653 2852 turn
672 2790 855 2871 Pitibiiii'i,
877 2798 908 2850 ei
965 2797 1204 2858 Mosconn‘ticum.
1245 2793 1401 2856 Dominiea
1421 2789 1470 2851 die
1497 2808 1602 2850 rursus
1627 2797 1773 2851 venerunt

966 2426 1176 2507 superomnia
1197 2421 1384 2493 benedictus,
1406 2420 1510 2481 esinne
1531 2416 1674 2500 perficiat.

1043 2517 1129 2579 'l'uue
1155 2515 1253 2577 solerte
1285 2514 1355 2577 data
1385 2512 1466 2574 illiue
1496 2509 1712 2587 discessimus,
1741 2520 1771 2572 et

966 2610 1085 2672 domum
1109 2612 1222 2671 reversi
1247 2628 1363 2670 sumus.
1403 2605 1517 2684 Quinta
1543 2602 1593 2666 die
1620 2604 1770 2684 suffragiis

966 2703 1139 2766 coinfirmata
1169 2701 1227 2763 luit
1258 2703 1366 2763 electio
1395 2697 1467 2761 Jobi
1505 2701 1534 2758 in
1566 2696 1770 2759 Patriarebam

101 2887 230 2950 Diaconi
250 2889 347 2948 sacris
358 2884 493 2946 vestibus
514 2880 624 2957 induti;
644 2904 807 2966 omnesque
827 2883 907 2945 lacta
965 2889 1126 2971 Episcopi,
1152 2895 1242 2968 atque
1262 2885 1380 2948 nubiles
1399 2885 1454 2945 viri
1474 2882 1562 2945 aulici
1589 2873 1687 2958 multi,
1712 2881 1771 2944 cla·

102 2980 281 3042 salutatione
299 2978 467 3039 Ecclesiam
488 2979 617 3055 ingressi
637 2997 751 3038 sumus.
779 2975 907 3038 Patriar·
966 2985 1148 3063 piissimique.

103 3074 159 3135 oba
186 3074 215 3132 in
242 3071 348 3133 throno
380 3067 533 3142 consedit3
574 3070 716 3152 Episcopi
746 3079 845 3132 annm
876 3071 906 3130 in
1042 3072 1117 3138 lnde
1136 3072 1262 3157 proiecti
1283 3092 1388 3135 omnes
1407 3091 1425 3133 a
1446 3072 1581 3142 minimo,
1613 3065 1769 3151 usquead

103 3165 288 3239 sanctuario,
318 3163 369 3223 nbi
396 3160 488 3225 sedes
509 3165 627 3243 positae
649 3171 748 3239 erant,
769 3165 905 3245 proprias
965 3170 1122 3231 maximum
1142 3168 1172 3227 in
1197 3165 1364 3229 Ecclesiam
1385 3166 1594 3238 convenimus,
1624 3168 1656 3223 et
1674 3159 1770 3225 Patri·

103 3258 213 3338 singuli
233 3264 431 3338 occuparunt,
463 3262 552 3336 atque
578 3275 723 3316 unacum
744 3257 907 3340 Episcopis
965 3261 1055 3323 araba
1084 3257 1204 3342 quidem
1232 3255 1420 3339 praegrande
1449 3256 1594 3339 pulpitum
1622 3251 1771 3327 aseendit,

102 3350 182 3412 sedit
207 3348 482 3412 Mouembasiensis
502 3348 696 3431 Metropolita
717 3348 907 3422 llierotbens,
966 3353 1046 3437 quod
1068 3356 1097 3415 in
1118 3349 1216 3413 medio
1236 3349 1394 3413 Ecclesiae
1416 3358 1520 3412 conatu
1544 3348 1639 3411 altare
1658 3355 1771 3411 statue·

103 3452 133 3503 et
154 3463 211 3521 ego
231 3445 342 3525 pariter
355 3441 634 3503 bumilisArsenius
650 3441 907 3524 ElassonisEpis·
967 3456 1051 3524 inne,
1081 3442 1240 3508 duodecim
1271 3440 1415 3523 gradibus
1447 3440 1557 3505 decore
1585 3441 1699 3505 ornatis
1729 3437 1771 3501 di·

103 3553 198 3616 copns
218 3553 254 3593 ex
274 3532 401 3595 Rellade
422 3533 584 3615 proiectus.
969 3543 1121 3603 stinctum.
1153 3541 1182 3600 A
1203 3538 1373 3599 summitate
1392 3534 1460 3597 solii
1480 3555 1576 3617 usqne
1595 3530 1771 3599 adsacrum

179 3624 293 3687 lbidem
317 3633 415 3686 autem
435 3645 492 3685 nos
512 3625 676 3686 secundum
697 3624 830 3686 ordinem
846 3635 908 3686 tres
967 3634 1062 3696 altare
1094 3627 1311 3692 extendebatur
1341 3628 1478 3689 villosum
1512 3630 1657 3700 sericum,
1691 3624 1771 3706 quod

103 3722 274 3804 Episcopus
296 3718 449 3797 elegimus,
469 3725 501 3778 nt
521 3738 621 3779 eornm
643 3738 720 3778 unus
733 3717 908 3778 Patriorcbn
968 3745 1050 3799 suro,
1071 3731 1102 3785 et
1121 3725 1216 3800 nigro,
1236 3725 1386 3791 coccineo,
1408 3718 1707 3800 caeruleo‚rarioqne
1723 3738 1771 3780 eo·

105 3816 281 3894 eligeretur,
307 3810 476 3891 singulique
496 3812 640 3893 Episcopi
662 3830 768 3871 nomen
788 3810 909 3892 propria
968 3820 1030 3879 iore
1059 3823 1228 3876 contextum
1254 3822 1327 3876 erat
1367 3808 1467 3874 Sedes
1499 3830 1618 3894 quoqne
1649 3819 1772 3893 paratae

105 3925 193 3991 manu
212 3908 405 3986 scripserunt,
426 3901 505 3984 quod
525 3907 603 3986 ipsis
621 3906 718 3967 risum
739 3911 797 3964 est
968 3917 1068 3985 erant,
1098 3906 1207 3988 quibus
1241 3904 1430 3980 Patrinreba,
1462 3911 1564 3987 atque·
1593 3899 1771 3964 Theodorus

184 3997 302 4061 D‘iiidi!
323 4000 519 4069 surreximus,
550 4006 641 4077 atque
667 3995 735 4056 bine
761 3996 909 4057 abstitit!
967 4002 1099 4081 Magnae
1119 3999 1251 4062 Russiae
1271 3997 1337 4060 Rea
1357 3994 1543 4072 assiderent,
1561 4004 1623 4057 tum
1644 3994 1721 4058 aliae
1741 3999 1771 4058 in

106 4093 145 4156 ad
162 4091 364 4155 l’atriarcbam
384 4092 529 4163 verrimus,
550 4092 674 4171 ejusque
695 4089 779 4151 lateri
801 4086 909 4150 adbae·
968 4094 1112 4177 gradibus
1143 4100 1226 4153 recto
1262 4088 1365 4155 ordine
1405 4088 1571 4173 dispositae
1609 4088 1771 4173 Episcopis

105 4189 210 4247 simus.
241 4184 398 4263 erumque
418 4183 483 4245 Rex
503 4203 557 4263 per
576 4185 696 4243 nuntios
717 4181 910 4258 advocasset,
968 4187 1116 4251 omnibns.
1157 4183 1202 4247 lbi
1223 4182 1396 4247 Patriarclrs
1411 4181 1554 4245 uestibus
1573 4201 1700 4263 magnas
1716 4183 1771 4247 iic.

108 4280 188 4339 illiue
217 4297 283 4336 earm
315 4276 490 4337 Patriareba
521 4273 714 4337 discedentes
750 4278 779 4335 in
811 4275 909 4337 aulam
938 4270 941 4309 ¹
968 4282 1080 4344 etesiae
1101 4276 1221 4340 indutus
1244 4286 1301 4348 eet,
1322 4284 1535 4360 acceptamque
1558 4275 1772 4360 pulcerrimum,

107 4371 300 4452 perreximus,
319 4369 371 4429 ubi
391 4367 430 4430 ad
449 4369 537 4429 limen
558 4388 653 4449 usque
673 4368 739 4430 Rex
758 4371 787 4429 in
807 4388 908 4428 occur·
968 4396 1006 4438 ,ς
1025 4373 1272 4456 pretiosissimam
1284 4372 1408 4443 mitram,
1428 4372 1519 4452 capiti
1536 4370 1694 4452 imposuit:
1715 4390 1771 4431 nos

107 4484 173 4526 snm
203 4466 300 4537 venit,
329 4469 512 4543 acceptaque
544 4481 561 4520 n
587 4460 763 4524 Patriarcbn
788 4459 909 4523 bmedi-
939 4528 941 4535 ,
967 4487 1039 4529 vein
1060 4467 1158 4526 carneti
1178 4466 1378 4525 sanmumium
1398 4464 1527 4542 ingressi
1546 4482 1651 4525 sacras
1671 4469 1773 4523 restes

108 4559 207 4620 ctione
220 4557 338 4637 cepitis,
357 4557 500 4634 pectoris,
521 4561 552 4615 et
562 4552 712 4629 dexterae,
733 4553 909 4616 altissimum
938 4546 942 4583 ¹
970 4559 1135 4634 induimus,
1164 4559 1332 4641 pariterque
1363 4558 1465 4617 mitras
1496 4555 1684 4637 praeclaras,
1713 4573 1772 4615 non

107 4651 214 4712 solium
235 4645 420 4722 conscendit,
441 4656 471 4709 et
484 4648 658 4709 Patriareba
678 4650 801 4729 propius
820 4645 911 4724 sedit,
971 4656 1055 4738 parvi
1075 4654 1163 4736 pretii
1190 4648 1278 4710 uobis
1303 4646 1429 4709 traditas
1455 4650 1545 4728 capiti
1568 4650 1774 4728 imposuimus.

108 4765 144 4807 re
165 4741 310 4823 deinceps
329 4738 531 4802 consederint
551 4741 694 4822 Episcopi
716 4760 838 4816 onim,
864 4760 912 4803 ce·
939 4780 942 4813 i
971 4746 1121 4810 vestrim
1148 4747 1190 4805 na
1216 4744 1316 4802 anteri
1343 4744 1475 4803 namon
1502 4736 1710 4816 muraenam,
1744 4749 1776 4802 ιι

109 4839 239 4915 serique,
259 4838 308 4916 qui
330 4832 470 4909 aderant,
491 4833 609 4895 nobiles
629 4835 699 4906 viri,
719 4844 809 4914 atqne
828 4854 911 4917 prae·
939 4862 943 4917 p
972 4839 1162 4909 Patrisrclia,
1196 4845 1286 4917 atque
1318 4832 1386 4896 Rex
1410 4835 1560 4916 propriam
1590 4841 1775 4914 occuparunt

111 4927 190 4989 lecti.
237 4929 323 4990 Terrae
349 4931 476 4989 surrexit
506 4926 624 4988 dii-inne
655 4925 828 4989 Patriarcbs
853 4947 912 4990 una
971 4932 1156 4998 subssllinm.

112 5040 178 5082 enm
200 5021 361 5085 Theodoro
381 5020 492 5101 niagno
519 5020 649 5082 nursiae
675 5019 775 5098 Roga,
801 5028 831 5081 rt
856 5019 913 5082 Pa·
941 5036 946 5119 i
1050 5024 1168 5088 interea
1201 5021 1285 5081 nissi
1316 5028 1386 5081 earn
1416 5014 1476 5079 ooo
1506 5017 1635 5080 Draconi
1665 5022 1774 5080 aetem

110 5114 238 5176 triarcba
259 5117 372 5177 eleetos
394 5114 472 5194 Regi
493 5113 635 5188 exhibuit,
654 5120 806 5174 uteorum
825 5134 913 5175 urnam
944 5184 946 5195 Ι
973 5119 1220 5206 praestantiores,
1239 5115 1384 5178 Leontino
1404 5130 1510 5193 nempe
1531 5109 1660 5191 Magnae
1671 5110 1774 5174 Eccle-

111 5205 245 5285 eligeret.
279 5206 344 5273 Rex
364 5228 435 5271 pere
455 5207 570 5270 eleetos
591 5226 657 5268 cum
677 5216 848 5269 reverenter
866 5228 913 5271 ac·
944 5234 950 5300 i
975 5216 1040 5277 dae
1054 5210 1218 5283 iliaconns,
1238 5206 1372 5287 alterque
1383 5202 1537 5268 Diaconos
1547 5203 1676 5285 Magnae
1696 5203 1777 5268 Rus·
