3742 5626
119 176 159 237 to
676 172 915 239 illi-lb'lltlblll
936 174 1264 239 tttttttbtts'tsstn'tt

109 338 293 419 rstopborunr
319 338 503 419 Principem,
530 346 561 399 ut
585 338 696 399 auxilio
721 356 778 399 suo
804 336 925 399 Petroni
985 358 1022 399 ac
1046 340 1155 419 opibus
1181 340 1420 403 ilorentissiruuru
1447 342 1515 401 rolin
1541 340 1723 420 prouinciam
1744 339 1791 399 Li·

122 434 252 511 juearet,
283 432 398 493 litteras
423 432 519 501 arisit3
548 432 599 510 qui
626 448 694 491 cunr
719 430 786 492 alas
811 431 926 511 aliquot
986 432 1122 501 venian,
1159 444 1191 494 et
1222 452 1290 495 curn
1319 433 1388 496 aliis
1417 432 1698 515 opportunitatibus;
1731 444 1791 493 tun

119 526 252 605 equiturn
271 532 303 587 et
321 525 452 607 peditura
474 520 617 586 cobortes
639 522 796 605 Stephano
815 522 925 585 Balbo·
985 526 1075 585 raaris
1093 526 1259 587 mutuandis
1278 526 1447 589 adiacentes·
1468 526 1609 587 uictoriae
1629 524 1790 605 ptrue-iu·

120 638 172 679 reo
191 618 332 682 Andreae
352 619 452 679 fratris
471 618 531 677 lilio
545 616 631 677 Duce
650 616 760 677 auxilio
779 619 808 678 ei
827 618 926 677 nisis·
985 618 1057 697 peti.
1105 620 1152 681 lta
1176 630 1280 683 contra
1303 620 1439 682 lllosoun
1467 628 1645 699 susceptum
1672 616 1790 687 bellun,

119 716 185 785 sct;
215 711 354 773 Podcoea
377 710 556 772 Niuirovaar
581 708 757 771 Polonieun
782 709 924 793 oppidum
983 710 1134 790 simulque
1152 714 1233 773 utin
1252 710 1789 781 boaticoexercitusbabsretur,sci·

118 806 253 885 racipere
270 822 307 865 so
327 811 453 865 coaetus
472 804 501 863 in
522 802 637 864 Nicolai
650 802 796 865 Sieniarii
808 804 925 865 (lastel-
983 808 1055 873 tuat,
1075 806 1163 883 priori
1175 805 1339 867 intratinss
1347 802 1519 865 continendi
1539 804 1650 875 militis,
1668 826 1707 867 ac
1724 824 1788 885 pro·

118 898 178 959 laal
209 896 462 967 Canonecensia,
493 898 546 976 qui
579 897 718 958 tinitiarao
748 898 778 957 in
808 896 925 957 llussia
982 894 1123 976 pulsandi
1141 896 1238 959 bostis
1258 900 1374 959 ratione
1392 897 1568 959 domesticis
1583 896 1788 969 incommodis,

118 990 241 1052 militiae
264 998 417 1071 praeerat,
443 994 622 1070 potestatem
648 990 743 1051 venit:
768 991 924 1069 abeoquo
981 1008 1019 1049 ac
1039 991 1205 1071 superioris
1230 993 1342 1054 aetatis
1367 992 1516 1071 exemplis
1540 990 1677 1053 refutata.
1718 988 1785 1051 Pro

116 1082 156 1145 ad
174 1081 292 1163 Regem
313 1084 426 1145 nissum
448 1082 512 1143 sutt.
559 1083 727 1165 Postquam
745 1082 785 1147 ad
805 1084 923 1145 canitia
983 1082 1062 1143 aina
1081 1080 1153 1145 buio
1172 1084 1213 1145 do
1232 1086 1367 1164 pecuniis
1387 1085 1452 1145 luit.
1494 1082 1610 1145 Delseti
1630 1082 1786 1145 luenrale

117 1184 238 1241 ventam
259 1176 331 1253 luit,
362 1174 523 1256 primodie
544 1176 766 1239 rolonaisacro
786 1182 923 1257 peraeto;
982 1172 1098 1237 Senatu
1118 1178 1278 1257 pri-ores,
1303 1180 1354 1258 qui
1374 1184 1485 1257 quanto
1505 1178 1534 1237 in
1554 1176 1665 1239 belluru
1685 1176 1786 1247 nilitc,

114 1268 210 1331 altero
240 1268 280 1331 do
311 1268 479 1349 Republica
508 1269 658 1349 sigillatim
689 1270 729 1331 ds
759 1268 861 1333 Mosei
891 1276 923 1331 et
981 1274 1092 1347 quanto
1113 1270 1143 1329 ia
1164 1271 1283 1333 militen
1311 1271 1462 1353 stipendio
1482 1290 1560 1351 optus
1577 1276 1679 1341 esset,
1698 1268 1785 1349 dispi

115 1360 233 1425 taran
251 1364 368 1445 injuriis
391 1360 432 1425 od
451 1360 585 1425 Ordines
604 1362 674 1425 Rex
695 1363 768 1435 lert,
800 1362 921 1425 bellutn·
980 1368 1098 1435 carnut,
1123 1364 1232 1427 scitum
1259 1365 1398 1426 tributum
1425 1366 1457 1425 iu
1476 1364 1594 1441 singula
1606 1364 1718 1444 jugera
1737 1362 1784 1421 llo-

115 1476 175 1535 qne
194 1474 233 1517 ne
253 1476 322 1517 cunr
342 1454 406 1533 bis,
436 1460 489 1517 aut
513 1476 579 1517 cust
605 1462 670 1517 atro
697 1455 800 1517 bonr-
820 1456 921 1527 uelint,
980 1456 1043 1514 reni
1069 1458 1173 1519 uniust
1199 1457 1374 1519 cerevisiale
1399 1458 1471 1517 iteuu
1496 1456 1527 1515 iu
1553 1455 1672 1537 oppidis
1691 1460 1724 1515 et
1742 1476 1783 1516 ur·

115 1554 208 1628 rogat.
250 1548 327 1609 Cura
346 1548 454 1611 Mosco
472 1549 584 1610 bellum
599 1551 736 1633 jussura,
762 1570 827 1611 cura
848 1548 921 1611 'l'nr-
980 1547 1079 1621 bibus,
1098 1571 1158 1630 quo
1178 1550 1208 1609 in
1228 1549 1364 1627 singulas
1376 1556 1485 1611 tonnas
1506 1548 1565 1610 duo
1587 1547 1626 1609 do
1640 1548 1786 1625 sigosina

114 1648 178 1705 tero
197 1644 228 1703 in
246 1662 393 1724 praesens
418 1640 549 1703 dilston.
589 1642 648 1705 llic
673 1644 732 1705 sub
750 1643 919 1705 discessura
978 1644 1125 1723 cujnsque
1144 1644 1229 1721 pretii
1249 1662 1320 1725 pars
1339 1644 1515 1722 exigeretur.
1547 1640 1650 1723 iiajus
1668 1640 1701 1701 id
1721 1640 1786 1715 tuit,

113 1732 212 1815 {legis
229 1734 365 1811 ilenriei,
384 1734 502 1796 soliclta
520 1754 558 1797 ae
575 1736 606 1797 in
626 1736 920 1799 onniaalialnteata
977 1752 1066 1813 quarn
1102 1735 1195 1797 ulluru
1230 1734 1360 1799 antebac
1393 1737 1552 1815 quisquam
1583 1733 1784 1795 meminisset:

113 1826 284 1910 llepubllca
306 1828 384 1889 lines
409 1826 589 1900 incursaret,
618 1828 920 1911 populationibusque
977 1846 1160 1889 consensere
1184 1834 1283 1891 buron
1307 1848 1413 1889 omnes
1439 1832 1644 1911 praeterqua-
1676 1828 1783 1889 enco-

112 1942 151 1986 ac
171 1923 299 2003 rapinis,
323 1920 462 2002 omnique
487 1922 679 1983 lnrmauitatis
702 1941 812 2001 genere
832 1942 919 1985 roxa-
977 1921 1102 1998 niensis,
1120 1922 1388 1992 Saudornirierrsis,
1407 1932 1438 1981 et
1458 1918 1663 1982 Sieradiearis
1674 1918 1782 1981 Palati-

113 2022 174 2079 rotz
209 2014 379 2077 obsidionis
415 2012 609 2076 (ledunensis
644 2020 776 2095 ternpore
811 2034 919 2095 magna
977 2024 1097 2075 natuun
1127 2013 1249 2095 Legati:
1279 2013 1361 2096 quod
1390 2012 1469 2075 nulla
1498 2014 1566 2095 ejuur
1595 2012 1697 2073 tributi
1725 2014 1781 2073 sci·

113 2126 202 2173 nana
220 2106 303 2170 iacta
320 2106 451 2189 praedas
470 2114 587 2187 egerat:
607 2108 668 2169 illis
688 2108 765 2191 ipsis
778 2108 918 2169 Comitio·
975 2106 1083 2167 scendi
1112 2108 1250 2169 mandata
1280 2128 1316 2169 se
1345 2128 1365 2167 a
1396 2107 1463 2167 suis
1493 2103 1605 2167 babere
1637 2104 1781 2167 dicerent.

114 2222 178 2265 ιιιιιι
197 2201 323 2277 diebus,
343 2200 422 2263 larua
442 2202 624 2278 nuptiarum,
650 2222 727 2281 quas
748 2202 918 2263 Constanti·
975 2198 1122 2261 Noluerat
1146 2200 1314 2277 Nobilitas,
1342 2199 1390 2261 uel
1409 2198 1534 2273 bellum,
1564 2198 1612 2259 cel
1642 2198 1781 2259 tributu·

112 2314 171 2359 ans
191 2292 353 2373 Ostroglae
372 2294 444 2356 Dux
465 2294 621 2355 Palatinus
641 2294 832 2367 Kiovicasis,
851 2316 916 2377 pro·
975 2295 1123 2354 sciscere:
1150 2296 1210 2355 nisi
1228 2294 1268 2355 de
1282 2292 1407 2377 judiciis
1427 2292 1532 2363 siaul,
1557 2311 1635 2371 quoe
1649 2294 1715 2373 jan
1733 2290 1780 2351 Si·

110 2388 240 2469 pinqnae
269 2406 346 2449 susc
375 2386 520 2462 iaciebat,
549 2388 686 2463 excitus,
714 2388 744 2447 ln
770 2386 916 2449 Volinian
973 2385 1121 2466 gismundi
1140 2388 1269 2465 Augrrsti
1295 2386 1477 2467 tenporibus
1496 2384 1649 2465 postulare
1673 2405 1779 2466 coepe

110 2484 297 2543 exenneratt
321 2478 436 2541 Ducem
463 2476 625 2559 Ostrogice
649 2478 819 2541 obsederat
859 2480 917 2543 Pa·
974 2484 1035 2551 rat,
1065 2478 1096 2539 in
1121 2480 1299 2560 interregnis
1323 2484 1422 2541 auten
1453 2478 1523 2559 ipsa
1546 2478 1605 2539 sibi
1629 2484 1780 2549 unxerat,

110 2580 179 2637 cato
197 2572 327 2635 nauta
348 2568 538 2649 Gedanensi,
557 2574 732 2649 exereitum,
751 2594 839 2655 queat
858 2576 917 2635 sub
974 2570 1163 2654 perfecisset.
1184 2574 1360 2653 Antiquitas
1374 2592 1393 2633 a
1407 2570 1533 2655 judiciis
1551 2570 1780 2651 municipalibus

110 2666 237 2731 (iudano
262 2666 422 2741 babeant,
452 2666 483 2725 in
507 2664 652 2727 ltussian
678 2666 747 2727 Rea
774 2666 813 2729 ad
840 2666 916 2729 dnos
973 2666 1013 2727 sd
1038 2672 1203 2729 conventus
1221 2666 1455 2741 Palatinatuusr,
1479 2662 1518 2727 ad
1544 2684 1621 2744 quos
1640 2662 1780 2746 quodque

108 2759 238 2823 tuendos
256 2761 393 2821 niseratt
406 2762 530 2843 janque
549 2760 661 2839 aliquot
678 2764 793 2823 turnino
812 2764 842 2821 in
857 2760 915 2821 l’n·
973 2760 1161 2841 uunieipiunt
1180 2760 1354 2841 pertineret,
1385 2758 1455 2819 iudo
1473 2756 1514 2819 ad
1534 2756 1651 2835 Regem
1670 2758 1701 2817 in
1721 2758 1775 2815 Co-

109 2854 210 2917 tinta-
243 2861 454 2934 pervcnerant3
489 2872 611 2933 quorun
640 2854 813 2932 lupariam,
846 2874 912 2916 cura
974 2852 1053 2915 aritio
1086 2853 1258 2933 provocatio
1292 2858 1366 2913 erat.
1423 2852 1499 2913 cna
1531 2872 1552 2913 a
1583 2846 1777 2929 Sigismundn

108 2946 148 3011 do
172 2946 359 3009 'tartarorum
386 2947 567 3007 excursione
592 2966 689 3007 ruuor
708 2948 823 3007 interire
843 2948 912 3010 alla·
972 2948 1111 3025 Augusto
1136 2951 1255 3027 propter
1279 2948 1444 3027 teuujorern
1469 2943 1667 3006 valetudine·
1691 2944 1776 3003 intre·

108 3048 158 3103 tas
184 3044 285 3114 esset,
314 3038 423 3099 Joaunl
443 3038 608 3099 straseio
629 3038 765 3101 Palatino
794 3040 913 3103 Brasla-
972 3041 1112 3121 queatius
1126 3038 1242 3121 judicia
1260 3038 1448 3110 haberentur,
1468 3048 1501 3099 ut
1519 3058 1558 3099 sa
1578 3058 1635 3097 suo
1653 3056 1777 3115 corporo

107 3134 221 3207 ricasl,
245 3136 331 3193 extra
355 3130 488 3193 ordinent
514 3130 685 3194 tradiderat.
724 3130 774 3195 Ex
793 3134 833 3193 iis
852 3135 914 3212 qui·
973 3134 1157 3194 constituere
1181 3133 1241 3195 sibi
1261 3132 1384 3215 judices
1409 3132 1527 3202 liceret,
1551 3128 1698 3193 Nobilitas
1723 3150 1775 3207 pe-

106 3226 174 3289 du
195 3244 254 3287 uon
273 3224 363 3303 longo
382 3224 513 3287 'torcino
533 3226 563 3285 in
583 3244 688 3303 agneo
707 3224 855 3303 bostium,
880 3232 914 3288 ut
971 3227 1075 3289 tieret:
1111 3224 1240 3287 llestitit
1265 3228 1442 3305 Augustus,
1474 3224 1540 3285 dun
1569 3220 1653 3293 rixit;
1690 3218 1771 3279 uude

107 3320 239 3383 adventu
258 3320 409 3381 excrcitus
432 3317 562 3379 nondun
583 3320 711 3397 cognite,
731 3321 912 3383 incuriosius
971 3318 1022 3383 illa
1040 3340 1060 3381 ι
1078 3318 1166 3400 Rege
1185 3319 1217 3380 id
1234 3318 1410 3401 inpetrandi
1422 3338 1479 3397 spe
1495 3314 1620 3398 dejecta.
1637 3318 1774 3393 tempore

106 3412 235 3495 praedas
252 3412 413 3491 agentium,
432 3410 606 3483 inciderant,
625 3412 911 3493 praelioquesubito
970 3414 1128 3492 interregni
1153 3414 1323 3493 priusquam
1352 3414 1384 3473 ia
1408 3411 1524 3491 Rege·
1541 3406 1703 3469 llenrieuru
1722 3404 1774 3467 eli·

106 3512 260 3567 eoatraete
295 3506 468 3587 superiores
502 3502 723 3579 discesserant3
757 3506 838 3567 unde
870 3506 911 3567 de
969 3516 1069 3587 geret,
1096 3504 1269 3568 intonabas
1287 3504 1501 3585 huncquoque
1521 3502 1561 3563 de
1581 3500 1774 3565 translatione

104 3598 411 3683 appropinquantibus
421 3598 517 3680 copiis
530 3598 638 3659 certior
647 3596 790 3661 Tartarus
800 3598 909 3672 lactus,
964 3599 1143 3683 Judicionru
1167 3598 1366 3660 conditionem
1393 3596 1565 3667 attulerat,
1584 3596 1671 3673 isque
1689 3612 1774 3655 acce·

105 3714 173 3757 ean
204 3692 341 3755 delectos
370 3692 409 3753 ab
429 3692 563 3753 exercitu
593 3698 697 3755 contra
714 3692 908 3755 Zbarasciun
969 3700 1062 3776 perat.
1102 3692 1181 3755 l’ost
1204 3692 1374 3753 discessum
1394 3692 1482 3770 igitur
1499 3688 1637 3757 llsnrici,
1661 3684 1774 3747 Nobili·

103 3788 248 3863 nisirset,
272 3786 323 3865 qui
349 3802 389 3845 ca
407 3784 545 3845 instituto
562 3806 681 3861 eorum,
707 3787 778 3869 qaid
797 3789 909 3863 cirion,
968 3794 1017 3849 tas
1037 3786 1239 3868 persingulas
1251 3785 1447 3859 Palatinutua,
1467 3788 1499 3845 ut
1518 3782 1629 3862 cuique
1646 3782 1775 3841 maxine

103 3900 141 3943 ac
159 3881 250 3943 aniatl
269 3878 369 3939 beatis
386 3876 526 3949 baberet,
546 3878 747 3958 explorarent:
766 3883 851 3963 lique
869 3880 909 3943 ad
968 3878 1111 3962 expedire
1139 3880 1237 3939 visun
1264 3878 1376 3947 luerat,
1407 3896 1445 3937 ea
1474 3896 1532 3937 sue
1562 3872 1694 3945 Ordine,
1722 3874 1774 3953 qai

102 3974 273 4039 mutan
298 3974 329 4033 lu
350 3978 469 4033 nostros
488 3972 698 4035 incurrissentt
722 3972 839 4035 sortiter
857 3976 909 4035 im·
968 3994 1081 4037 musas
1099 3972 1310 4055 appellationis
1324 3970 1505 4054 judicarent,
1525 3968 1693 4047 delegeratt
1712 3986 1774 4045 qua

102 4078 175 4151 petu
196 4086 297 4129 eorara
316 4088 335 4127 a
355 4066 467 4127 nostris
487 4072 622 4147 excepto,
643 4088 712 4127 urox
732 4086 770 4127 se
788 4086 908 4147 recepe·
967 4088 1005 4129 ex
1024 4088 1058 4129 re
1076 4086 1153 4138 cun,
1172 4064 1253 4147 quod
1271 4068 1392 4127 evenire
1404 4084 1534 4125 necasse
1546 4068 1620 4133 erut,
1638 4078 1773 4139 nagan

101 4168 186 4223 rantt
206 4158 410 4241 'l'artarusque
428 4165 536 4241 pactus
556 4162 632 4221 inter
651 4168 752 4221 cetera
771 4181 791 4221 a
809 4160 907 4231 Duce,
968 4162 1096 4223 ιιιιιιὶιιιι
1128 4180 1224 4221 rorum
1254 4160 1504 4237 perturbatione·
1534 4154 1679 4233 consequi
1703 4150 1772 4213 Rea

102 4254 193 4317 atde
218 4251 393 4313 nuorendls
417 4272 437 4313 a
462 4252 572 4313 tinibus
589 4252 725 4313 Nisoriis
745 4254 825 4335 apud
846 4254 907 4315 lte·
966 4253 1228 4323 animadverteret,
1254 4252 1284 4311 ln
1310 4272 1403 4313 eausa
1422 4252 1541 4312 minime
1566 4247 1694 4327 anplius
1712 4246 1772 4307 sibi

101 4368 171 4427 gen
188 4346 352 4417 laboraret,
377 4364 501 4427 qaorunr
526 4344 680 4407 latrocinia
704 4346 800 4409 solam
827 4348 906 4409 bello
967 4350 1090 4427 integra,
1109 4366 1163 4428 pro
1177 4366 1210 4405 re
1225 4354 1295 4407 nats
1306 4347 1446 4426 optinum
1467 4352 1560 4411 ratus,
1579 4342 1607 4403 si
1625 4339 1666 4401 ad
1684 4358 1772 4399 aaa·

101 4458 225 4505 msam
256 4438 453 4509 obtendebat,
482 4444 667 4513 recesserat;
699 4442 730 4501 ln
759 4458 906 4523 praesens
966 4441 1121 4503 inmolare
1139 4440 1238 4501 onnia
1256 4444 1424 4509 auocaret,
1450 4438 1550 4497 sannt
1570 4434 1634 4495 bie:
1661 4438 1692 4493 ut
1712 4452 1771 4491 non

100 4544 200 4599 tanen
234 4532 311 4597 baec
349 4532 531 4594 dissimulari
566 4534 687 4614 placuit.
737 4532 787 4596 Ex
817 4534 907 4597 besto
964 4556 1019 4616 per
1046 4532 1184 4612 singalas
1212 4530 1397 4593 Palatiaatus
1423 4530 1536 4613 judicia
1572 4524 1773 4589 haberentur?

100 4634 180 4695 enirn
205 4632 296 4713 lnepe
319 4632 351 4689 at
376 4644 451 4705 rago
470 4646 628 4706 quemnam
648 4646 828 4709 magnopere
848 4628 906 4689 lru·
963 4626 1021 4689 sed
1050 4627 1082 4687 iu
1109 4623 1238 4703 singulis
1266 4624 1484 4687 Palatiaatibus
1512 4622 1675 4703 majoribus
1698 4618 1772 4691 bini,

100 4732 178 4787 ctarn
196 4722 367 4803 expectari?
394 4720 472 4781 curn
496 4739 578 4782 anna
597 4722 699 4802 potius
718 4720 847 4784 'l'ureiea
865 4720 905 4783 sd
933 4732 937 4777 t
964 4720 1127 4781 minoribus
1145 4716 1324 4799 quibusdan
1343 4718 1454 4797 singuli
1472 4738 1491 4777 e
1503 4715 1669 4777 Nobilitate
1688 4724 1771 4793 quot·

99 4820 198 4899 ipsius
229 4816 355 4899 injurias
387 4820 630 4895 provocarentur:
663 4814 715 4895 qui
744 4814 841 4875 solun
872 4814 904 4875 ln
933 4812 937 4831 '
963 4814 1052 4877 annis
1076 4808 1204 4883 delecti,
1232 4812 1354 4892 primun
1378 4812 1498 4873 lllartini
1523 4807 1687 4888 usquead
1713 4804 1772 4869 Pa·

99 4930 158 4989 quo
184 4912 370 4979 insisterent,
394 4928 499 4982 snum3
525 4909 612 4989 ipsos
638 4906 810 4969 bduciarios
835 4928 904 4989 pos-
962 4907 1089 4971 sebatos
1098 4904 1244 4969 Poloniao
1263 4909 1385 4991 majoris
1397 4904 1553 4967 Nobilitati
1571 4898 1773 4973 Petricorisc,

98 5020 241 5063 sessores
266 5022 339 5063 csse
364 5000 487 5064 diceret.
527 5000 576 5065 Ex
597 4998 704 5063 Mosen
728 5020 788 5079 quo
808 5003 904 5085 major
931 5000 936 5075 i
962 5001 1084 5063 ninoris
1102 4998 1212 5061 deindo
1232 4998 1440 5061 aPasebatos
1459 5018 1557 5075 nsque
1574 4993 1615 5055 ad
1635 5012 1771 5055 nesam

97 5096 165 5179 ejas
190 5096 342 5177 poteritine
367 5096 461 5171 lana,
491 5116 530 5155 ee
557 5096 697 5179 majorem
725 5094 845 5173 glorian
872 5096 903 5157 in
931 5106 935 5171 ζ
962 5094 1097 5165 laubiini,
1111 5094 1164 5177 jus
1185 5093 1335 5167 dicerent,
1354 5094 1454 5172 itaque
1474 5091 1570 5151 oretria
1591 5088 1771 5168 privatam·

97 5208 260 5271 praesens.
287 5208 394 5249 nornen
421 5188 460 5250 ad
482 5194 619 5267 posteras
639 5189 752 5269 prararic
778 5190 902 5252 urbibus
931 5182 934 5205 ²
962 5208 1055 5250 reru-
1079 5184 1192 5265 judicia
1217 5206 1313 5267 penes
1337 5186 1527 5249 Nobilitatera
1554 5182 1702 5265 deinceps
1724 5202 1772 5245 es·
