<?xml version="1.0" encoding="UTF-8"?>
<!DOCTYPE html PUBLIC "-//W3C//DTD XHTML 1.0 Transitional//EN"
    "http://www.w3.org/TR/xhtml1/DTD/xhtml1-transitional.dtd">
<html xmlns="http://www.w3.org/1999/xhtml" xml:lang="en" lang="en">
 <head>
  <title>
</title>
<meta http-equiv="Content-Type" content="text/html;charset=utf-8" />
  <meta name='ocr-system' content='tesseract 3.04.00' />
  <meta name='ocr-capabilities' content='ocr_page ocr_carea ocr_par ocr_line ocrx_word'/>
</head>
<body>
  <div class='ocr_page' id='page_1' title='image "./historiaeruthen00stargoog_0050.png"; bbox 0 0 3742 5626; ppageno 0'>
   <div class='ocr_carea' id='block_1_1' title="bbox 764 122 1723 193">
    <p class='ocr_par' dir='ltr' id='par_1_1' title="bbox 764 122 1723 193">
     <span class='ocr_line' id='line_1_1' title="bbox 764 122 1723 193; baseline 0.005 -5"><span class='ocrx_word' id='word_1_1' title='bbox 764 130 1032 193; x_wconf 77' lang='lat' dir='ltr'><strong>commearem.</strong></span> <span class='ocrx_word' id='word_1_2' title='bbox 1683 122 1723 193; x_wconf 83' lang='lat' dir='ltr'><strong>att</strong></span> 
     </span>
    </p>
   </div>
   <div class='ocr_carea' id='block_1_2' title="bbox 58 282 1721 1395">
    <p class='ocr_par' dir='ltr' id='par_1_2' title="bbox 59 282 1718 453">
     <span class='ocr_line' id='line_1_2' title="bbox 60 282 1718 369; baseline -0.001 -16"><span class='ocrx_word' id='word_1_3' title='bbox 60 310 133 353; x_wconf 83' lang='lat' dir='ltr'><strong>roco</strong></span> <span class='ocrx_word' id='word_1_4' title='bbox 152 290 320 353; x_wconf 81' lang='lat' dir='ltr'><strong>recitantur.</strong></span> <span class='ocrx_word' id='word_1_5' title='bbox 362 290 393 348; x_wconf 92' lang='lat' dir='ltr'><strong>in</strong></span> <span class='ocrx_word' id='word_1_6' title='bbox 418 288 515 369; x_wconf 90' lang='lat' dir='ltr'><strong>priore</strong></span> <span class='ocrx_word' id='word_1_7' title='bbox 542 306 609 347; x_wconf 80' lang='lat' dir='ltr'><strong>mea</strong></span> <span class='ocrx_word' id='word_1_8' title='bbox 627 284 791 365; x_wconf 78' lang='lat' dir='ltr'><strong>legatione,</strong></span> <span class='ocrx_word' id='word_1_9' title='bbox 812 306 861 346; x_wconf 89' lang='lat' dir='ltr'><strong>eo·</strong></span> <span class='ocrx_word' id='word_1_10' title='bbox 920 284 999 343; x_wconf 87' lang='lat' dir='ltr'><strong>omui</strong></span> <span class='ocrx_word' id='word_1_11' title='bbox 1018 282 1200 358; x_wconf 88' lang='lat' dir='ltr'><strong>liberalitato,</strong></span> <span class='ocrx_word' id='word_1_12' title='bbox 1221 306 1277 348; x_wconf 89' lang='lat' dir='ltr'><strong>seu</strong></span> <span class='ocrx_word' id='word_1_13' title='bbox 1296 284 1465 348; x_wconf 86' lang='lat' dir='ltr'><strong>donationis</strong></span> <span class='ocrx_word' id='word_1_14' title='bbox 1484 306 1594 367; x_wconf 88' lang='lat' dir='ltr'><strong>genero</strong></span> <span class='ocrx_word' id='word_1_15' title='bbox 1618 291 1718 352; x_wconf 87' lang='lat' dir='ltr'><strong>obser·</strong></span> 
     </span>
     <span class='ocr_line' id='line_1_3' title="bbox 59 376 1094 453; baseline -0.006 -8"><span class='ocrx_word' id='word_1_16' title='bbox 59 385 127 445; x_wconf 90' lang='lat' dir='ltr'><strong>dom</strong></span> <span class='ocrx_word' id='word_1_17' title='bbox 148 385 227 446; x_wconf 79' lang='lat' dir='ltr'><strong>testo</strong></span> <span class='ocrx_word' id='word_1_18' title='bbox 247 382 306 453; x_wconf 85' lang='lat' dir='ltr'><strong>die,</strong></span> <span class='ocrx_word' id='word_1_19' title='bbox 325 381 400 442; x_wconf 86' lang='lat' dir='ltr'><strong>ultra</strong></span> <span class='ocrx_word' id='word_1_20' title='bbox 419 387 534 441; x_wconf 75' lang='lat' dir='ltr'><strong>centu·</strong></span> <span class='ocrx_word' id='word_1_21' title='bbox 556 379 692 441; x_wconf 86' lang='lat' dir='ltr'><strong>homines</strong></span> <span class='ocrx_word' id='word_1_22' title='bbox 719 382 748 440; x_wconf 89' lang='lat' dir='ltr'><strong>in</strong></span> <span class='ocrx_word' id='word_1_23' title='bbox 778 381 861 440; x_wconf 86' lang='lat' dir='ltr'><strong>lossa</strong></span> <span class='ocrx_word' id='word_1_24' title='bbox 920 396 990 437; x_wconf 85' lang='lat' dir='ltr'><strong>varo</strong></span> <span class='ocrx_word' id='word_1_25' title='bbox 1008 376 1094 440; x_wconf 89' lang='lat' dir='ltr'><strong>solet.</strong></span> 
     </span>
    </p>

    <p class='ocr_par' dir='ltr' id='par_1_3' title="bbox 58 470 1721 1395">
     <span class='ocr_line' id='line_1_4' title="bbox 58 470 1718 555; baseline -0.002 -16"><span class='ocrx_word' id='word_1_26' title='bbox 58 480 137 540; x_wconf 90' lang='lat' dir='ltr'><strong>arcis</strong></span> <span class='ocrx_word' id='word_1_27' title='bbox 168 480 338 540; x_wconf 75' lang='lat' dir='ltr'><strong>laborantes</strong></span> <span class='ocrx_word' id='word_1_28' title='bbox 369 474 443 535; x_wconf 83' lang='lat' dir='ltr'><strong>ridi:</strong></span> <span class='ocrx_word' id='word_1_29' title='bbox 474 474 555 555; x_wconf 89' lang='lat' dir='ltr'><strong>quod</strong></span> <span class='ocrx_word' id='word_1_30' title='bbox 586 474 683 535; x_wconf 85' lang='lat' dir='ltr'><strong>feriari</strong></span> <span class='ocrx_word' id='word_1_31' title='bbox 715 495 772 534; x_wconf 92' lang='lat' dir='ltr'><strong>non</strong></span> <span class='ocrx_word' id='word_1_32' title='bbox 803 474 861 534; x_wconf 87' lang='lat' dir='ltr'><strong>nisi</strong></span> <span class='ocrx_word' id='word_1_33' title='bbox 995 470 1212 533; x_wconf 79' lang='lat' dir='ltr'>Matrimonium</span> <span class='ocrx_word' id='word_1_34' title='bbox 1240 474 1280 534; x_wconf 89' lang='lat' dir='ltr'><strong>ita</strong></span> <span class='ocrx_word' id='word_1_35' title='bbox 1307 473 1497 544; x_wconf 84' lang='lat' dir='ltr'><strong>contrahunt,</strong></span> <span class='ocrx_word' id='word_1_36' title='bbox 1526 478 1557 533; x_wconf 89' lang='lat' dir='ltr'><strong>ut</strong></span> <span class='ocrx_word' id='word_1_37' title='bbox 1586 480 1718 555; x_wconf 87' lang='lat' dir='ltr'><strong>quartum</strong></span> 
     </span>
     <span class='ocr_line' id='line_1_5' title="bbox 60 562 1718 652; baseline -0.001 -22"><span class='ocrx_word' id='word_1_38' title='bbox 60 571 217 652; x_wconf 78' lang='lat' dir='ltr'><strong>Principes</strong></span> <span class='ocrx_word' id='word_1_39' title='bbox 238 590 273 632; x_wconf 89' lang='lat' dir='ltr'><strong>ac</strong></span> <span class='ocrx_word' id='word_1_40' title='bbox 293 568 402 652; x_wconf 85' lang='lat' dir='ltr'><strong>Bajari,</strong></span> <span class='ocrx_word' id='word_1_41' title='bbox 423 574 455 627; x_wconf 91' lang='lat' dir='ltr'><strong>ut</strong></span> <span class='ocrx_word' id='word_1_42' title='bbox 474 567 550 628; x_wconf 82' lang='lat' dir='ltr'><strong>inira</strong></span> <span class='ocrx_word' id='word_1_43' title='bbox 569 567 713 639; x_wconf 84' lang='lat' dir='ltr'><strong>dicemus,</strong></span> <span class='ocrx_word' id='word_1_44' title='bbox 733 568 838 628; x_wconf 90' lang='lat' dir='ltr'><strong>soient.</strong></span> <span class='ocrx_word' id='word_1_45' title='bbox 919 562 1038 639; x_wconf 54' lang='lat' dir='ltr'><strong>madum</strong></span> <span class='ocrx_word' id='word_1_46' title='bbox 1060 566 1325 643; x_wconf 77' lang='lat' dir='ltr'><strong>consanguinitatis</strong></span> <span class='ocrx_word' id='word_1_47' title='bbox 1344 572 1395 627; x_wconf 90' lang='lat' dir='ltr'><strong>aut</strong></span> <span class='ocrx_word' id='word_1_48' title='bbox 1412 566 1563 628; x_wconf 88' lang='lat' dir='ltr'><strong>allinitatis</strong></span> <span class='ocrx_word' id='word_1_49' title='bbox 1582 587 1639 627; x_wconf 92' lang='lat' dir='ltr'><strong>non</strong></span> <span class='ocrx_word' id='word_1_50' title='bbox 1651 588 1718 629; x_wconf 90' lang='lat' dir='ltr'><strong>con·</strong></span> 
     </span>
     <span class='ocr_line' id='line_1_6' title="bbox 919 658 1718 739; baseline 0.006 -22"><span class='ocrx_word' id='word_1_51' title='bbox 919 658 1042 735; x_wconf 87' lang='lat' dir='ltr'><strong>tingant.</strong></span> <span class='ocrx_word' id='word_1_52' title='bbox 1082 659 1268 719; x_wconf 81' lang='lat' dir='ltr'><strong>Haereticam</strong></span> <span class='ocrx_word' id='word_1_53' title='bbox 1289 666 1402 739; x_wconf 87' lang='lat' dir='ltr'><strong>putant,</strong></span> <span class='ocrx_word' id='word_1_54' title='bbox 1422 680 1582 738; x_wconf 87' lang='lat' dir='ltr'><strong>germanos</strong></span> <span class='ocrx_word' id='word_1_55' title='bbox 1603 661 1718 729; x_wconf 83' lang='lat' dir='ltr'><strong>iratres,</strong></span> 
     </span>
     <span class='ocr_line' id='line_1_7' title="bbox 919 750 1718 829; baseline 0.01 -20"><span class='ocrx_word' id='word_1_56' title='bbox 919 770 1075 829; x_wconf 86' lang='lat' dir='ltr'><strong>germanas</strong></span> <span class='ocrx_word' id='word_1_57' title='bbox 1096 750 1205 810; x_wconf 90' lang='lat' dir='ltr'><strong>ducere</strong></span> <span class='ocrx_word' id='word_1_58' title='bbox 1224 772 1351 811; x_wconf 87' lang='lat' dir='ltr'><strong>sorores.</strong></span> <span class='ocrx_word' id='word_1_59' title='bbox 1392 755 1477 824; x_wconf 90' lang='lat' dir='ltr'><strong>item,</strong></span> <span class='ocrx_word' id='word_1_60' title='bbox 1503 774 1588 813; x_wconf 87' lang='lat' dir='ltr'><strong>nemo</strong></span> <span class='ocrx_word' id='word_1_61' title='bbox 1609 757 1657 815; x_wconf 89' lang='lat' dir='ltr'><strong>sui</strong></span> <span class='ocrx_word' id='word_1_62' title='bbox 1676 754 1718 817; x_wconf 78' lang='lat' dir='ltr'><strong>ai-</strong></span> 
     </span>
     <span class='ocr_line' id='line_1_8' title="bbox 920 842 1719 909; baseline 0.01 -7"><span class='ocrx_word' id='word_1_63' title='bbox 920 842 988 902; x_wconf 82' lang='lat' dir='ltr'><strong>finis</strong></span> <span class='ocrx_word' id='word_1_64' title='bbox 1008 864 1138 905; x_wconf 89' lang='lat' dir='ltr'><strong>sororem</strong></span> <span class='ocrx_word' id='word_1_65' title='bbox 1159 843 1268 903; x_wconf 90' lang='lat' dir='ltr'><strong>ducere</strong></span> <span class='ocrx_word' id='word_1_66' title='bbox 1288 846 1448 906; x_wconf 83' lang='lat' dir='ltr'><strong>inuxorem</strong></span> <span class='ocrx_word' id='word_1_67' title='bbox 1467 846 1565 907; x_wconf 91' lang='lat' dir='ltr'><strong>audet.</strong></span> <span class='ocrx_word' id='word_1_68' title='bbox 1607 846 1719 909; x_wconf 87' lang='lat' dir='ltr'><strong>Obser-</strong></span> 
     </span>
     <span class='ocr_line' id='line_1_9' title="bbox 919 938 1719 1009; baseline 0.01 -15"><span class='ocrx_word' id='word_1_69' title='bbox 919 946 989 996; x_wconf 80' lang='lat' dir='ltr'><strong>rant</strong></span> <span class='ocrx_word' id='word_1_70' title='bbox 1009 941 1096 998; x_wconf 90' lang='lat' dir='ltr'><strong>etiam</strong></span> <span class='ocrx_word' id='word_1_71' title='bbox 1116 939 1324 1009; x_wconf 84' lang='lat' dir='ltr'><strong>severissime,</strong></span> <span class='ocrx_word' id='word_1_72' title='bbox 1352 959 1389 997; x_wconf 92' lang='lat' dir='ltr'><strong>nc</strong></span> <span class='ocrx_word' id='word_1_73' title='bbox 1415 938 1444 998; x_wconf 84' lang='lat' dir='ltr'><strong>iri</strong></span> <span class='ocrx_word' id='word_1_74' title='bbox 1471 941 1649 1001; x_wconf 90' lang='lat' dir='ltr'><strong>matrimonio</strong></span> <span class='ocrx_word' id='word_1_75' title='bbox 1670 942 1719 1003; x_wconf 93' lang='lat' dir='ltr'><strong>im·</strong></span> 
     </span>
     <span class='ocr_line' id='line_1_10' title="bbox 921 1030 1720 1117; baseline 0.013 -30"><span class='ocrx_word' id='word_1_76' title='bbox 921 1030 1076 1106; x_wconf 89' lang='lat' dir='ltr'><strong>plicentur,</strong></span> <span class='ocrx_word' id='word_1_77' title='bbox 1102 1032 1178 1090; x_wconf 90' lang='lat' dir='ltr'><strong>inter</strong></span> <span class='ocrx_word' id='word_1_78' title='bbox 1202 1050 1278 1112; x_wconf 86' lang='lat' dir='ltr'><strong>quos</strong></span> <span class='ocrx_word' id='word_1_79' title='bbox 1305 1031 1465 1110; x_wconf 88' lang='lat' dir='ltr'><strong>spiritualis</strong></span> <span class='ocrx_word' id='word_1_80' title='bbox 1490 1036 1624 1112; x_wconf 82' lang='lat' dir='ltr'><strong>cognatio</strong></span> <span class='ocrx_word' id='word_1_81' title='bbox 1649 1036 1720 1117; x_wconf 88' lang='lat' dir='ltr'><strong>bap-</strong></span> 
     </span>
     <span class='ocr_line' id='line_1_11' title="bbox 920 1122 1720 1203; baseline 0.014 -24"><span class='ocrx_word' id='word_1_82' title='bbox 920 1123 1048 1183; x_wconf 75' lang='lat' dir='ltr'><strong>tismatio</strong></span> <span class='ocrx_word' id='word_1_83' title='bbox 1074 1126 1256 1185; x_wconf 85' lang='lat' dir='ltr'><strong>intercessit.</strong></span> <span class='ocrx_word' id='word_1_84' title='bbox 1302 1122 1336 1183; x_wconf 80' lang='lat' dir='ltr'><strong>Si</strong></span> <span class='ocrx_word' id='word_1_85' title='bbox 1363 1125 1430 1203; x_wconf 91' lang='lat' dir='ltr'><strong>quis</strong></span> <span class='ocrx_word' id='word_1_86' title='bbox 1455 1124 1574 1187; x_wconf 89' lang='lat' dir='ltr'><strong>aiteram</strong></span> <span class='ocrx_word' id='word_1_87' title='bbox 1601 1149 1720 1190; x_wconf 81' lang='lat' dir='ltr'><strong>uxorem</strong></span> 
     </span>
     <span class='ocr_line' id='line_1_12' title="bbox 922 1214 1717 1301; baseline 0.01 -27"><span class='ocrx_word' id='word_1_88' title='bbox 922 1214 1016 1285; x_wconf 88' lang='lat' dir='ltr'><strong>ducit,</strong></span> <span class='ocrx_word' id='word_1_89' title='bbox 1042 1216 1139 1295; x_wconf 88' lang='lat' dir='ltr'><strong>sitque</strong></span> <span class='ocrx_word' id='word_1_90' title='bbox 1164 1218 1314 1297; x_wconf 89' lang='lat' dir='ltr'><strong>bigamus,</strong></span> <span class='ocrx_word' id='word_1_91' title='bbox 1340 1216 1507 1279; x_wconf 83' lang='lat' dir='ltr'><strong>correedunt</strong></span> <span class='ocrx_word' id='word_1_92' title='bbox 1533 1218 1563 1279; x_wconf 88' lang='lat' dir='ltr'><strong>id</strong></span> <span class='ocrx_word' id='word_1_93' title='bbox 1589 1220 1717 1301; x_wconf 90' lang='lat' dir='ltr'><strong>quidem,</strong></span> 
     </span>
     <span class='ocr_line' id='line_1_13' title="bbox 921 1305 1721 1395; baseline 0.013 -28"><span class='ocrx_word' id='word_1_94' title='bbox 921 1305 979 1367; x_wconf 87' lang='lat' dir='ltr'><strong>sed</strong></span> <span class='ocrx_word' id='word_1_95' title='bbox 1003 1307 1053 1367; x_wconf 85' lang='lat' dir='ltr'><strong>vix</strong></span> <span class='ocrx_word' id='word_1_96' title='bbox 1074 1308 1231 1387; x_wconf 84' lang='lat' dir='ltr'><strong>legitimum</strong></span> <span class='ocrx_word' id='word_1_97' title='bbox 1262 1312 1475 1372; x_wconf 82' lang='lat' dir='ltr'><strong>matrimonium</strong></span> <span class='ocrx_word' id='word_1_98' title='bbox 1507 1333 1578 1373; x_wconf 89' lang='lat' dir='ltr'><strong>esse</strong></span> <span class='ocrx_word' id='word_1_99' title='bbox 1608 1318 1721 1395; x_wconf 83' lang='lat' dir='ltr'><strong>putant.</strong></span> 
     </span>
    </p>
   </div>
   <div class='ocr_carea' id='block_1_3' title="bbox 146 885 774 1173">
    <p class='ocr_par' dir='ltr' id='par_1_4' title="bbox 146 885 774 1173">
     <span class='ocr_line' id='line_1_14' title="bbox 146 885 774 984; baseline -0.006 -1"><span class='ocrx_word' id='word_1_100' title='bbox 146 886 322 984; x_wconf 75' lang='lat' dir='ltr'><strong>iidi&#39;iil</strong></span> <span class='ocrx_word' id='word_1_101' title='bbox 365 885 774 983; x_wconf 74' lang='lat' dir='ltr'><strong>CONTitdiiiiNili</strong></span> 
     </span>
     <span class='ocr_line' id='line_1_15' title="bbox 248 1072 674 1173; baseline 0 -4"><span class='ocrx_word' id='word_1_102' title='bbox 248 1072 674 1173; x_wconf 77' lang='lat' dir='ltr'><strong>libibilliliiiiili.</strong></span> 
     </span>
    </p>
   </div>
   <div class='ocr_carea' id='block_1_4' title="bbox 138 1310 862 1390">
    <p class='ocr_par' dir='ltr' id='par_1_5' title="bbox 138 1310 862 1390">
     <span class='ocr_line' id='line_1_16' title="bbox 138 1310 862 1390; baseline -0.003 -20"><span class='ocrx_word' id='word_1_103' title='bbox 138 1311 332 1373; x_wconf 77' lang='lat' dir='ltr'><strong>inhonestum</strong></span> <span class='ocrx_word' id='word_1_104' title='bbox 359 1330 395 1371; x_wconf 89' lang='lat' dir='ltr'><strong>ac</strong></span> <span class='ocrx_word' id='word_1_105' title='bbox 414 1316 500 1390; x_wconf 88' lang='lat' dir='ltr'><strong>turpo</strong></span> <span class='ocrx_word' id='word_1_106' title='bbox 520 1316 568 1370; x_wconf 90' lang='lat' dir='ltr'><strong>est</strong></span> <span class='ocrx_word' id='word_1_107' title='bbox 586 1310 778 1379; x_wconf 89' lang='lat' dir='ltr'><strong>adolescenti,</strong></span> <span class='ocrx_word' id='word_1_108' title='bbox 804 1326 862 1370; x_wconf 89' lang='lat' dir='ltr'><strong>am-</strong></span> 
     </span>
    </p>
   </div>
   <div class='ocr_carea' id='block_1_5' title="bbox 36 1402 865 2694">
    <p class='ocr_par' dir='ltr' id='par_1_6' title="bbox 36 1402 865 2694">
     <span class='ocr_line' id='line_1_17' title="bbox 61 1402 861 1487; baseline -0.006 -22"><span class='ocrx_word' id='word_1_109' title='bbox 61 1406 125 1466; x_wconf 90' lang='lat' dir='ltr'><strong>bire</strong></span> <span class='ocrx_word' id='word_1_110' title='bbox 144 1405 288 1487; x_wconf 77' lang='lat' dir='ltr'><strong>pucilam,</strong></span> <span class='ocrx_word' id='word_1_111' title='bbox 314 1408 346 1463; x_wconf 90' lang='lat' dir='ltr'><strong>ut</strong></span> <span class='ocrx_word' id='word_1_112' title='bbox 372 1402 429 1461; x_wconf 90' lang='lat' dir='ltr'><strong>sibi</strong></span> <span class='ocrx_word' id='word_1_113' title='bbox 454 1404 482 1461; x_wconf 95' lang='lat' dir='ltr'><strong>in</strong></span> <span class='ocrx_word' id='word_1_114' title='bbox 511 1404 719 1463; x_wconf 83' lang='lat' dir='ltr'><strong>matrimonium</strong></span> <span class='ocrx_word' id='word_1_115' title='bbox 740 1402 861 1462; x_wconf 86' lang='lat' dir='ltr'><strong>locetur.</strong></span> 
     </span>
     <span class='ocr_line' id='line_1_18' title="bbox 63 1495 863 1578; baseline -0.004 -20"><span class='ocrx_word' id='word_1_116' title='bbox 63 1498 162 1559; x_wconf 87' lang='lat' dir='ltr'><strong>Patris</strong></span> <span class='ocrx_word' id='word_1_117' title='bbox 191 1503 253 1569; x_wconf 89' lang='lat' dir='ltr'><strong>est,</strong></span> <span class='ocrx_word' id='word_1_118' title='bbox 275 1500 415 1578; x_wconf 86' lang='lat' dir='ltr'><strong>juvenem</strong></span> <span class='ocrx_word' id='word_1_119' title='bbox 444 1495 569 1574; x_wconf 90' lang='lat' dir='ltr'><strong>alioqui,</strong></span> <span class='ocrx_word' id='word_1_120' title='bbox 601 1502 633 1556; x_wconf 90' lang='lat' dir='ltr'><strong>ut</strong></span> <span class='ocrx_word' id='word_1_121' title='bbox 662 1496 751 1557; x_wconf 87' lang='lat' dir='ltr'><strong>duent</strong></span> <span class='ocrx_word' id='word_1_122' title='bbox 775 1496 863 1555; x_wconf 76' lang='lat' dir='ltr'><strong>iniiam</strong></span> 
     </span>
     <span class='ocr_line' id='line_1_19' title="bbox 64 1588 862 1670; baseline -0.004 -20"><span class='ocrx_word' id='word_1_123' title='bbox 64 1611 161 1651; x_wconf 88' lang='lat' dir='ltr'><strong>suam.</strong></span> <span class='ocrx_word' id='word_1_124' title='bbox 199 1593 231 1650; x_wconf 95' lang='lat' dir='ltr'><strong>in</strong></span> <span class='ocrx_word' id='word_1_125' title='bbox 252 1589 328 1650; x_wconf 86' lang='lat' dir='ltr'><strong>baec</strong></span> <span class='ocrx_word' id='word_1_126' title='bbox 347 1594 442 1649; x_wconf 89' lang='lat' dir='ltr'><strong>autem</strong></span> <span class='ocrx_word' id='word_1_127' title='bbox 463 1590 553 1649; x_wconf 82' lang='lat' dir='ltr'><strong>verba</strong></span> <span class='ocrx_word' id='word_1_128' title='bbox 580 1590 743 1670; x_wconf 87' lang='lat' dir='ltr'><strong>pienrnquc</strong></span> <span class='ocrx_word' id='word_1_129' title='bbox 768 1588 862 1670; x_wconf 89' lang='lat' dir='ltr'><strong>prolo-</strong></span> 
     </span>
     <span class='ocr_line' id='line_1_20' title="bbox 63 1679 862 1762; baseline -0.004 -20"><span class='ocrx_word' id='word_1_130' title='bbox 63 1686 113 1762; x_wconf 92' lang='lat' dir='ltr'><strong>qui</strong></span> <span class='ocrx_word' id='word_1_131' title='bbox 133 1683 247 1743; x_wconf 83' lang='lat' dir='ltr'><strong>soient:</strong></span> <span class='ocrx_word' id='word_1_132' title='bbox 268 1683 341 1742; x_wconf 84' lang='lat' dir='ltr'><strong>Cum</strong></span> <span class='ocrx_word' id='word_1_133' title='bbox 362 1680 432 1740; x_wconf 84' lang='lat' dir='ltr'><strong>milri</strong></span> <span class='ocrx_word' id='word_1_134' title='bbox 451 1683 491 1742; x_wconf 91' lang='lat' dir='ltr'><strong>sit</strong></span> <span class='ocrx_word' id='word_1_135' title='bbox 511 1680 579 1752; x_wconf 86' lang='lat' dir='ltr'><strong>iiiia,</strong></span> <span class='ocrx_word' id='word_1_136' title='bbox 599 1682 705 1744; x_wconf 86' lang='lat' dir='ltr'><strong>veliem</strong></span> <span class='ocrx_word' id='word_1_137' title='bbox 726 1679 862 1760; x_wconf 83' lang='lat' dir='ltr'><strong>equidem</strong></span> 
     </span>
     <span class='ocr_line' id='line_1_21' title="bbox 61 1773 862 1854; baseline -0.002 -19"><span class='ocrx_word' id='word_1_138' title='bbox 61 1782 91 1836; x_wconf 90' lang='lat' dir='ltr'><strong>tc</strong></span> <span class='ocrx_word' id='word_1_139' title='bbox 112 1775 183 1834; x_wconf 86' lang='lat' dir='ltr'><strong>mibi</strong></span> <span class='ocrx_word' id='word_1_140' title='bbox 204 1794 351 1853; x_wconf 83' lang='lat' dir='ltr'><strong>generum.</strong></span> <span class='ocrx_word' id='word_1_141' title='bbox 380 1773 430 1835; x_wconf 86' lang='lat' dir='ltr'><strong>Ad</strong></span> <span class='ocrx_word' id='word_1_142' title='bbox 450 1794 526 1854; x_wconf 88' lang='lat' dir='ltr'><strong>quae</strong></span> <span class='ocrx_word' id='word_1_143' title='bbox 541 1776 678 1854; x_wconf 82' lang='lat' dir='ltr'><strong>juvenis:</strong></span> <span class='ocrx_word' id='word_1_144' title='bbox 700 1775 799 1845; x_wconf 91' lang='lat' dir='ltr'><strong>Simo,</strong></span> <span class='ocrx_word' id='word_1_145' title='bbox 820 1775 862 1833; x_wconf 91' lang='lat' dir='ltr'><strong>in·</strong></span> 
     </span>
     <span class='ocr_line' id='line_1_22' title="bbox 62 1868 863 1950; baseline -0.004 -22"><span class='ocrx_word' id='word_1_146' title='bbox 62 1870 133 1948; x_wconf 87' lang='lat' dir='ltr'><strong>quit,</strong></span> <span class='ocrx_word' id='word_1_147' title='bbox 154 1871 270 1950; x_wconf 86' lang='lat' dir='ltr'><strong>expetis</strong></span> <span class='ocrx_word' id='word_1_148' title='bbox 290 1889 440 1947; x_wconf 85' lang='lat' dir='ltr'><strong>generum,</strong></span> <span class='ocrx_word' id='word_1_149' title='bbox 461 1873 491 1927; x_wconf 89' lang='lat' dir='ltr'><strong>et</strong></span> <span class='ocrx_word' id='word_1_150' title='bbox 510 1868 561 1926; x_wconf 88' lang='lat' dir='ltr'><strong>tibi</strong></span> <span class='ocrx_word' id='word_1_151' title='bbox 580 1869 620 1928; x_wconf 88' lang='lat' dir='ltr'><strong>ita</strong></span> <span class='ocrx_word' id='word_1_152' title='bbox 641 1868 768 1939; x_wconf 80' lang='lat' dir='ltr'><strong>videtur,</strong></span> <span class='ocrx_word' id='word_1_153' title='bbox 795 1886 863 1927; x_wconf 90' lang='lat' dir='ltr'><strong>eon·</strong></span> 
     </span>
     <span class='ocr_line' id='line_1_23' title="bbox 36 1959 864 2044; baseline -0.004 -23"><span class='ocrx_word' id='word_1_154' title='bbox 36 1964 175 2022; x_wconf 77' lang='lat' dir='ltr'><strong>&#39;veniam</strong></span> <span class='ocrx_word' id='word_1_155' title='bbox 200 1968 341 2044; x_wconf 87' lang='lat' dir='ltr'><strong>parentes</strong></span> <span class='ocrx_word' id='word_1_156' title='bbox 368 1982 469 2031; x_wconf 88' lang='lat' dir='ltr'><strong>meos,</strong></span> <span class='ocrx_word' id='word_1_157' title='bbox 499 1967 529 2020; x_wconf 91' lang='lat' dir='ltr'><strong>ct</strong></span> <span class='ocrx_word' id='word_1_158' title='bbox 554 1960 592 2021; x_wconf 90' lang='lat' dir='ltr'><strong>de</strong></span> <span class='ocrx_word' id='word_1_159' title='bbox 617 1960 673 2022; x_wconf 86' lang='lat' dir='ltr'><strong>bae</strong></span> <span class='ocrx_word' id='word_1_160' title='bbox 699 1982 731 2022; x_wconf 91' lang='lat' dir='ltr'><strong>re</strong></span> <span class='ocrx_word' id='word_1_161' title='bbox 751 1959 790 2020; x_wconf 92' lang='lat' dir='ltr'><strong>ad</strong></span> <span class='ocrx_word' id='word_1_162' title='bbox 809 1978 864 2019; x_wconf 89' lang='lat' dir='ltr'><strong>eos</strong></span> 
     </span>
     <span class='ocr_line' id='line_1_24' title="bbox 60 2051 864 2136; baseline -0.006 -21"><span class='ocrx_word' id='word_1_163' title='bbox 60 2055 196 2116; x_wconf 79' lang='lat' dir='ltr'><strong>reseram.</strong></span> <span class='ocrx_word' id='word_1_164' title='bbox 236 2056 315 2116; x_wconf 86' lang='lat' dir='ltr'><strong>Ilein</strong></span> <span class='ocrx_word' id='word_1_165' title='bbox 341 2057 367 2115; x_wconf 91' lang='lat' dir='ltr'><strong>si</strong></span> <span class='ocrx_word' id='word_1_166' title='bbox 392 2060 532 2135; x_wconf 89' lang='lat' dir='ltr'><strong>parentes</strong></span> <span class='ocrx_word' id='word_1_167' title='bbox 553 2060 583 2114; x_wconf 88' lang='lat' dir='ltr'><strong>et</strong></span> <span class='ocrx_word' id='word_1_168' title='bbox 603 2055 725 2136; x_wconf 78' lang='lat' dir='ltr'><strong>proximi</strong></span> <span class='ocrx_word' id='word_1_169' title='bbox 745 2051 864 2115; x_wconf 77' lang='lat' dir='ltr'><strong>assensi</strong></span> 
     </span>
     <span class='ocr_line' id='line_1_25' title="bbox 62 2146 865 2230; baseline -0.005 -22"><span class='ocrx_word' id='word_1_170' title='bbox 62 2148 185 2208; x_wconf 81' lang='lat' dir='ltr'><strong>tuerint:</strong></span> <span class='ocrx_word' id='word_1_171' title='bbox 206 2149 392 2219; x_wconf 68' lang='lat' dir='ltr'><strong>conueniunt,</strong></span> <span class='ocrx_word' id='word_1_172' title='bbox 413 2147 500 2208; x_wconf 89' lang='lat' dir='ltr'><strong>etde</strong></span> <span class='ocrx_word' id='word_1_173' title='bbox 520 2146 663 2228; x_wconf 84' lang='lat' dir='ltr'><strong>hisquae</strong></span> <span class='ocrx_word' id='word_1_174' title='bbox 682 2154 767 2230; x_wconf 91' lang='lat' dir='ltr'><strong>pater</strong></span> <span class='ocrx_word' id='word_1_175' title='bbox 787 2146 865 2206; x_wconf 88' lang='lat' dir='ltr'><strong>tiliae</strong></span> 
     </span>
     <span class='ocr_line' id='line_1_26' title="bbox 61 2238 865 2312; baseline -0.001 -12"><span class='ocrx_word' id='word_1_176' title='bbox 61 2241 141 2302; x_wconf 90' lang='lat' dir='ltr'><strong>dotis</strong></span> <span class='ocrx_word' id='word_1_177' title='bbox 167 2243 283 2302; x_wconf 88' lang='lat' dir='ltr'><strong>nomino</strong></span> <span class='ocrx_word' id='word_1_178' title='bbox 314 2241 385 2302; x_wconf 86' lang='lat' dir='ltr'><strong>dare</strong></span> <span class='ocrx_word' id='word_1_179' title='bbox 410 2242 489 2312; x_wconf 86' lang='lat' dir='ltr'><strong>velit,</strong></span> <span class='ocrx_word' id='word_1_180' title='bbox 515 2244 652 2301; x_wconf 91' lang='lat' dir='ltr'><strong>tractant.</strong></span> <span class='ocrx_word' id='word_1_181' title='bbox 698 2240 769 2301; x_wconf 81' lang='lat' dir='ltr'><strong>Mon</strong></span> <span class='ocrx_word' id='word_1_182' title='bbox 795 2238 865 2300; x_wconf 88' lang='lat' dir='ltr'><strong>dote</strong></span> 
     </span>
     <span class='ocr_line' id='line_1_27' title="bbox 62 2335 865 2416; baseline -0.002 -21"><span class='ocrx_word' id='word_1_183' title='bbox 62 2337 237 2405; x_wconf 87' lang='lat' dir='ltr'><strong>constituta,</strong></span> <span class='ocrx_word' id='word_1_184' title='bbox 263 2336 373 2416; x_wconf 88' lang='lat' dir='ltr'><strong>nuptiis</strong></span> <span class='ocrx_word' id='word_1_185' title='bbox 400 2335 467 2395; x_wconf 89' lang='lat' dir='ltr'><strong>dies</strong></span> <span class='ocrx_word' id='word_1_186' title='bbox 492 2335 701 2416; x_wconf 87' lang='lat' dir='ltr'><strong>praescribitur</strong></span> <span class='ocrx_word' id='word_1_187' title='bbox 749 2335 865 2393; x_wconf 79' lang='lat' dir='ltr'><strong>Interea</strong></span> 
     </span>
     <span class='ocr_line' id='line_1_28' title="bbox 64 2428 863 2509; baseline -0.005 -21"><span class='ocrx_word' id='word_1_188' title='bbox 64 2430 208 2509; x_wconf 89' lang='lat' dir='ltr'><strong>temporis</strong></span> <span class='ocrx_word' id='word_1_189' title='bbox 234 2448 366 2508; x_wconf 83' lang='lat' dir='ltr'><strong>sponsus</strong></span> <span class='ocrx_word' id='word_1_190' title='bbox 396 2429 434 2490; x_wconf 90' lang='lat' dir='ltr'><strong>ad</strong></span> <span class='ocrx_word' id='word_1_191' title='bbox 459 2428 585 2489; x_wconf 86' lang='lat' dir='ltr'><strong>aedibus</strong></span> <span class='ocrx_word' id='word_1_192' title='bbox 609 2446 741 2507; x_wconf 86' lang='lat' dir='ltr'><strong>sponsae</strong></span> <span class='ocrx_word' id='word_1_193' title='bbox 767 2444 863 2504; x_wconf 88' lang='lat' dir='ltr'><strong>usque</strong></span> 
     </span>
     <span class='ocr_line' id='line_1_29' title="bbox 63 2496 862 2602; baseline -0.004 -21"><span class='ocrx_word' id='word_1_194' title='bbox 63 2521 139 2581; x_wconf 89' lang='lat' dir='ltr'><strong>adeo</strong></span> <span class='ocrx_word' id='word_1_195' title='bbox 159 2528 287 2591; x_wconf 88' lang='lat' dir='ltr'><strong>arcetur,</strong></span> <span class='ocrx_word' id='word_1_196' title='bbox 319 2528 352 2581; x_wconf 90' lang='lat' dir='ltr'><strong>ut</strong></span> <span class='ocrx_word' id='word_1_197' title='bbox 370 2524 397 2582; x_wconf 91' lang='lat' dir='ltr'><strong>si</strong></span> <span class='ocrx_word' id='word_1_198' title='bbox 418 2521 492 2583; x_wconf 83' lang='lat' dir='ltr'><strong>torto</strong></span> <span class='ocrx_word' id='word_1_199' title='bbox 513 2496 637 2602; x_wconf 69' lang='lat' dir='ltr'><strong>pdtierit,</strong></span> <span class='ocrx_word' id='word_1_200' title='bbox 672 2539 736 2579; x_wconf 93' lang='lat' dir='ltr'><strong>eam</strong></span> <span class='ocrx_word' id='word_1_201' title='bbox 756 2518 862 2579; x_wconf 87' lang='lat' dir='ltr'><strong>saltem</strong></span> 
     </span>
     <span class='ocr_line' id='line_1_30' title="bbox 62 2608 864 2694; baseline -0.005 -20"><span class='ocrx_word' id='word_1_202' title='bbox 62 2620 96 2674; x_wconf 88' lang='lat' dir='ltr'><strong>ut</strong></span> <span class='ocrx_word' id='word_1_203' title='bbox 115 2613 242 2684; x_wconf 82' lang='lat' dir='ltr'><strong>videret,</strong></span> <span class='ocrx_word' id='word_1_204' title='bbox 272 2619 334 2674; x_wconf 87' lang='lat' dir='ltr'><strong>turn</strong></span> <span class='ocrx_word' id='word_1_205' title='bbox 368 2621 505 2692; x_wconf 86' lang='lat' dir='ltr'><strong>parentes</strong></span> <span class='ocrx_word' id='word_1_206' title='bbox 537 2611 718 2694; x_wconf 82' lang='lat' dir='ltr'><strong>respondere</strong></span> <span class='ocrx_word' id='word_1_207' title='bbox 750 2608 864 2671; x_wconf 81' lang='lat' dir='ltr'><strong>soient:</strong></span> 
     </span>
    </p>
   </div>
   <div class='ocr_carea' id='block_1_6' title="bbox 920 1399 1721 2691">
    <p class='ocr_par' dir='ltr' id='par_1_7' title="bbox 920 1399 1721 2691">
     <span class='ocr_line' id='line_1_31' title="bbox 922 1399 1720 1482; baseline 0.009 -21"><span class='ocrx_word' id='word_1_208' title='bbox 922 1399 1052 1461; x_wconf 84' lang='lat' dir='ltr'><strong>Tertiam</strong></span> <span class='ocrx_word' id='word_1_209' title='bbox 1071 1421 1194 1462; x_wconf 85' lang='lat' dir='ltr'><strong>uxorem</strong></span> <span class='ocrx_word' id='word_1_210' title='bbox 1215 1400 1336 1474; x_wconf 88' lang='lat' dir='ltr'><strong>ducere,</strong></span> <span class='ocrx_word' id='word_1_211' title='bbox 1364 1406 1429 1464; x_wconf 88' lang='lat' dir='ltr'><strong>sine</strong></span> <span class='ocrx_word' id='word_1_212' title='bbox 1448 1406 1527 1482; x_wconf 78' lang='lat' dir='ltr'><strong>gravi</strong></span> <span class='ocrx_word' id='word_1_213' title='bbox 1549 1425 1641 1468; x_wconf 81' lang='lat' dir='ltr'><strong>causa</strong></span> <span class='ocrx_word' id='word_1_214' title='bbox 1662 1427 1720 1468; x_wconf 88' lang='lat' dir='ltr'><strong>non</strong></span> 
     </span>
     <span class='ocr_line' id='line_1_32' title="bbox 920 1488 1720 1575; baseline 0.009 -21"><span class='ocrx_word' id='word_1_215' title='bbox 920 1494 1098 1575; x_wconf 90' lang='lat' dir='ltr'><strong>permittunt.</strong></span> <span class='ocrx_word' id='word_1_216' title='bbox 1126 1492 1267 1564; x_wconf 85' lang='lat' dir='ltr'><strong>Quartam</strong></span> <span class='ocrx_word' id='word_1_217' title='bbox 1287 1501 1383 1556; x_wconf 83' lang='lat' dir='ltr'><strong>mrtem</strong></span> <span class='ocrx_word' id='word_1_218' title='bbox 1405 1488 1641 1560; x_wconf 66' lang='lat' dir='ltr'><strong>rree&#39;conceduot</strong></span> <span class='ocrx_word' id='word_1_219' title='bbox 1660 1502 1720 1562; x_wconf 89' lang='lat' dir='ltr'><strong>cui·</strong></span> 
     </span>
     <span class='ocr_line' id='line_1_33' title="bbox 920 1586 1721 1675; baseline 0.014 -32"><span class='ocrx_word' id='word_1_220' title='bbox 920 1589 1016 1668; x_wconf 90' lang='lat' dir='ltr'><strong>piam,</strong></span> <span class='ocrx_word' id='word_1_221' title='bbox 1047 1606 1103 1646; x_wconf 89' lang='lat' dir='ltr'><strong>nec</strong></span> <span class='ocrx_word' id='word_1_222' title='bbox 1134 1588 1220 1646; x_wconf 88' lang='lat' dir='ltr'><strong>etiam</strong></span> <span class='ocrx_word' id='word_1_223' title='bbox 1249 1586 1445 1649; x_wconf 80' lang='lat' dir='ltr'><strong>Christianum</strong></span> <span class='ocrx_word' id='word_1_224' title='bbox 1479 1612 1549 1650; x_wconf 85' lang='lat' dir='ltr'><strong>esse</strong></span> <span class='ocrx_word' id='word_1_225' title='bbox 1576 1593 1721 1675; x_wconf 87' lang='lat' dir='ltr'><strong>judicant.</strong></span> 
     </span>
     <span class='ocr_line' id='line_1_34' title="bbox 920 1679 1721 1764; baseline 0.007 -24"><span class='ocrx_word' id='word_1_226' title='bbox 920 1680 1083 1741; x_wconf 84' lang='lat' dir='ltr'><strong>Divertium</strong></span> <span class='ocrx_word' id='word_1_227' title='bbox 1104 1679 1273 1751; x_wconf 88' lang='lat' dir='ltr'><strong>admittunt,</strong></span> <span class='ocrx_word' id='word_1_228' title='bbox 1294 1684 1324 1739; x_wconf 95' lang='lat' dir='ltr'><strong>et</strong></span> <span class='ocrx_word' id='word_1_229' title='bbox 1343 1679 1414 1741; x_wconf 87' lang='lat' dir='ltr'><strong>dant</strong></span> <span class='ocrx_word' id='word_1_230' title='bbox 1437 1683 1566 1743; x_wconf 88' lang='lat' dir='ltr'><strong>libellum</strong></span> <span class='ocrx_word' id='word_1_231' title='bbox 1592 1685 1721 1764; x_wconf 78' lang='lat' dir='ltr'><strong>repudii:</strong></span> 
     </span>
     <span class='ocr_line' id='line_1_35' title="bbox 921 1773 1721 1861; baseline 0.009 -28"><span class='ocrx_word' id='word_1_232' title='bbox 921 1773 950 1833; x_wconf 94' lang='lat' dir='ltr'><strong>id</strong></span> <span class='ocrx_word' id='word_1_233' title='bbox 969 1778 1067 1833; x_wconf 87' lang='lat' dir='ltr'><strong>tamen</strong></span> <span class='ocrx_word' id='word_1_234' title='bbox 1088 1773 1212 1832; x_wconf 87' lang='lat' dir='ltr'><strong>maximo</strong></span> <span class='ocrx_word' id='word_1_235' title='bbox 1239 1774 1352 1841; x_wconf 88' lang='lat' dir='ltr'><strong>celant,</strong></span> <span class='ocrx_word' id='word_1_236' title='bbox 1379 1773 1456 1853; x_wconf 89' lang='lat' dir='ltr'><strong>quod</strong></span> <span class='ocrx_word' id='word_1_237' title='bbox 1482 1780 1583 1836; x_wconf 87' lang='lat' dir='ltr'><strong>eontra</strong></span> <span class='ocrx_word' id='word_1_238' title='bbox 1608 1778 1721 1861; x_wconf 87' lang='lat' dir='ltr'><strong>religio·</strong></span> 
     </span>
     <span class='ocr_line' id='line_1_36' title="bbox 921 1866 1721 1953; baseline 0.009 -26"><span class='ocrx_word' id='word_1_239' title='bbox 921 1888 986 1927; x_wconf 89' lang='lat' dir='ltr'><strong>nem</strong></span> <span class='ocrx_word' id='word_1_240' title='bbox 1007 1886 1043 1927; x_wconf 87' lang='lat' dir='ltr'><strong>ac</strong></span> <span class='ocrx_word' id='word_1_241' title='bbox 1063 1870 1174 1926; x_wconf 86' lang='lat' dir='ltr'><strong>statuta</strong></span> <span class='ocrx_word' id='word_1_242' title='bbox 1195 1886 1266 1925; x_wconf 89' lang='lat' dir='ltr'><strong>esse</strong></span> <span class='ocrx_word' id='word_1_243' title='bbox 1285 1867 1391 1925; x_wconf 71' lang='lat' dir='ltr'><strong>scirent.</strong></span> <span class='ocrx_word' id='word_1_244' title='bbox 1431 1866 1598 1950; x_wconf 78' lang='lat' dir='ltr'><strong>Principem</strong></span> <span class='ocrx_word' id='word_1_245' title='bbox 1623 1872 1721 1953; x_wconf 86' lang='lat' dir='ltr'><strong>ipsum</strong></span> 
     </span>
     <span class='ocr_line' id='line_1_37' title="bbox 922 1961 1720 2045; baseline 0.008 -25"><span class='ocrx_word' id='word_1_246' title='bbox 922 1961 1090 2021; x_wconf 86' lang='lat' dir='ltr'><strong>Salomeam</strong></span> <span class='ocrx_word' id='word_1_247' title='bbox 1110 1978 1239 2029; x_wconf 84' lang='lat' dir='ltr'><strong>uxorem,</strong></span> <span class='ocrx_word' id='word_1_248' title='bbox 1260 1964 1376 2038; x_wconf 90' lang='lat' dir='ltr'><strong>propter</strong></span> <span class='ocrx_word' id='word_1_249' title='bbox 1394 1962 1576 2022; x_wconf 85' lang='lat' dir='ltr'><strong>sterilitatem</strong></span> <span class='ocrx_word' id='word_1_250' title='bbox 1590 1965 1720 2045; x_wconf 89' lang='lat' dir='ltr'><strong>repudia-</strong></span> 
     </span>
     <span class='ocr_line' id='line_1_38' title="bbox 921 2053 1721 2135; baseline 0.009 -21"><span class='ocrx_word' id='word_1_251' title='bbox 921 2060 991 2124; x_wconf 88' lang='lat' dir='ltr'><strong>tam,</strong></span> <span class='ocrx_word' id='word_1_252' title='bbox 1011 2054 1040 2112; x_wconf 89' lang='lat' dir='ltr'><strong>in</strong></span> <span class='ocrx_word' id='word_1_253' title='bbox 1061 2053 1268 2113; x_wconf 84' lang='lat' dir='ltr'><strong>monasterium</strong></span> <span class='ocrx_word' id='word_1_254' title='bbox 1289 2053 1457 2123; x_wconf 81' lang='lat' dir='ltr'><strong>intrusisse,</strong></span> <span class='ocrx_word' id='word_1_255' title='bbox 1476 2062 1565 2135; x_wconf 91' lang='lat' dir='ltr'><strong>utque</strong></span> <span class='ocrx_word' id='word_1_256' title='bbox 1576 2056 1721 2122; x_wconf 78' lang='lat' dir='ltr'><strong>Helenam</strong></span> 
     </span>
     <span class='ocr_line' id='line_1_39' title="bbox 923 2144 1721 2230; baseline 0.009 -24"><span class='ocrx_word' id='word_1_257' title='bbox 923 2147 1008 2206; x_wconf 89' lang='lat' dir='ltr'><strong>tiliam</strong></span> <span class='ocrx_word' id='word_1_258' title='bbox 1030 2144 1114 2207; x_wconf 86' lang='lat' dir='ltr'><strong>Knes</strong></span> <span class='ocrx_word' id='word_1_259' title='bbox 1134 2144 1238 2206; x_wconf 83' lang='lat' dir='ltr'><strong>Basilii</strong></span> <span class='ocrx_word' id='word_1_260' title='bbox 1258 2144 1363 2204; x_wconf 82' lang='lat' dir='ltr'><strong>Lirrski</strong></span> <span class='ocrx_word' id='word_1_261' title='bbox 1390 2144 1530 2218; x_wconf 84' lang='lat' dir='ltr'><strong>duxisse,</strong></span> <span class='ocrx_word' id='word_1_262' title='bbox 1562 2150 1651 2230; x_wconf 86' lang='lat' dir='ltr'><strong>pardo</strong></span> <span class='ocrx_word' id='word_1_263' title='bbox 1671 2172 1721 2213; x_wconf 89' lang='lat' dir='ltr'><strong>an·</strong></span> 
     </span>
     <span class='ocr_line' id='line_1_40' title="bbox 922 2238 1721 2324; baseline 0.009 -24"><span class='ocrx_word' id='word_1_264' title='bbox 922 2239 1087 2300; x_wconf 81' lang='lat' dir='ltr'><strong>tedinimus.</strong></span> <span class='ocrx_word' id='word_1_265' title='bbox 1127 2240 1207 2300; x_wconf 83' lang='lat' dir='ltr'><strong>Anto</strong></span> <span class='ocrx_word' id='word_1_266' title='bbox 1231 2238 1343 2318; x_wconf 89' lang='lat' dir='ltr'><strong>aliquot</strong></span> <span class='ocrx_word' id='word_1_267' title='bbox 1368 2258 1463 2300; x_wconf 89' lang='lat' dir='ltr'><strong>annos</strong></span> <span class='ocrx_word' id='word_1_268' title='bbox 1488 2242 1576 2303; x_wconf 87' lang='lat' dir='ltr'><strong>etiam</strong></span> <span class='ocrx_word' id='word_1_269' title='bbox 1602 2244 1721 2324; x_wconf 71' lang='lat' dir='ltr'><strong>quidam</strong></span> 
     </span>
     <span class='ocr_line' id='line_1_41' title="bbox 922 2328 1720 2401; baseline 0.011 -9"><span class='ocrx_word' id='word_1_270' title='bbox 922 2332 982 2392; x_wconf 87' lang='lat' dir='ltr'><strong>dux</strong></span> <span class='ocrx_word' id='word_1_271' title='bbox 1009 2331 1143 2392; x_wconf 83' lang='lat' dir='ltr'><strong>Basilius</strong></span> <span class='ocrx_word' id='word_1_272' title='bbox 1167 2328 1283 2401; x_wconf 76' lang='lat' dir='ltr'><strong>[troisli</strong></span> <span class='ocrx_word' id='word_1_273' title='bbox 1311 2351 1347 2391; x_wconf 85' lang='lat' dir='ltr'><strong>cx</strong></span> <span class='ocrx_word' id='word_1_274' title='bbox 1367 2330 1526 2396; x_wconf 84' lang='lat' dir='ltr'><strong>Litiruania</strong></span> <span class='ocrx_word' id='word_1_275' title='bbox 1551 2336 1579 2396; x_wconf 91' lang='lat' dir='ltr'><strong>iu</strong></span> <span class='ocrx_word' id='word_1_276' title='bbox 1599 2338 1720 2400; x_wconf 86' lang='lat' dir='ltr'><strong>Mosco·</strong></span> 
     </span>
     <span class='ocr_line' id='line_1_42' title="bbox 920 2424 1720 2513; baseline 0.011 -28"><span class='ocrx_word' id='word_1_277' title='bbox 920 2428 995 2487; x_wconf 80' lang='lat' dir='ltr'><strong>riam</strong></span> <span class='ocrx_word' id='word_1_278' title='bbox 1015 2424 1198 2508; x_wconf 76' lang='lat' dir='ltr'><strong>profugerat:</strong></span> <span class='ocrx_word' id='word_1_279' title='bbox 1220 2426 1286 2506; x_wconf 89' lang='lat' dir='ltr'><strong>ejus</strong></span> <span class='ocrx_word' id='word_1_280' title='bbox 1295 2445 1414 2487; x_wconf 83' lang='lat' dir='ltr'><strong>uxorem</strong></span> <span class='ocrx_word' id='word_1_281' title='bbox 1421 2429 1570 2509; x_wconf 79' lang='lat' dir='ltr'><strong>juvenem,</strong></span> <span class='ocrx_word' id='word_1_282' title='bbox 1589 2437 1620 2490; x_wconf 92' lang='lat' dir='ltr'><strong>ct</strong></span> <span class='ocrx_word' id='word_1_283' title='bbox 1632 2452 1720 2513; x_wconf 78' lang='lat' dir='ltr'><strong>quan</strong></span> 
     </span>
     <span class='ocr_line' id='line_1_43' title="bbox 921 2516 1720 2605; baseline 0.01 -26"><span class='ocrx_word' id='word_1_284' title='bbox 921 2519 1009 2601; x_wconf 89' lang='lat' dir='ltr'><strong>paulo</strong></span> <span class='ocrx_word' id='word_1_285' title='bbox 1029 2523 1098 2578; x_wconf 88' lang='lat' dir='ltr'><strong>aute</strong></span> <span class='ocrx_word' id='word_1_286' title='bbox 1118 2516 1249 2588; x_wconf 79' lang='lat' dir='ltr'><strong>(luxerat,</strong></span> <span class='ocrx_word' id='word_1_287' title='bbox 1270 2538 1335 2577; x_wconf 89' lang='lat' dir='ltr'><strong>cum</strong></span> <span class='ocrx_word' id='word_1_288' title='bbox 1354 2522 1442 2580; x_wconf 89' lang='lat' dir='ltr'><strong>amici</strong></span> <span class='ocrx_word' id='word_1_289' title='bbox 1462 2521 1574 2583; x_wconf 91' lang='lat' dir='ltr'><strong>diutius</strong></span> <span class='ocrx_word' id='word_1_290' title='bbox 1584 2524 1663 2605; x_wconf 90' lang='lat' dir='ltr'><strong>apud</strong></span> <span class='ocrx_word' id='word_1_291' title='bbox 1682 2546 1720 2588; x_wconf 85' lang='lat' dir='ltr'><strong>sc</strong></span> 
     </span>
     <span class='ocr_line' id='line_1_44' title="bbox 921 2610 1719 2691; baseline 0.006 -19"><span class='ocrx_word' id='word_1_292' title='bbox 921 2611 1086 2672; x_wconf 87' lang='lat' dir='ltr'><strong>detinerent</strong></span> <span class='ocrx_word' id='word_1_293' title='bbox 1105 2610 1262 2691; x_wconf 84' lang='lat' dir='ltr'><strong>(putabant</strong></span> <span class='ocrx_word' id='word_1_294' title='bbox 1284 2612 1360 2670; x_wconf 86' lang='lat' dir='ltr'><strong>eninr</strong></span> <span class='ocrx_word' id='word_1_295' title='bbox 1388 2612 1465 2672; x_wconf 91' lang='lat' dir='ltr'><strong>ilium</strong></span> <span class='ocrx_word' id='word_1_296' title='bbox 1491 2635 1589 2676; x_wconf 84' lang='lat' dir='ltr'><strong>amoro</strong></span> <span class='ocrx_word' id='word_1_297' title='bbox 1613 2636 1649 2676; x_wconf 87' lang='lat' dir='ltr'><strong>ac</strong></span> <span class='ocrx_word' id='word_1_298' title='bbox 1669 2617 1719 2677; x_wconf 89' lang='lat' dir='ltr'><strong>de·</strong></span> 
     </span>
    </p>
   </div>
   <div class='ocr_carea' id='block_1_7' title="bbox 57 2701 1719 5207">
    <p class='ocr_par' dir='ltr' id='par_1_8' title="bbox 62 2701 1719 3717">
     <span class='ocr_line' id='line_1_45' title="bbox 63 2701 1719 2786; baseline 0.002 -19"><span class='ocrx_word' id='word_1_299' title='bbox 63 2707 222 2785; x_wconf 80' lang='lat' dir='ltr'><strong>Cognosce</strong></span> <span class='ocrx_word' id='word_1_300' title='bbox 241 2728 280 2767; x_wconf 87' lang='lat' dir='ltr'><strong>ex</strong></span> <span class='ocrx_word' id='word_1_301' title='bbox 299 2708 368 2767; x_wconf 90' lang='lat' dir='ltr'><strong>aliis</strong></span> <span class='ocrx_word' id='word_1_302' title='bbox 389 2707 485 2786; x_wconf 87' lang='lat' dir='ltr'><strong>qualis</strong></span> <span class='ocrx_word' id='word_1_303' title='bbox 506 2709 560 2775; x_wconf 86' lang='lat' dir='ltr'><strong>sit,</strong></span> <span class='ocrx_word' id='word_1_304' title='bbox 586 2708 636 2785; x_wconf 94' lang='lat' dir='ltr'><strong>qui</strong></span> <span class='ocrx_word' id='word_1_305' title='bbox 657 2725 721 2766; x_wconf 89' lang='lat' dir='ltr'><strong>eam</strong></span> <span class='ocrx_word' id='word_1_306' title='bbox 742 2710 863 2777; x_wconf 92' lang='lat' dir='ltr'><strong>norunt·,</strong></span> <span class='ocrx_word' id='word_1_307' title='bbox 920 2705 1030 2767; x_wconf 85' lang='lat' dir='ltr'><strong>siderio</strong></span> <span class='ocrx_word' id='word_1_308' title='bbox 1041 2701 1281 2764; x_wconf 83' lang='lat' dir='ltr'><strong>adolescentulae</strong></span> <span class='ocrx_word' id='word_1_309' title='bbox 1295 2724 1398 2765; x_wconf 88' lang='lat' dir='ltr'><strong>rursus</strong></span> <span class='ocrx_word' id='word_1_310' title='bbox 1408 2705 1591 2785; x_wconf 86' lang='lat' dir='ltr'><strong>rediturum),</strong></span> <span class='ocrx_word' id='word_1_311' title='bbox 1602 2707 1719 2772; x_wconf 79' lang='lat' dir='ltr'><strong>iliciski</strong></span> 
     </span>
     <span class='ocr_line' id='line_1_46' title="bbox 63 2796 1719 2887; baseline 0.003 -28"><span class='ocrx_word' id='word_1_312' title='bbox 63 2806 144 2860; x_wconf 90' lang='lat' dir='ltr'><strong>certo</strong></span> <span class='ocrx_word' id='word_1_313' title='bbox 163 2802 220 2860; x_wconf 82' lang='lat' dir='ltr'><strong>nisi</strong></span> <span class='ocrx_word' id='word_1_314' title='bbox 247 2800 400 2881; x_wconf 87' lang='lat' dir='ltr'><strong>sponsalia</strong></span> <span class='ocrx_word' id='word_1_315' title='bbox 424 2802 507 2882; x_wconf 86' lang='lat' dir='ltr'><strong>prius</strong></span> <span class='ocrx_word' id='word_1_316' title='bbox 533 2798 666 2858; x_wconf 87' lang='lat' dir='ltr'><strong>maximis</strong></span> <span class='ocrx_word' id='word_1_317' title='bbox 691 2799 798 2879; x_wconf 89' lang='lat' dir='ltr'><strong>poenis</strong></span> <span class='ocrx_word' id='word_1_318' title='bbox 819 2798 863 2857; x_wconf 90' lang='lat' dir='ltr'><strong>iir-</strong></span> <span class='ocrx_word' id='word_1_319' title='bbox 921 2800 1041 2858; x_wconf 75' lang='lat' dir='ltr'><strong>earrsam</strong></span> <span class='ocrx_word' id='word_1_320' title='bbox 1061 2797 1158 2857; x_wconf 79' lang='lat' dir='ltr'><strong>uxoris</strong></span> <span class='ocrx_word' id='word_1_321' title='bbox 1178 2796 1327 2857; x_wconf 68' lang='lat' dir='ltr'><strong>absentis*</strong></span> <span class='ocrx_word' id='word_1_322' title='bbox 1340 2799 1369 2857; x_wconf 93' lang='lat' dir='ltr'><strong>in</strong></span> <span class='ocrx_word' id='word_1_323' title='bbox 1396 2801 1552 2861; x_wconf 87' lang='lat' dir='ltr'><strong>eonsilium</strong></span> <span class='ocrx_word' id='word_1_324' title='bbox 1570 2800 1719 2887; x_wconf 91' lang='lat' dir='ltr'><strong>iiietropo·</strong></span> 
     </span>
     <span class='ocr_line' id='line_1_47' title="bbox 64 2889 1717 2976; baseline 0.004 -24"><span class='ocrx_word' id='word_1_325' title='bbox 64 2898 143 2952; x_wconf 88' lang='lat' dir='ltr'><strong>mata</strong></span> <span class='ocrx_word' id='word_1_326' title='bbox 163 2892 278 2963; x_wconf 84' lang='lat' dir='ltr'><strong>luerint,</strong></span> <span class='ocrx_word' id='word_1_327' title='bbox 297 2896 338 2953; x_wconf 91' lang='lat' dir='ltr'><strong>ita</strong></span> <span class='ocrx_word' id='word_1_328' title='bbox 358 2900 390 2951; x_wconf 90' lang='lat' dir='ltr'><strong>ut</strong></span> <span class='ocrx_word' id='word_1_329' title='bbox 410 2911 542 2973; x_wconf 84' lang='lat' dir='ltr'><strong>sponsus</strong></span> <span class='ocrx_word' id='word_1_330' title='bbox 563 2911 619 2950; x_wconf 93' lang='lat' dir='ltr'><strong>non</strong></span> <span class='ocrx_word' id='word_1_331' title='bbox 639 2893 753 2972; x_wconf 85' lang='lat' dir='ltr'><strong>possit,</strong></span> <span class='ocrx_word' id='word_1_332' title='bbox 774 2892 862 2951; x_wconf 88' lang='lat' dir='ltr'><strong>etism</strong></span> <span class='ocrx_word' id='word_1_333' title='bbox 920 2891 991 2952; x_wconf 89' lang='lat' dir='ltr'><strong>litae</strong></span> <span class='ocrx_word' id='word_1_334' title='bbox 1010 2890 1108 2961; x_wconf 84' lang='lat' dir='ltr'><strong>reiert,</strong></span> <span class='ocrx_word' id='word_1_335' title='bbox 1129 2889 1399 2971; x_wconf 88' lang='lat' dir='ltr'><strong>communicatoque</strong></span> <span class='ocrx_word' id='word_1_336' title='bbox 1426 2893 1550 2954; x_wconf 91' lang='lat' dir='ltr'><strong>consilio</strong></span> <span class='ocrx_word' id='word_1_337' title='bbox 1571 2893 1717 2976; x_wconf 87' lang='lat' dir='ltr'><strong>iiietropo·</strong></span> 
     </span>
     <span class='ocr_line' id='line_1_48' title="bbox 62 2980 1717 3066; baseline 0.003 -21"><span class='ocrx_word' id='word_1_338' title='bbox 62 2988 90 3046; x_wconf 91' lang='lat' dir='ltr'><strong>si</strong></span> <span class='ocrx_word' id='word_1_339' title='bbox 112 2985 211 3055; x_wconf 84' lang='lat' dir='ltr'><strong>reiict,</strong></span> <span class='ocrx_word' id='word_1_340' title='bbox 232 2988 299 3045; x_wconf 86' lang='lat' dir='ltr'><strong>sine</strong></span> <span class='ocrx_word' id='word_1_341' title='bbox 310 2987 504 3064; x_wconf 84' lang='lat' dir='ltr'><strong>graripoena,</strong></span> <span class='ocrx_word' id='word_1_342' title='bbox 524 3004 588 3044; x_wconf 90' lang='lat' dir='ltr'><strong>eam</strong></span> <span class='ocrx_word' id='word_1_343' title='bbox 600 2982 766 3065; x_wconf 87' lang='lat' dir='ltr'><strong>repudiare,</strong></span> <span class='ocrx_word' id='word_1_344' title='bbox 787 2984 862 3044; x_wconf 85' lang='lat' dir='ltr'><strong>alias</strong></span> <span class='ocrx_word' id='word_1_345' title='bbox 919 2985 971 3046; x_wconf 87' lang='lat' dir='ltr'><strong>iita</strong></span> <span class='ocrx_word' id='word_1_346' title='bbox 991 2984 1099 3065; x_wconf 87' lang='lat' dir='ltr'><strong>inquit:</strong></span> <span class='ocrx_word' id='word_1_347' title='bbox 1123 2980 1251 3055; x_wconf 82' lang='lat' dir='ltr'><strong>Quando</strong></span> <span class='ocrx_word' id='word_1_348' title='bbox 1265 3006 1322 3044; x_wconf 91' lang='lat' dir='ltr'><strong>non</strong></span> <span class='ocrx_word' id='word_1_349' title='bbox 1334 2994 1395 3055; x_wconf 85' lang='lat' dir='ltr'><strong>tua,</strong></span> <span class='ocrx_word' id='word_1_350' title='bbox 1415 2985 1470 3045; x_wconf 89' lang='lat' dir='ltr'><strong>sed</strong></span> <span class='ocrx_word' id='word_1_351' title='bbox 1490 2987 1589 3049; x_wconf 81' lang='lat' dir='ltr'><strong>uxoris</strong></span> <span class='ocrx_word' id='word_1_352' title='bbox 1609 2991 1717 3066; x_wconf 90' lang='lat' dir='ltr'><strong>potius,</strong></span> 
     </span>
     <span class='ocr_line' id='line_1_49' title="bbox 63 3076 1718 3161; baseline 0.004 -23"><span class='ocrx_word' id='word_1_353' title='bbox 63 3099 122 3139; x_wconf 95' lang='lat' dir='ltr'><strong>non</strong></span> <span class='ocrx_word' id='word_1_354' title='bbox 142 3077 229 3138; x_wconf 86' lang='lat' dir='ltr'><strong>datur</strong></span> <span class='ocrx_word' id='word_1_355' title='bbox 248 3079 290 3138; x_wconf 93' lang='lat' dir='ltr'><strong>ilii</strong></span> <span class='ocrx_word' id='word_1_356' title='bbox 311 3098 465 3139; x_wconf 81' lang='lat' dir='ltr'><strong>accessus.</strong></span> <span class='ocrx_word' id='word_1_357' title='bbox 507 3076 593 3137; x_wconf 87' lang='lat' dir='ltr'><strong>ilotis</strong></span> <span class='ocrx_word' id='word_1_358' title='bbox 615 3078 732 3136; x_wconf 86' lang='lat' dir='ltr'><strong>nornine</strong></span> <span class='ocrx_word' id='word_1_359' title='bbox 758 3076 863 3138; x_wconf 87' lang='lat' dir='ltr'><strong>dantur</strong></span> <span class='ocrx_word' id='word_1_360' title='bbox 920 3084 1008 3158; x_wconf 87' lang='lat' dir='ltr'><strong>atque</strong></span> <span class='ocrx_word' id='word_1_361' title='bbox 1032 3077 1109 3137; x_wconf 87' lang='lat' dir='ltr'><strong>adeo</strong></span> <span class='ocrx_word' id='word_1_362' title='bbox 1134 3082 1322 3157; x_wconf 86' lang='lat' dir='ltr'><strong>cognatorum</strong></span> <span class='ocrx_word' id='word_1_363' title='bbox 1349 3079 1436 3161; x_wconf 89' lang='lat' dir='ltr'><strong>eulpa</strong></span> <span class='ocrx_word' id='word_1_364' title='bbox 1462 3080 1508 3146; x_wconf 91' lang='lat' dir='ltr'><strong>iit,</strong></span> <span class='ocrx_word' id='word_1_365' title='bbox 1537 3086 1570 3140; x_wconf 92' lang='lat' dir='ltr'><strong>ut</strong></span> <span class='ocrx_word' id='word_1_366' title='bbox 1594 3101 1658 3141; x_wconf 91' lang='lat' dir='ltr'><strong>cum</strong></span> <span class='ocrx_word' id='word_1_367' title='bbox 1680 3102 1718 3145; x_wconf 87' lang='lat' dir='ltr'><strong>ea</strong></span> 
     </span>
     <span class='ocr_line' id='line_1_50' title="bbox 64 3170 1717 3253; baseline 0.003 -21"><span class='ocrx_word' id='word_1_368' title='bbox 64 3173 225 3251; x_wconf 87' lang='lat' dir='ltr'><strong>plerunque</strong></span> <span class='ocrx_word' id='word_1_369' title='bbox 246 3173 328 3251; x_wconf 88' lang='lat' dir='ltr'><strong>eqni,</strong></span> <span class='ocrx_word' id='word_1_370' title='bbox 349 3177 466 3241; x_wconf 81' lang='lat' dir='ltr'><strong>vestes,</strong></span> <span class='ocrx_word' id='word_1_371' title='bbox 487 3170 609 3241; x_wconf 79' lang='lat' dir='ltr'><strong>immeo,</strong></span> <span class='ocrx_word' id='word_1_372' title='bbox 629 3189 752 3251; x_wconf 89' lang='lat' dir='ltr'><strong>pecora,</strong></span> <span class='ocrx_word' id='word_1_373' title='bbox 772 3171 862 3243; x_wconf 80' lang='lat' dir='ltr'><strong>servi,</strong></span> <span class='ocrx_word' id='word_1_374' title='bbox 921 3192 992 3231; x_wconf 89' lang='lat' dir='ltr'><strong>esse</strong></span> <span class='ocrx_word' id='word_1_375' title='bbox 1012 3172 1064 3231; x_wconf 89' lang='lat' dir='ltr'><strong>tibi</strong></span> <span class='ocrx_word' id='word_1_376' title='bbox 1087 3190 1144 3230; x_wconf 93' lang='lat' dir='ltr'><strong>non</strong></span> <span class='ocrx_word' id='word_1_377' title='bbox 1163 3171 1261 3241; x_wconf 90' lang='lat' dir='ltr'><strong>liceat,</strong></span> <span class='ocrx_word' id='word_1_378' title='bbox 1281 3171 1416 3251; x_wconf 88' lang='lat' dir='ltr'><strong>equidem</strong></span> <span class='ocrx_word' id='word_1_379' title='bbox 1436 3171 1513 3251; x_wconf 87' lang='lat' dir='ltr'><strong>legis</strong></span> <span class='ocrx_word' id='word_1_380' title='bbox 1522 3175 1644 3253; x_wconf 86' lang='lat' dir='ltr'><strong>gratiam</strong></span> <span class='ocrx_word' id='word_1_381' title='bbox 1663 3176 1717 3237; x_wconf 88' lang='lat' dir='ltr'><strong>tibi</strong></span> 
     </span>
     <span class='ocr_line' id='line_1_51' title="bbox 65 3263 1717 3344; baseline 0.002 -19"><span class='ocrx_word' id='word_1_382' title='bbox 65 3272 94 3325; x_wconf 90' lang='lat' dir='ltr'><strong>et</strong></span> <span class='ocrx_word' id='word_1_383' title='bbox 113 3264 231 3325; x_wconf 86' lang='lat' dir='ltr'><strong>similia.</strong></span> <span class='ocrx_word' id='word_1_384' title='bbox 272 3266 387 3325; x_wconf 81' lang='lat' dir='ltr'><strong>inritati</strong></span> <span class='ocrx_word' id='word_1_385' title='bbox 408 3263 446 3325; x_wconf 90' lang='lat' dir='ltr'><strong>ad</strong></span> <span class='ocrx_word' id='word_1_386' title='bbox 467 3265 597 3344; x_wconf 87' lang='lat' dir='ltr'><strong>nuptias,</strong></span> <span class='ocrx_word' id='word_1_387' title='bbox 624 3266 777 3344; x_wconf 85' lang='lat' dir='ltr'><strong>pecuniam</strong></span> <span class='ocrx_word' id='word_1_388' title='bbox 797 3282 862 3323; x_wconf 88' lang='lat' dir='ltr'><strong>raro</strong></span> <span class='ocrx_word' id='word_1_389' title='bbox 922 3266 1036 3335; x_wconf 87' lang='lat' dir='ltr'><strong>iaciam,</strong></span> <span class='ocrx_word' id='word_1_390' title='bbox 1055 3274 1145 3344; x_wconf 89' lang='lat' dir='ltr'><strong>teque</strong></span> <span class='ocrx_word' id='word_1_391' title='bbox 1165 3264 1203 3325; x_wconf 86' lang='lat' dir='ltr'><strong>ab</strong></span> <span class='ocrx_word' id='word_1_392' title='bbox 1225 3288 1260 3325; x_wconf 89' lang='lat' dir='ltr'><strong>ea</strong></span> <span class='ocrx_word' id='word_1_393' title='bbox 1271 3264 1431 3326; x_wconf 86' lang='lat' dir='ltr'><strong>absolvam.</strong></span> <span class='ocrx_word' id='word_1_394' title='bbox 1474 3264 1543 3337; x_wconf 85' lang='lat' dir='ltr'><strong>Qua</strong></span> <span class='ocrx_word' id='word_1_395' title='bbox 1561 3269 1717 3341; x_wconf 88' lang='lat' dir='ltr'><strong>reaudita,</strong></span> 
     </span>
     <span class='ocr_line' id='line_1_52' title="bbox 65 3356 1717 3442; baseline 0.004 -25"><span class='ocrx_word' id='word_1_396' title='bbox 65 3359 204 3419; x_wconf 86' lang='lat' dir='ltr'><strong>oii&#39;erunt:</strong></span> <span class='ocrx_word' id='word_1_397' title='bbox 236 3378 356 3418; x_wconf 80' lang='lat' dir='ltr'><strong>murrona</strong></span> <span class='ocrx_word' id='word_1_398' title='bbox 375 3363 488 3428; x_wconf 89' lang='lat' dir='ltr'><strong>tamen,</strong></span> <span class='ocrx_word' id='word_1_399' title='bbox 515 3376 571 3417; x_wconf 86' lang='lat' dir='ltr'><strong>seu</strong></span> <span class='ocrx_word' id='word_1_400' title='bbox 591 3356 712 3417; x_wconf 90' lang='lat' dir='ltr'><strong>donorio</strong></span> <span class='ocrx_word' id='word_1_401' title='bbox 732 3376 863 3437; x_wconf 86' lang='lat' dir='ltr'><strong>sponsae</strong></span> <span class='ocrx_word' id='word_1_402' title='bbox 922 3378 990 3418; x_wconf 87' lang='lat' dir='ltr'><strong>mox</strong></span> <span class='ocrx_word' id='word_1_403' title='bbox 1008 3359 1096 3417; x_wconf 84' lang='lat' dir='ltr'><strong>aliam</strong></span> <span class='ocrx_word' id='word_1_404' title='bbox 1121 3379 1157 3418; x_wconf 82' lang='lat' dir='ltr'><strong>ex</strong></span> <span class='ocrx_word' id='word_1_405' title='bbox 1183 3360 1341 3439; x_wconf 89' lang='lat' dir='ltr'><strong>principum</strong></span> <span class='ocrx_word' id='word_1_406' title='bbox 1361 3358 1590 3421; x_wconf 84' lang='lat' dir='ltr'><strong>Resaniensium</strong></span> <span class='ocrx_word' id='word_1_407' title='bbox 1616 3383 1717 3442; x_wconf 91' lang='lat' dir='ltr'><strong>proge-</strong></span> 
     </span>
     <span class='ocr_line' id='line_1_53' title="bbox 66 3448 1717 3537; baseline 0.003 -26"><span class='ocrx_word' id='word_1_408' title='bbox 66 3454 191 3521; x_wconf 91' lang='lat' dir='ltr'><strong>mittunt,</strong></span> <span class='ocrx_word' id='word_1_409' title='bbox 212 3474 287 3532; x_wconf 89' lang='lat' dir='ltr'><strong>quac</strong></span> <span class='ocrx_word' id='word_1_410' title='bbox 307 3450 423 3527; x_wconf 86' lang='lat' dir='ltr'><strong>singula</strong></span> <span class='ocrx_word' id='word_1_411' title='bbox 444 3470 576 3530; x_wconf 82' lang='lat' dir='ltr'><strong>sponsus</strong></span> <span class='ocrx_word' id='word_1_412' title='bbox 594 3450 750 3529; x_wconf 90' lang='lat' dir='ltr'><strong>diiigenter</strong></span> <span class='ocrx_word' id='word_1_413' title='bbox 764 3454 864 3511; x_wconf 85' lang='lat' dir='ltr'><strong>notata</strong></span> <span class='ocrx_word' id='word_1_414' title='bbox 922 3453 970 3511; x_wconf 92' lang='lat' dir='ltr'><strong>nie</strong></span> <span class='ocrx_word' id='word_1_415' title='bbox 990 3456 1085 3510; x_wconf 76' lang='lat' dir='ltr'><strong>natan</strong></span> <span class='ocrx_word' id='word_1_416' title='bbox 1107 3448 1207 3521; x_wconf 85' lang='lat' dir='ltr'><strong>duxit,</strong></span> <span class='ocrx_word' id='word_1_417' title='bbox 1233 3474 1269 3512; x_wconf 82' lang='lat' dir='ltr'><strong>en</strong></span> <span class='ocrx_word' id='word_1_418' title='bbox 1289 3453 1451 3533; x_wconf 77' lang='lat' dir='ltr'><strong>quostiam</strong></span> <span class='ocrx_word' id='word_1_419' title='bbox 1472 3454 1549 3515; x_wconf 91' lang='lat' dir='ltr'><strong>tilios</strong></span> <span class='ocrx_word' id='word_1_420' title='bbox 1573 3456 1717 3537; x_wconf 86' lang='lat' dir='ltr'><strong>suscepit,</strong></span> 
     </span>
     <span class='ocr_line' id='line_1_54' title="bbox 65 3542 1718 3629; baseline 0.003 -25"><span class='ocrx_word' id='word_1_421' title='bbox 65 3548 188 3625; x_wconf 89' lang='lat' dir='ltr'><strong>reponit.</strong></span> <span class='ocrx_word' id='word_1_422' title='bbox 229 3544 338 3604; x_wconf 86' lang='lat' dir='ltr'><strong>Finitis</strong></span> <span class='ocrx_word' id='word_1_423' title='bbox 359 3546 484 3624; x_wconf 86' lang='lat' dir='ltr'><strong>nuptiis,</strong></span> <span class='ocrx_word' id='word_1_424' title='bbox 505 3544 675 3624; x_wconf 87' lang='lat' dir='ltr'><strong>deprompta</strong></span> <span class='ocrx_word' id='word_1_425' title='bbox 695 3563 798 3603; x_wconf 88' lang='lat' dir='ltr'><strong>rursus</strong></span> <span class='ocrx_word' id='word_1_426' title='bbox 819 3564 862 3602; x_wconf 92' lang='lat' dir='ltr'><strong>or·</strong></span> <span class='ocrx_word' id='word_1_427' title='bbox 921 3566 998 3624; x_wconf 86' lang='lat' dir='ltr'><strong>quos</strong></span> <span class='ocrx_word' id='word_1_428' title='bbox 1024 3542 1154 3602; x_wconf 91' lang='lat' dir='ltr'><strong>nuncin</strong></span> <span class='ocrx_word' id='word_1_429' title='bbox 1183 3565 1287 3623; x_wconf 87' lang='lat' dir='ltr'><strong>magna</strong></span> <span class='ocrx_word' id='word_1_430' title='bbox 1311 3545 1390 3626; x_wconf 86' lang='lat' dir='ltr'><strong>apud</strong></span> <span class='ocrx_word' id='word_1_431' title='bbox 1411 3544 1575 3629; x_wconf 83' lang='lat' dir='ltr'><strong>Principem</strong></span> <span class='ocrx_word' id='word_1_432' title='bbox 1595 3548 1718 3609; x_wconf 88' lang='lat' dir='ltr'><strong>auctori·</strong></span> 
     </span>
     <span class='ocr_line' id='line_1_55' title="bbox 65 3636 1137 3717; baseline -0.002 -20"><span class='ocrx_word' id='word_1_433' title='bbox 65 3639 133 3699; x_wconf 88' lang='lat' dir='ltr'><strong>dine</strong></span> <span class='ocrx_word' id='word_1_434' title='bbox 154 3640 313 3717; x_wconf 86' lang='lat' dir='ltr'><strong>conspicit:</strong></span> <span class='ocrx_word' id='word_1_435' title='bbox 339 3642 428 3717; x_wconf 88' lang='lat' dir='ltr'><strong>atquo</strong></span> <span class='ocrx_word' id='word_1_436' title='bbox 454 3658 489 3696; x_wconf 83' lang='lat' dir='ltr'><strong>ex</strong></span> <span class='ocrx_word' id='word_1_437' title='bbox 515 3638 566 3705; x_wconf 80' lang='lat' dir='ltr'><strong>iis,</strong></span> <span class='ocrx_word' id='word_1_438' title='bbox 591 3638 617 3695; x_wconf 85' lang='lat' dir='ltr'><strong>si</strong></span> <span class='ocrx_word' id='word_1_439' title='bbox 639 3656 717 3716; x_wconf 88' lang='lat' dir='ltr'><strong>quae</strong></span> <span class='ocrx_word' id='word_1_440' title='bbox 737 3636 863 3713; x_wconf 70' lang='lat' dir='ltr'><strong>placent,</strong></span> <span class='ocrx_word' id='word_1_441' title='bbox 922 3643 982 3697; x_wconf 89' lang='lat' dir='ltr'><strong>tato</strong></span> <span class='ocrx_word' id='word_1_442' title='bbox 1001 3636 1137 3695; x_wconf 79' lang='lat' dir='ltr'><strong>vidimus.</strong></span> 
     </span>
    </p>

    <p class='ocr_par' dir='ltr' id='par_1_9' title="bbox 64 3727 1719 4370">
     <span class='ocr_line' id='line_1_56' title="bbox 64 3727 1719 3810; baseline 0.002 -18"><span class='ocrx_word' id='word_1_443' title='bbox 64 3734 183 3810; x_wconf 84' lang='lat' dir='ltr'><strong>sibique</strong></span> <span class='ocrx_word' id='word_1_444' title='bbox 203 3732 270 3789; x_wconf 87' lang='lat' dir='ltr'><strong>usui</strong></span> <span class='ocrx_word' id='word_1_445' title='bbox 290 3731 386 3789; x_wconf 84' lang='lat' dir='ltr'><strong>lutura</strong></span> <span class='ocrx_word' id='word_1_446' title='bbox 411 3729 560 3797; x_wconf 83' lang='lat' dir='ltr'><strong>ridentur,</strong></span> <span class='ocrx_word' id='word_1_447' title='bbox 585 3750 621 3789; x_wconf 90' lang='lat' dir='ltr'><strong>en</strong></span> <span class='ocrx_word' id='word_1_448' title='bbox 647 3730 733 3788; x_wconf 87' lang='lat' dir='ltr'><strong>mittit</strong></span> <span class='ocrx_word' id='word_1_449' title='bbox 757 3727 794 3789; x_wconf 87' lang='lat' dir='ltr'><strong>ad</strong></span> <span class='ocrx_word' id='word_1_450' title='bbox 821 3729 862 3789; x_wconf 88' lang='lat' dir='ltr'><strong>io-</strong></span> <span class='ocrx_word' id='word_1_451' title='bbox 999 3728 1182 3790; x_wconf 83' lang='lat' dir='ltr'><strong>Adulterium</strong></span> <span class='ocrx_word' id='word_1_452' title='bbox 1205 3730 1429 3810; x_wconf 87' lang='lat' dir='ltr'><strong>nonnppeiiant,</strong></span> <span class='ocrx_word' id='word_1_453' title='bbox 1450 3730 1719 3810; x_wconf 78' lang='lat' dir='ltr'><strong>nisiquisaiterius</strong></span> 
     </span>
     <span class='ocr_line' id='line_1_57' title="bbox 65 3820 1717 3906; baseline 0.001 -21"><span class='ocrx_word' id='word_1_454' title='bbox 65 3846 141 3895; x_wconf 89' lang='lat' dir='ltr'><strong>rum,</strong></span> <span class='ocrx_word' id='word_1_455' title='bbox 157 3824 303 3906; x_wconf 86' lang='lat' dir='ltr'><strong>jubetque</strong></span> <span class='ocrx_word' id='word_1_456' title='bbox 323 3822 440 3901; x_wconf 84' lang='lat' dir='ltr'><strong>singula</strong></span> <span class='ocrx_word' id='word_1_457' title='bbox 459 3822 497 3881; x_wconf 90' lang='lat' dir='ltr'><strong>ab</strong></span> <span class='ocrx_word' id='word_1_458' title='bbox 517 3820 566 3879; x_wconf 83' lang='lat' dir='ltr'><strong>his</strong></span> <span class='ocrx_word' id='word_1_459' title='bbox 585 3823 634 3902; x_wconf 91' lang='lat' dir='ltr'><strong>qui</strong></span> <span class='ocrx_word' id='word_1_460' title='bbox 654 3822 743 3881; x_wconf 83' lang='lat' dir='ltr'><strong>rebus</strong></span> <span class='ocrx_word' id='word_1_461' title='bbox 762 3824 863 3903; x_wconf 87' lang='lat' dir='ltr'><strong>precia</strong></span> <span class='ocrx_word' id='word_1_462' title='bbox 922 3842 1039 3883; x_wconf 80' lang='lat' dir='ltr'><strong>uxorem</strong></span> <span class='ocrx_word' id='word_1_463' title='bbox 1061 3821 1204 3883; x_wconf 90' lang='lat' dir='ltr'><strong>habuerit.</strong></span> <span class='ocrx_word' id='word_1_464' title='bbox 1231 3820 1366 3902; x_wconf 77' lang='lat' dir='ltr'><strong>&#39;lepidus</strong></span> <span class='ocrx_word' id='word_1_465' title='bbox 1387 3828 1435 3882; x_wconf 90' lang='lat' dir='ltr'><strong>est</strong></span> <span class='ocrx_word' id='word_1_466' title='bbox 1454 3821 1636 3901; x_wconf 81' lang='lat' dir='ltr'><strong>utplurimum</strong></span> <span class='ocrx_word' id='word_1_467' title='bbox 1649 3845 1717 3887; x_wconf 87' lang='lat' dir='ltr'><strong>eon·</strong></span> 
     </span>
     <span class='ocr_line' id='line_1_58' title="bbox 65 3913 1718 4001; baseline 0.002 -22"><span class='ocrx_word' id='word_1_468' title='bbox 65 3923 228 3998; x_wconf 89' lang='lat' dir='ltr'><strong>imponunt,</strong></span> <span class='ocrx_word' id='word_1_469' title='bbox 248 3918 410 3976; x_wconf 87' lang='lat' dir='ltr'><strong>aestimari:</strong></span> <span class='ocrx_word' id='word_1_470' title='bbox 439 3916 551 3995; x_wconf 86' lang='lat' dir='ltr'><strong>reliqua</strong></span> <span class='ocrx_word' id='word_1_471' title='bbox 571 3916 669 3974; x_wconf 67' lang='lat' dir='ltr'><strong>«amnia</strong></span> <span class='ocrx_word' id='word_1_472' title='bbox 688 3921 718 3974; x_wconf 91' lang='lat' dir='ltr'><strong>et</strong></span> <span class='ocrx_word' id='word_1_473' title='bbox 737 3916 863 3994; x_wconf 86' lang='lat' dir='ltr'><strong>singula,</strong></span> <span class='ocrx_word' id='word_1_474' title='bbox 917 3919 1083 4000; x_wconf 86' lang='lat' dir='ltr'><strong>jugatorum</strong></span> <span class='ocrx_word' id='word_1_475' title='bbox 1103 3932 1194 3985; x_wconf 87' lang='lat' dir='ltr'><strong>amor,</strong></span> <span class='ocrx_word' id='word_1_476' title='bbox 1214 3915 1384 3995; x_wconf 85' lang='lat' dir='ltr'><strong>pracsertim</strong></span> <span class='ocrx_word' id='word_1_477' title='bbox 1407 3913 1545 3975; x_wconf 86' lang='lat' dir='ltr'><strong>nobilium</strong></span> <span class='ocrx_word' id='word_1_478' title='bbox 1565 3923 1596 3978; x_wconf 90' lang='lat' dir='ltr'><strong>et</strong></span> <span class='ocrx_word' id='word_1_479' title='bbox 1613 3920 1718 4001; x_wconf 91' lang='lat' dir='ltr'><strong>princi·</strong></span> 
     </span>
     <span class='ocr_line' id='line_1_59' title="bbox 66 4005 1719 4092; baseline 0.005 -25"><span class='ocrx_word' id='word_1_480' title='bbox 66 4009 194 4087; x_wconf 86' lang='lat' dir='ltr'><strong>singuiis</strong></span> <span class='ocrx_word' id='word_1_481' title='bbox 214 4011 350 4077; x_wconf 86' lang='lat' dir='ltr'><strong>remittit,</strong></span> <span class='ocrx_word' id='word_1_482' title='bbox 376 4030 440 4070; x_wconf 89' lang='lat' dir='ltr'><strong>cum</strong></span> <span class='ocrx_word' id='word_1_483' title='bbox 466 4010 621 4086; x_wconf 81' lang='lat' dir='ltr'><strong>gratiarum</strong></span> <span class='ocrx_word' id='word_1_484' title='bbox 645 4010 771 4069; x_wconf 86' lang='lat' dir='ltr'><strong>actione.</strong></span> <span class='ocrx_word' id='word_1_485' title='bbox 817 4009 864 4070; x_wconf 85' lang='lat' dir='ltr'><strong>lia</strong></span> <span class='ocrx_word' id='word_1_486' title='bbox 921 4030 987 4090; x_wconf 76' lang='lat' dir='ltr'><strong>pun</strong></span> <span class='ocrx_word' id='word_1_487' title='bbox 1009 4011 1149 4069; x_wconf 79' lang='lat' dir='ltr'><strong>virorum:</strong></span> <span class='ocrx_word' id='word_1_488' title='bbox 1177 4028 1213 4067; x_wconf 88' lang='lat' dir='ltr'><strong>eo</strong></span> <span class='ocrx_word' id='word_1_489' title='bbox 1240 4005 1318 4086; x_wconf 92' lang='lat' dir='ltr'><strong>quod</strong></span> <span class='ocrx_word' id='word_1_490' title='bbox 1342 4008 1457 4089; x_wconf 89' lang='lat' dir='ltr'><strong>puellas</strong></span> <span class='ocrx_word' id='word_1_491' title='bbox 1477 4029 1624 4092; x_wconf 90' lang='lat' dir='ltr'><strong>nunquam</strong></span> <span class='ocrx_word' id='word_1_492' title='bbox 1648 4022 1719 4076; x_wconf 88' lang='lat' dir='ltr'><strong>autc</strong></span> 
     </span>
     <span class='ocr_line' id='line_1_60' title="bbox 65 4100 1718 4189; baseline 0.004 -28"><span class='ocrx_word' id='word_1_493' title='bbox 65 4122 144 4184; x_wconf 86' lang='lat' dir='ltr'><strong>quse</strong></span> <span class='ocrx_word' id='word_1_494' title='bbox 164 4103 306 4173; x_wconf 80' lang='lat' dir='ltr'><strong>serravit,</strong></span> <span class='ocrx_word' id='word_1_495' title='bbox 325 4104 355 4162; x_wconf 93' lang='lat' dir='ltr'><strong>in</strong></span> <span class='ocrx_word' id='word_1_496' title='bbox 375 4104 442 4162; x_wconf 88' lang='lat' dir='ltr'><strong>anni</strong></span> <span class='ocrx_word' id='word_1_497' title='bbox 463 4104 565 4182; x_wconf 72' lang='lat' dir='ltr'><strong>spracio</strong></span> <span class='ocrx_word' id='word_1_498' title='bbox 581 4104 665 4185; x_wconf 83' lang='lat' dir='ltr'><strong>juxta</strong></span> <span class='ocrx_word' id='word_1_499' title='bbox 686 4103 863 4163; x_wconf 87' lang='lat' dir='ltr'><strong>aestimatio·</strong></span> <span class='ocrx_word' id='word_1_500' title='bbox 922 4104 1003 4162; x_wconf 86' lang='lat' dir='ltr'><strong>visas</strong></span> <span class='ocrx_word' id='word_1_501' title='bbox 1028 4100 1154 4160; x_wconf 86' lang='lat' dir='ltr'><strong>ducuutr</strong></span> <span class='ocrx_word' id='word_1_502' title='bbox 1187 4118 1221 4157; x_wconf 83' lang='lat' dir='ltr'><strong>ae</strong></span> <span class='ocrx_word' id='word_1_503' title='bbox 1248 4100 1376 4162; x_wconf 76' lang='lat' dir='ltr'><strong>sen-teis</strong></span> <span class='ocrx_word' id='word_1_504' title='bbox 1398 4100 1544 4182; x_wconf 86' lang='lat' dir='ltr'><strong>Principis</strong></span> <span class='ocrx_word' id='word_1_505' title='bbox 1571 4108 1718 4189; x_wconf 82' lang='lat' dir='ltr'><strong>occupati,</strong></span> 
     </span>
     <span class='ocr_line' id='line_1_61' title="bbox 65 4194 1718 4283; baseline 0.004 -27"><span class='ocrx_word' id='word_1_506' title='bbox 65 4216 145 4263; x_wconf 90' lang='lat' dir='ltr'><strong>nem,</strong></span> <span class='ocrx_word' id='word_1_507' title='bbox 166 4196 298 4276; x_wconf 85' lang='lat' dir='ltr'><strong>pecunia,</strong></span> <span class='ocrx_word' id='word_1_508' title='bbox 318 4199 368 4255; x_wconf 90' lang='lat' dir='ltr'><strong>aut</strong></span> <span class='ocrx_word' id='word_1_509' title='bbox 386 4194 443 4254; x_wconf 87' lang='lat' dir='ltr'><strong>alia</strong></span> <span class='ocrx_word' id='word_1_510' title='bbox 463 4195 561 4275; x_wconf 84' lang='lat' dir='ltr'><strong>aliqua</strong></span> <span class='ocrx_word' id='word_1_511' title='bbox 581 4216 613 4254; x_wconf 92' lang='lat' dir='ltr'><strong>rc</strong></span> <span class='ocrx_word' id='word_1_512' title='bbox 632 4196 767 4272; x_wconf 86' lang='lat' dir='ltr'><strong>aequalis</strong></span> <span class='ocrx_word' id='word_1_513' title='bbox 785 4196 863 4255; x_wconf 82' lang='lat' dir='ltr'><strong>vaio-</strong></span> <span class='ocrx_word' id='word_1_514' title='bbox 922 4195 1062 4255; x_wconf 88' lang='lat' dir='ltr'><strong>deserere</strong></span> <span class='ocrx_word' id='word_1_515' title='bbox 1082 4212 1135 4251; x_wconf 87' lang='lat' dir='ltr'><strong>aas</strong></span> <span class='ocrx_word' id='word_1_516' title='bbox 1156 4202 1312 4268; x_wconf 81' lang='lat' dir='ltr'><strong>eoguntur,</strong></span> <span class='ocrx_word' id='word_1_517' title='bbox 1332 4194 1428 4257; x_wconf 90' lang='lat' dir='ltr'><strong>aliena</strong></span> <span class='ocrx_word' id='word_1_518' title='bbox 1447 4196 1561 4258; x_wconf 89' lang='lat' dir='ltr'><strong>interim</strong></span> <span class='ocrx_word' id='word_1_519' title='bbox 1580 4201 1718 4283; x_wconf 82' lang='lat' dir='ltr'><strong>turpique</strong></span> 
     </span>
     <span class='ocr_line' id='line_1_62' title="bbox 65 4284 1393 4370; baseline 0.001 -22"><span class='ocrx_word' id='word_1_520' title='bbox 65 4291 107 4349; x_wconf 86' lang='lat' dir='ltr'><strong>ris</strong></span> <span class='ocrx_word' id='word_1_521' title='bbox 127 4293 310 4370; x_wconf 87' lang='lat' dir='ltr'><strong>compensat.</strong></span> <span class='ocrx_word' id='word_1_522' title='bbox 354 4285 448 4346; x_wconf 88' lang='lat' dir='ltr'><strong>Porro</strong></span> <span class='ocrx_word' id='word_1_523' title='bbox 468 4290 494 4349; x_wconf 90' lang='lat' dir='ltr'><strong>si</strong></span> <span class='ocrx_word' id='word_1_524' title='bbox 514 4286 622 4365; x_wconf 88' lang='lat' dir='ltr'><strong>aliquis</strong></span> <span class='ocrx_word' id='word_1_525' title='bbox 642 4284 751 4346; x_wconf 90' lang='lat' dir='ltr'><strong>donum</strong></span> <span class='ocrx_word' id='word_1_526' title='bbox 776 4309 863 4349; x_wconf 89' lang='lat' dir='ltr'><strong>suum</strong></span> <span class='ocrx_word' id='word_1_527' title='bbox 921 4286 1042 4348; x_wconf 86' lang='lat' dir='ltr'><strong>libidine</strong></span> <span class='ocrx_word' id='word_1_528' title='bbox 1060 4305 1132 4346; x_wconf 86' lang='lat' dir='ltr'><strong>sese</strong></span> <span class='ocrx_word' id='word_1_529' title='bbox 1151 4286 1393 4349; x_wconf 85' lang='lat' dir='ltr'><strong>contaminantes.</strong></span> 
     </span>
    </p>

    <p class='ocr_par' dir='ltr' id='par_1_10' title="bbox 57 4376 1719 5207">
     <span class='ocr_line' id='line_1_63' title="bbox 65 4376 1718 4467; baseline 0.001 -25"><span class='ocrx_word' id='word_1_530' title='bbox 65 4383 159 4465; x_wconf 89' lang='lat' dir='ltr'><strong>pluris</strong></span> <span class='ocrx_word' id='word_1_531' title='bbox 180 4382 292 4451; x_wconf 88' lang='lat' dir='ltr'><strong>iecerit,</strong></span> <span class='ocrx_word' id='word_1_532' title='bbox 313 4388 371 4441; x_wconf 88' lang='lat' dir='ltr'><strong>tum</strong></span> <span class='ocrx_word' id='word_1_533' title='bbox 393 4400 525 4460; x_wconf 81' lang='lat' dir='ltr'><strong>sponsus</strong></span> <span class='ocrx_word' id='word_1_534' title='bbox 544 4380 582 4439; x_wconf 88' lang='lat' dir='ltr'><strong>ad</strong></span> <span class='ocrx_word' id='word_1_535' title='bbox 597 4381 887 4467; x_wconf 71' lang='lat' dir='ltr'><strong>juratosaestima·⁸</strong></span> <span class='ocrx_word' id='word_1_536' title='bbox 997 4378 1151 4441; x_wconf 85' lang='lat' dir='ltr'><strong>Mulierum</strong></span> <span class='ocrx_word' id='word_1_537' title='bbox 1171 4376 1300 4441; x_wconf 87' lang='lat' dir='ltr'><strong>conditio</strong></span> <span class='ocrx_word' id='word_1_538' title='bbox 1321 4383 1481 4443; x_wconf 89' lang='lat' dir='ltr'><strong>miserrima</strong></span> <span class='ocrx_word' id='word_1_539' title='bbox 1500 4388 1557 4445; x_wconf 78' lang='lat' dir='ltr'><strong>eat.</strong></span> <span class='ocrx_word' id='word_1_540' title='bbox 1602 4382 1718 4444; x_wconf 77' lang='lat' dir='ltr'><strong>Nullan</strong></span> 
     </span>
     <span class='ocr_line' id='line_1_64' title="bbox 64 4471 1718 4551; baseline -0.001 -17"><span class='ocrx_word' id='word_1_541' title='bbox 64 4486 148 4534; x_wconf 86' lang='lat' dir='ltr'><strong>tores</strong></span> <span class='ocrx_word' id='word_1_542' title='bbox 168 4477 305 4535; x_wconf 91' lang='lat' dir='ltr'><strong>continuo</strong></span> <span class='ocrx_word' id='word_1_543' title='bbox 326 4474 462 4542; x_wconf 89' lang='lat' dir='ltr'><strong>recurrit,</strong></span> <span class='ocrx_word' id='word_1_544' title='bbox 488 4473 625 4551; x_wconf 87' lang='lat' dir='ltr'><strong>iliumque</strong></span> <span class='ocrx_word' id='word_1_545' title='bbox 650 4471 752 4533; x_wconf 88' lang='lat' dir='ltr'><strong>borum</strong></span> <span class='ocrx_word' id='word_1_546' title='bbox 777 4475 864 4535; x_wconf 85' lang='lat' dir='ltr'><strong>aesti-</strong></span> <span class='ocrx_word' id='word_1_547' title='bbox 922 4476 998 4535; x_wconf 88' lang='lat' dir='ltr'><strong>enim</strong></span> <span class='ocrx_word' id='word_1_548' title='bbox 1020 4473 1172 4534; x_wconf 85' lang='lat' dir='ltr'><strong>honestam</strong></span> <span class='ocrx_word' id='word_1_549' title='bbox 1195 4472 1326 4545; x_wconf 89' lang='lat' dir='ltr'><strong>credunt,</strong></span> <span class='ocrx_word' id='word_1_550' title='bbox 1346 4476 1403 4536; x_wconf 87' lang='lat' dir='ltr'><strong>nisi</strong></span> <span class='ocrx_word' id='word_1_551' title='bbox 1423 4475 1501 4537; x_wconf 88' lang='lat' dir='ltr'><strong>domi</strong></span> <span class='ocrx_word' id='word_1_552' title='bbox 1522 4477 1663 4536; x_wconf 84' lang='lat' dir='ltr'><strong>conclusa</strong></span> <span class='ocrx_word' id='word_1_553' title='bbox 1678 4475 1718 4533; x_wconf 88' lang='lat' dir='ltr'><strong>vi·</strong></span> 
     </span>
     <span class='ocr_line' id='line_1_65' title="bbox 65 4566 1717 4646; baseline -0.002 -18"><span class='ocrx_word' id='word_1_554' title='bbox 65 4570 184 4628; x_wconf 75' lang='lat' dir='ltr'><strong>nationi</strong></span> <span class='ocrx_word' id='word_1_555' title='bbox 204 4567 341 4628; x_wconf 88' lang='lat' dir='ltr'><strong>standum</strong></span> <span class='ocrx_word' id='word_1_556' title='bbox 363 4585 434 4625; x_wconf 88' lang='lat' dir='ltr'><strong>esso</strong></span> <span class='ocrx_word' id='word_1_557' title='bbox 454 4566 540 4641; x_wconf 86' lang='lat' dir='ltr'><strong>cogit.</strong></span> <span class='ocrx_word' id='word_1_558' title='bbox 582 4568 653 4625; x_wconf 90' lang='lat' dir='ltr'><strong>item</strong></span> <span class='ocrx_word' id='word_1_559' title='bbox 679 4567 707 4625; x_wconf 90' lang='lat' dir='ltr'><strong>si</strong></span> <span class='ocrx_word' id='word_1_560' title='bbox 732 4586 864 4645; x_wconf 84' lang='lat' dir='ltr'><strong>sponsus</strong></span> <span class='ocrx_word' id='word_1_561' title='bbox 922 4574 979 4639; x_wconf 82' lang='lat' dir='ltr'><strong>rat,</strong></span> <span class='ocrx_word' id='word_1_562' title='bbox 1000 4567 1135 4646; x_wconf 88' lang='lat' dir='ltr'><strong>adeoque</strong></span> <span class='ocrx_word' id='word_1_563' title='bbox 1155 4566 1352 4639; x_wconf 86' lang='lat' dir='ltr'><strong>custodiatur,</strong></span> <span class='ocrx_word' id='word_1_564' title='bbox 1371 4574 1402 4629; x_wconf 85' lang='lat' dir='ltr'><strong>ut</strong></span> <span class='ocrx_word' id='word_1_565' title='bbox 1423 4587 1565 4646; x_wconf 90' lang='lat' dir='ltr'><strong>nusquam</strong></span> <span class='ocrx_word' id='word_1_566' title='bbox 1587 4566 1717 4642; x_wconf 86' lang='lat' dir='ltr'><strong>prodeat,</strong></span> 
     </span>
     <span class='ocr_line' id='line_1_66' title="bbox 66 4658 1718 4743; baseline -0.001 -22"><span class='ocrx_word' id='word_1_567' title='bbox 66 4670 135 4742; x_wconf 81' lang='lat' dir='ltr'><strong>post</strong></span> <span class='ocrx_word' id='word_1_568' title='bbox 155 4661 287 4741; x_wconf 85' lang='lat' dir='ltr'><strong>elapsum</strong></span> <span class='ocrx_word' id='word_1_569' title='bbox 308 4678 415 4719; x_wconf 88' lang='lat' dir='ltr'><strong>annum</strong></span> <span class='ocrx_word' id='word_1_570' title='bbox 437 4676 496 4715; x_wconf 92' lang='lat' dir='ltr'><strong>non</strong></span> <span class='ocrx_word' id='word_1_571' title='bbox 516 4658 707 4729; x_wconf 80' lang='lat' dir='ltr'><strong>satisfecerit,</strong></span> <span class='ocrx_word' id='word_1_572' title='bbox 733 4668 784 4722; x_wconf 89' lang='lat' dir='ltr'><strong>aut</strong></span> <span class='ocrx_word' id='word_1_573' title='bbox 805 4684 864 4723; x_wconf 89' lang='lat' dir='ltr'><strong>mu·</strong></span> <span class='ocrx_word' id='word_1_574' title='bbox 922 4662 1029 4724; x_wconf 91' lang='lat' dir='ltr'><strong>Parum</strong></span> <span class='ocrx_word' id='word_1_575' title='bbox 1051 4662 1167 4743; x_wconf 89' lang='lat' dir='ltr'><strong>inquam</strong></span> <span class='ocrx_word' id='word_1_576' title='bbox 1189 4660 1321 4738; x_wconf 87' lang='lat' dir='ltr'><strong>pudicam</strong></span> <span class='ocrx_word' id='word_1_577' title='bbox 1343 4663 1525 4729; x_wconf 79' lang='lat' dir='ltr'><strong>existimant,</strong></span> <span class='ocrx_word' id='word_1_578' title='bbox 1545 4659 1571 4715; x_wconf 83' lang='lat' dir='ltr'><strong>si</strong></span> <span class='ocrx_word' id='word_1_579' title='bbox 1591 4658 1629 4716; x_wconf 86' lang='lat' dir='ltr'><strong>ab</strong></span> <span class='ocrx_word' id='word_1_580' title='bbox 1649 4658 1718 4720; x_wconf 84' lang='lat' dir='ltr'><strong>alic·</strong></span> 
     </span>
     <span class='ocr_line' id='line_1_67' title="bbox 66 4750 1718 4834; baseline 0.002 -22"><span class='ocrx_word' id='word_1_581' title='bbox 66 4774 123 4813; x_wconf 88' lang='lat' dir='ltr'><strong>nus</strong></span> <span class='ocrx_word' id='word_1_582' title='bbox 142 4758 296 4831; x_wconf 82' lang='lat' dir='ltr'><strong>acceptum</strong></span> <span class='ocrx_word' id='word_1_583' title='bbox 317 4772 376 4811; x_wconf 91' lang='lat' dir='ltr'><strong>non</strong></span> <span class='ocrx_word' id='word_1_584' title='bbox 397 4750 565 4819; x_wconf 86' lang='lat' dir='ltr'><strong>restituerit,</strong></span> <span class='ocrx_word' id='word_1_585' title='bbox 585 4756 644 4810; x_wconf 93' lang='lat' dir='ltr'><strong>tum</strong></span> <span class='ocrx_word' id='word_1_586' title='bbox 663 4752 692 4810; x_wconf 94' lang='lat' dir='ltr'><strong>in</strong></span> <span class='ocrx_word' id='word_1_587' title='bbox 714 4752 801 4834; x_wconf 89' lang='lat' dir='ltr'><strong>duplo</strong></span> <span class='ocrx_word' id='word_1_588' title='bbox 816 4774 863 4814; x_wconf 86' lang='lat' dir='ltr'><strong>sa·</strong></span> <span class='ocrx_word' id='word_1_589' title='bbox 923 4758 969 4816; x_wconf 91' lang='lat' dir='ltr'><strong>nis</strong></span> <span class='ocrx_word' id='word_1_590' title='bbox 989 4754 1157 4815; x_wconf 82' lang='lat' dir='ltr'><strong>externisve</strong></span> <span class='ocrx_word' id='word_1_591' title='bbox 1176 4756 1381 4834; x_wconf 86' lang='lat' dir='ltr'><strong>conspiciatur.</strong></span> <span class='ocrx_word' id='word_1_592' title='bbox 1421 4750 1508 4810; x_wconf 87' lang='lat' dir='ltr'><strong>Domi</strong></span> <span class='ocrx_word' id='word_1_593' title='bbox 1533 4758 1630 4810; x_wconf 88' lang='lat' dir='ltr'><strong>autem</strong></span> <span class='ocrx_word' id='word_1_594' title='bbox 1650 4774 1718 4814; x_wconf 89' lang='lat' dir='ltr'><strong>con·</strong></span> 
     </span>
     <span class='ocr_line' id='line_1_68' title="bbox 64 4841 1718 4925; baseline 0.002 -21"><span class='ocrx_word' id='word_1_595' title='bbox 64 4845 204 4907; x_wconf 85' lang='lat' dir='ltr'><strong>tisiacerc</strong></span> <span class='ocrx_word' id='word_1_596' title='bbox 224 4852 349 4907; x_wconf 88' lang='lat' dir='ltr'><strong>tenetur.</strong></span> <span class='ocrx_word' id='word_1_597' title='bbox 392 4845 528 4925; x_wconf 83' lang='lat' dir='ltr'><strong>liebiquo</strong></span> <span class='ocrx_word' id='word_1_598' title='bbox 556 4845 582 4905; x_wconf 92' lang='lat' dir='ltr'><strong>si</strong></span> <span class='ocrx_word' id='word_1_599' title='bbox 608 4846 735 4925; x_wconf 85' lang='lat' dir='ltr'><strong>alicujus</strong></span> <span class='ocrx_word' id='word_1_600' title='bbox 755 4845 864 4906; x_wconf 87' lang='lat' dir='ltr'><strong>donum</strong></span> <span class='ocrx_word' id='word_1_601' title='bbox 922 4850 1036 4919; x_wconf 87' lang='lat' dir='ltr'><strong>clusae,</strong></span> <span class='ocrx_word' id='word_1_602' title='bbox 1056 4852 1126 4905; x_wconf 91' lang='lat' dir='ltr'><strong>nent</strong></span> <span class='ocrx_word' id='word_1_603' title='bbox 1139 4846 1330 4914; x_wconf 78' lang='lat' dir='ltr'><strong>duntaxat,et</strong></span> <span class='ocrx_word' id='word_1_604' title='bbox 1342 4841 1535 4903; x_wconf 83' lang='lat' dir='ltr'><strong>tiiatrairunt:</strong></span> <span class='ocrx_word' id='word_1_605' title='bbox 1556 4842 1626 4904; x_wconf 92' lang='lat' dir='ltr'><strong>nibil</strong></span> <span class='ocrx_word' id='word_1_606' title='bbox 1640 4866 1718 4925; x_wconf 92' lang='lat' dir='ltr'><strong>pror·</strong></span> 
     </span>
     <span class='ocr_line' id='line_1_69' title="bbox 57 4933 1718 5022; baseline 0.001 -23"><span class='ocrx_word' id='word_1_607' title='bbox 57 4942 168 5022; x_wconf 85' lang='lat' dir='ltr'><strong>juratis</strong></span> <span class='ocrx_word' id='word_1_608' title='bbox 188 4938 401 5002; x_wconf 88' lang='lat' dir='ltr'><strong>aestimandum</strong></span> <span class='ocrx_word' id='word_1_609' title='bbox 424 4939 495 5000; x_wconf 88' lang='lat' dir='ltr'><strong>darc</strong></span> <span class='ocrx_word' id='word_1_610' title='bbox 515 4937 685 5018; x_wconf 86' lang='lat' dir='ltr'><strong>neglexerit,</strong></span> <span class='ocrx_word' id='word_1_611' title='bbox 706 4958 745 4997; x_wconf 84' lang='lat' dir='ltr'><strong>ex</strong></span> <span class='ocrx_word' id='word_1_612' title='bbox 764 4938 864 4999; x_wconf 86' lang='lat' dir='ltr'><strong>volun·</strong></span> <span class='ocrx_word' id='word_1_613' title='bbox 921 4962 976 5002; x_wconf 89' lang='lat' dir='ltr'><strong>sus</strong></span> <span class='ocrx_word' id='word_1_614' title='bbox 992 4940 1069 5021; x_wconf 90' lang='lat' dir='ltr'><strong>juris</strong></span> <span class='ocrx_word' id='word_1_615' title='bbox 1088 4946 1140 4999; x_wconf 87' lang='lat' dir='ltr'><strong>aut</strong></span> <span class='ocrx_word' id='word_1_616' title='bbox 1160 4939 1270 5017; x_wconf 88' lang='lat' dir='ltr'><strong>negotii</strong></span> <span class='ocrx_word' id='word_1_617' title='bbox 1290 4938 1319 4994; x_wconf 90' lang='lat' dir='ltr'><strong>iu</strong></span> <span class='ocrx_word' id='word_1_618' title='bbox 1339 4933 1463 4995; x_wconf 85' lang='lat' dir='ltr'><strong>aedibus</strong></span> <span class='ocrx_word' id='word_1_619' title='bbox 1488 4933 1606 4997; x_wconf 88' lang='lat' dir='ltr'><strong>babent.</strong></span> <span class='ocrx_word' id='word_1_620' title='bbox 1648 4938 1718 5001; x_wconf 91' lang='lat' dir='ltr'><strong>0m-</strong></span> 
     </span>
     <span class='ocr_line' id='line_1_70' title="bbox 61 5028 1719 5115; baseline 0.002 -23"><span class='ocrx_word' id='word_1_621' title='bbox 61 5038 126 5094; x_wconf 85' lang='lat' dir='ltr'><strong>tato</strong></span> <span class='ocrx_word' id='word_1_622' title='bbox 144 5044 235 5114; x_wconf 84' lang='lat' dir='ltr'><strong>atquc</strong></span> <span class='ocrx_word' id='word_1_623' title='bbox 254 5033 373 5094; x_wconf 87' lang='lat' dir='ltr'><strong>arbitrio</strong></span> <span class='ocrx_word' id='word_1_624' title='bbox 394 5035 460 5115; x_wconf 88' lang='lat' dir='ltr'><strong>ejus</strong></span> <span class='ocrx_word' id='word_1_625' title='bbox 480 5032 529 5111; x_wconf 89' lang='lat' dir='ltr'><strong>qui</strong></span> <span class='ocrx_word' id='word_1_626' title='bbox 550 5029 631 5091; x_wconf 88' lang='lat' dir='ltr'><strong>dedit</strong></span> <span class='ocrx_word' id='word_1_627' title='bbox 651 5050 792 5109; x_wconf 85' lang='lat' dir='ltr'><strong>reponere</strong></span> <span class='ocrx_word' id='word_1_628' title='bbox 817 5052 864 5093; x_wconf 92' lang='lat' dir='ltr'><strong>co·</strong></span> <span class='ocrx_word' id='word_1_629' title='bbox 922 5052 977 5093; x_wconf 87' lang='lat' dir='ltr'><strong>nos</strong></span> <span class='ocrx_word' id='word_1_630' title='bbox 1004 5031 1121 5091; x_wconf 81' lang='lat' dir='ltr'><strong>iabores</strong></span> <span class='ocrx_word' id='word_1_631' title='bbox 1150 5028 1305 5087; x_wconf 88' lang='lat' dir='ltr'><strong>domestici</strong></span> <span class='ocrx_word' id='word_1_632' title='bbox 1336 5048 1486 5088; x_wconf 84' lang='lat' dir='ltr'><strong>servorum</strong></span> <span class='ocrx_word' id='word_1_633' title='bbox 1516 5050 1604 5113; x_wconf 90' lang='lat' dir='ltr'><strong>opera</strong></span> <span class='ocrx_word' id='word_1_634' title='bbox 1636 5033 1719 5098; x_wconf 72' lang='lat' dir='ltr'><strong>liunt.</strong></span> 
     </span>
     <span class='ocr_line' id='line_1_71' title="bbox 60 5120 1718 5207; baseline 0.001 -22"><span class='ocrx_word' id='word_1_635' title='bbox 60 5127 149 5202; x_wconf 76' lang='lat' dir='ltr'><strong>ginrr.</strong></span> <span class='ocrx_word' id='word_1_636' title='bbox 195 5128 294 5205; x_wconf 82' lang='lat' dir='ltr'><strong>Atque</strong></span> <span class='ocrx_word' id='word_1_637' title='bbox 320 5126 401 5185; x_wconf 85' lang='lat' dir='ltr'><strong>bunc</strong></span> <span class='ocrx_word' id='word_1_638' title='bbox 425 5144 532 5183; x_wconf 73' lang='lat' dir='ltr'><strong>norem</strong></span> <span class='ocrx_word' id='word_1_639' title='bbox 567 5126 673 5201; x_wconf 80' lang='lat' dir='ltr'><strong>vulgus</strong></span> <span class='ocrx_word' id='word_1_640' title='bbox 704 5125 798 5204; x_wconf 74' lang='lat' dir='ltr'><strong>ipsun</strong></span> <span class='ocrx_word' id='word_1_641' title='bbox 832 5126 862 5186; x_wconf 90' lang='lat' dir='ltr'><strong>in</strong></span> <span class='ocrx_word' id='word_1_642' title='bbox 923 5120 1072 5202; x_wconf 82' lang='lat' dir='ltr'><strong>Quicquid</strong></span> <span class='ocrx_word' id='word_1_643' title='bbox 1088 5120 1241 5181; x_wconf 83' lang='lat' dir='ltr'><strong>mulierum</strong></span> <span class='ocrx_word' id='word_1_644' title='bbox 1251 5121 1571 5195; x_wconf 73' lang='lat' dir='ltr'><strong>manibusauii&#39;ocatur,</strong></span> <span class='ocrx_word' id='word_1_645' title='bbox 1591 5126 1657 5186; x_wconf 86' lang='lat' dir='ltr'><strong>sira</strong></span> <span class='ocrx_word' id='word_1_646' title='bbox 1670 5146 1718 5207; x_wconf 69' lang='lat' dir='ltr'><strong>ga</strong></span> 
     </span>
    </p>
   </div>
   <div class='ocr_carea' id='block_1_8' title="bbox 1424 5234 1442 5292">
    <p class='ocr_par' dir='ltr' id='par_1_11' title="bbox 1424 5234 1442 5292">
     <span class='ocr_line' id='line_1_72' title="bbox 1424 5234 1442 5292; baseline 0 0"><span class='ocrx_word' id='word_1_647' title='bbox 1424 5234 1442 5292; x_wconf 71' lang='grc'>3</span> 
     </span>
    </p>
   </div>
   <div class='ocr_carea' id='block_1_9' title="bbox 0 0 1878 5626">
    <p class='ocr_par' dir='ltr' id='par_1_12' title="bbox 0 0 1878 5626">
     <span class='ocr_line' id='line_1_73' title="bbox 0 0 1878 5626; baseline 0 0"><span class='ocrx_word' id='word_1_648' title='bbox 0 0 1878 5626; x_wconf 95' lang='lat' dir='ltr'><strong> </strong></span> 
     </span>
    </p>
   </div>
  </div>
 </body>
</html>
