3742 5626
718 228 848 293 m!
860 204 1175 287 &stomacacen

334 440 438 485 ,rw-s
472 444 484 465 ι
510 414 619 459 ww
637 412 713 466 aas*
732 386 917 447 immussu-

243 492 269 578 ζ
287 552 310 579 .,.,
348 548 368 571 ,.
392 518 484 577 ,aaran
509 492 686 565 „asama
704 496 782 541 tissa
803 470 915 573 candet!

232 646 239 661 r
323 628 401 663 num
449 594 635 657 uwws'dfla
658 596 734 651 *Ma*
763 572 913 665 lldtltllllllfi

173 660 182 677 =
266 717 351 769 rw„
391 700 508 747 „rania⁸
536 688 720 753 peasa-rrum
757 664 787 721 ln
817 650 907 711 rmbtn

164 750 209 857 ,Η
238 840 244 849 .
278 826 298 849 a.
336 818 373 843 -υ
400 782 546 839 iwan
573 786 602 824 aa
624 754 908 845 bimembrem*

140 834 304 958 mmm„
333 890 450 943 ,ra-qne
475 884 515 925 'aa
530 880 626 921 annm·
636 848 733 929 sponsio
742 840 905 899 coniecisse

147 998 230 1041 ῑιυκι
282 992 410 1047 que-m
434 962 515 1019 abrs,
535 948 688 1023 tinguens
713 926 847 1029 lstqun,
869 934 904 1022 pe

192 1093 222 1127 r·
247 1084 280 1127 a..
295 1088 334 1119 aa
352 1074 492 1133 nequ-ras
516 1056 596 1125 parre
627 1013 848 1116 tenrpestatrbus
873 1026 903 1065 m

135 1112 212 1135 em·
279 1118 289 1141 ὦ
622 1114 791 1179 remoratum
809 1102 903 1161 luisse

974 378 1027 435 mr,
1045 358 1162 421 multum
1183 356 1279 410 tamen
1299 350 1380 430 proni
1400 351 1430 411 in
1449 351 1599 413 libidinem
1611 373 1683 413 esse
1696 377 1766 435 per·

970 458 1110 519 bibentur.
1153 442 1303 521 Sagittarii
1334 463 1419 522 porro
1450 446 1619 522 peritissimi
1645 468 1765 517 omnes,

967 546 1040 609 adso
1058 544 1090 599 nt
1113 537 1140 595 si
1170 558 1246 615 quas
1278 535 1436 597 nobiliores
1455 540 1483 597 in
1504 541 1659 600 venatione
1681 541 1766 603 ieras

965 634 1176 699 muciscantnr,
1196 650 1250 689 eas
1269 650 1327 709 quo
1345 631 1424 710 pelle
1444 632 1555 709 integra
1574 637 1604 691 et
1623 633 1765 695 irumacn·

962 728 1022 787 lata
1040 724 1196 804 potiantur,
1216 724 1310 783 missa
1330 724 1359 781 in
1379 725 1587 805 proboscidem
1600 728 1711 803 sagitta
1720 730 1761 789 in·

963 818 1117 877 terbciuut.
1155 814 1347 887 lllcrcatores,
1366 817 1501 895 aliosque
1521 818 1653 899 hospites
1679 842 1762 899 pere·

961 912 1069 987 grinos,
1088 908 1166 969 domi
1186 929 1253 967 curu
1274 929 1373 979 uxore,
1400 916 1536 971 renatum
1563 918 1669 971 cuntes
1696 916 1760 975 reli·

961 1007 1068 1081 qnuut;
1087 1003 1209 1073 reversi,
1230 1004 1257 1061 si
1269 1023 1390 1063 uxorem
1404 1002 1531 1081 hospitis
1544 1006 1762 1069 cousuetudine

960 1096 1068 1157 laetam
1087 1114 1124 1156 ac
1143 1094 1230 1153 solito
1257 1094 1422 1156 hilariorem
1452 1099 1607 1177 reperiunt,
1639 1120 1761 1161 munere.

775 1196 781 1211 ·
893 1235 903 1260 ,
960 1188 1057 1266 aliquo
1078 1186 1158 1247 huuc
1177 1186 1302 1249 donant:
1321 1190 1369 1249 siu
1388 1191 1495 1260 minus,
1513 1192 1636 1271 turpiter
1661 1194 1760 1271 expel-

883 1283 903 1331 '·
959 1280 1032 1341 lnut.
1070 1278 1138 1341 lam
1158 1282 1370 1342 consuetudine
1390 1282 1537 1343 homiuum
1561 1290 1762 1357 externorum,

131 1394 201 1503 ..la-a
218 1392 271 1497 ba,
298 1440 397 1487 irruere
420 1416 601 1491 preregranse,
643 1382 810 1449 Demetrius
835 1382 903 1435 rtem

123 1564 183 1595 ..aa
211 1552 260 1605 qm
293 1510 450 1577 scratinium·

136 1632 157 1685 Ἃ
212 1644 229 1679 e
251 1616 403 1677 litatorem
423 1614 467 1671 egr

472 1490 551 1575 opud
569 1498 710 1547 summum
728 1468 902 1535 Pontificem

460 1594 490 1657 't,
508 1606 545 1647 ox
562 1578 647 1655 cujus
665 1570 752 1629 etiam
762 1562 903 1623 relatione

480 1682 542 1741 iarn
562 1686 642 1731 suam
654 1656 819 1735 descripsit,
837 1674 903 1764 per·

118 1808 371 1969 :qg::⁸⁸'':q::l:;¹:'
387 1794 482 1937 lindi
499 1872 587 1933 supra
598 1848 728 1907 dictaita
745 1864 781 1903 sc
791 1834 902 1903 babere

126 2022 130 2031 .
173 2006 180 2053 p
192 1986 300 2051 ,um-p,
340 1970 492 2033 cnaterum
510 1948 540 2009 bi
559 1959 672 2009 omues,
690 1936 729 1997 dc
748 1934 902 2013 congelato

116 2014 216 2143 ΝΜ..
246 2074 303 2137 ,qr
321 2060 389 2127 ‚nn
409 2076 427 2113 a
446 2066 492 2107 aa
516 2032 698 2109 interrogati,
725 2028 796 2089 arun
822 2027 902 2089 anun

139 2204 164 2239 r.
176 2106 333 2235 ririiloiunt,
352 2138 481 2227 quamsi
501 2133 531 2191 in
550 2124 702 2187 maritimis
721 2124 797 2183 locis
815 2122 902 2202 pluri·

116 2206 139 2245 n
153 2200 180 2329 ..1,
199 2272 228 2323 „a
247 2250 387 2319 maximos
405 2230 518 2293 lluvios,
543 2238 664 2299 qnorum
684 2216 851 2277 vehementi
872 2221 903 2274 ct

112 2296 230 2425 :dinnao
248 2350 277 2405 in
298 2338 376 2401 lluxu
395 2320 486 2385 marin
504 2313 602 2391 longis
626 2311 739 2391 spaciis
764 2308 802 2367 ab
827 2308 902 2386 ipsis

110 2384 255 2517 litloribus
274 2420 478 2513 propelluntur,
497 2406 620 2473 vidisse,
640 2422 754 2483 eosque
773 2402 811 2462 ab
827 2402 902 2482 ipsis

109 2536 252 2607 littoribus
270 2538 322 2603 per
340 2514 421 2573 corto
439 2500 542 2581 spacia
561 2518 620 2558 nna
645 2516 711 2557 cum
735 2496 806 2557 mari
832 2514 902 2555 eon·

129 2628 215 2693 atari:
235 2618 276 2681 uti
296 2612 327 2669 tit
346 2606 375 2665 iu
395 2594 530 2661 Livnuia,
548 2591 674 2669 aliisque
695 2589 819 2651 Suetiae
838 2610 902 2669 par.

108 2658 199 2791 ilibus·
232 2698 364 2791 quamvis
389 2690 468 2751 euim
493 2685 726 2745 concurrentium
751 2688 903 2743 teritorum

110 2826 148 2881 ’,ῃ
160 2764 218 2873 ‚nin
236 2794 345 2881 glacies
364 2786 395 2843 in
413 2778 486 2841 mari
507 2776 665 2853 frangatur,
685 2777 714 2835 in
735 2776 903 2837 llumiuibus

108 2838 203 2973 ludeo
223 2910 297 2957 rann,
315 2876 362 2941 rel
381 2890 540 2950 nunqnam,
562 2870 618 2929 uisi
638 2868 789 2929 inundatio
804 2869 902 2949 aliqua

107 2985 302 3077 superveniat,
320 2968 435 3049 glacies
454 2974 517 3021 tum
538 2968 681 3039 congesta
692 2962 833 3033 elevatur,
852 2968 903 3023 aut

106 3086 256 3165 frangitum
274 3084 342 3129 nam
360 3058 521 3139 glacierum
541 3054 644 3125 frusta,
662 3056 813 3117 duriorum
833 3058 861 3115 vi
873 3057 902 3115 iu

107 3198 185 3247 mare
203 3167 312 3231 delata,
332 3172 383 3234 pcr
404 3148 684 3209 tolumlereanunm
696 3154 901 3227 supernatant:

106 3274 238 3343 adeoque
257 3248 375 3327 trigoris
395 3240 581 3303 vehementia
590 3241 686 3301 denuo
698 3247 904 3313 concrescunt,

104 3373 137 3429 „q
154 3342 311 3431 aliquando
331 3336 458 3419 plurium
477 3354 618 3393 arruornm
627 3334 749 3411 glaciem
768 3335 797 3393 in
814 3356 901 3394 unum

105 3450 277 3519 concretam,
307 3434 347 3491 ibi
367 3447 488 3488 cernere
508 3426 611 3501 liceat,
640 3426 671 3486 id
689 3427 770 3507 qnod
789 3448 825 3487 cx
846 3426 902 3489 sm.

104 3548 169 3611 θῇς,
189 3549 266 3613 quae
285 3548 303 3585 a
324 3521 421 3582 rentis
441 3520 470 3579 in
491 3518 573 3579 littus
586 3520 795 3601 propelluntur,
815 3520 902 3581 tacite

104 3624 298 3713 cognoscitur.
344 3611 488 3693 Equidem
518 3618 549 3671 et
577 3612 732 3675 Baltbeum
762 3634 840 3675 marc
872 3615 901 3675 in

104 3718 235 3815 plurimis
261 3710 337 3770 locis
364 3714 395 3765 ct
420 3706 542 3785 saepius
569 3706 727 3787 congelari,
745 3730 764 3767 a
783 3706 841 3767 tide
860 3706 901 3767 di·

103 3818 171 3901 gnis
189 3802 299 3871 audiri.
338 3798 497 3869 Dicebant,
526 3800 615 3859 etiam
649 3802 678 3859 in
709 3820 747 3860 ca
773 3802 901 3877 regione,

104 3922 180 3991 qaae
199 3918 218 3957 a
238 3894 309 3953 seris
328 3890 445 3975 boppis
465 3890 619 3963 habitatur,
643 3892 749 3953 Solem
767 3895 902 3953 aestivali

103 3990 232 4059 solstitio
251 3984 444 4065 qnadraginta
462 3984 569 4047 diebus
588 4008 645 4047 nou
665 3986 817 4047 occidere:
855 3988 902 4045 tri·

115 2110 170 2151 Mill

104 4096 161 4153 bus
179 4090 277 4143 tanen
290 4080 386 4139 noctis
396 4078 479 4139 boris
490 4100 596 4159 corpus
609 4080 684 4141 solis
696 4080 820 4157 caligine
832 4100 902 4159 qna·

102 4182 171 4245 dan
191 4172 361 4241 obductum,
388 4178 420 4233 nt
446 4170 526 4233 radii
545 4173 625 4233 illius
651 4194 709 4233 uon
733 4178 901 4253 appareant,

103 4268 212 4335 videri:
230 4270 402 4343 tantumque
419 4264 537 4325 luminis
551 4265 739 4327 nihilominus
752 4268 902 4345 praebere.

103 4370 139 4431 aa
155 4356 448 4423 moeniorum
460 4360 591 4419 tenebris
604 4361 785 4421 excludatur.
805 4362 901 4421 blosci

98 4458 226 4542 μυί,
243 4472 280 4513 se
298 4470 339 4513 ax
357 4450 416 4511 illis
442 4450 514 4513 loris
537 4450 653 4533 Loppis
679 4452 789 4513 babere
813 4456 902 4515 recti·

114 4546 170 4631 'lp
187 4544 268 4629 qnod
285 4546 344 4607 etsi
362 4544 520 4605 verisimile
539 4565 598 4605 non
615 4548 666 4617 sit,
684 4549 784 4607 mirum
803 4554 899 4608 tamen

118 4658 165 4712 nn
184 4644 243 4713 eat,
262 4658 330 4701 mam
356 4636 432 4699 alios
463 4638 577 4697 ricinos
609 4640 647 4699 ab
677 4640 751 4719 ipsis
775 4642 902 4719 vectigal

122 4730 260 4809 uidentes
278 4752 338 4795 non
357 4730 497 4793 babeant.
517 4730 630 4791 Tributi
650 4734 822 4793 autemloco
841 4736 903 4816 pel·

118 4842 154 4891 Ι
169 4830 203 4887 at
219 4828 332 4909 placas,
351 4844 419 4887 cnm
437 4822 519 4885 aliud
539 4844 596 4883 uon
608 4824 744 4897 babeant,
763 4828 904 4909 pendunt.

110 4916 259 4983 imbuto
276 4926 377 4984 autem
395 4940 495 4981 annun
514 4917 630 4989 tributo,
650 4922 757 4981 nemini
777 4924 902 5003 sequie-

103 5028 196 5094 μ
213 5010 332 5085 debere,
351 5014 458 5097 sinque
480 5034 517 5075 se
538 5014 617 5097 juris
641 5034 711 5075 esse
735 5016 902 5095 gloriantur.

158 5104 205 5187 apl
223 5108 355 5188 qua-ris
375 5130 461 5193 pane
481 5108 557 5179 sale,
581 5106 705 5189 aliisque
730 5110 818 5191 gedue
842 5112 906 5173 irri-

178 5198 246 5265 ntia
263 5206 393 5275 meant
410 5202 545 5283 solisque
555 5202 688 5285 piscibus
697 5210 728 5265 et
739 5204 812 5267 scria
821 5210 904 5269 utau-

960 1373 1011 1453 qni
1029 1380 1173 1453 quaestus
1192 1378 1285 1453 gratia
1304 1397 1339 1435 ee
1359 1382 1531 1446 commeant,
1551 1378 1761 1440 innatamleri-

959 1472 1049 1527 tatem
1069 1466 1227 1548 deponere,
1250 1490 1284 1529 ac
1305 1471 1520 1531 mansuetiores
1531 1472 1594 1529 lieri
1605 1471 1749 1551 incipiunt

959 1558 1143 1624 lilercatorcs
1150 1562 1274 1622 libenter
1282 1562 1446 1631 admittunt,
1456 1584 1474 1623 a
1486 1564 1594 1642 quibus
1604 1584 1642 1623 cx
1653 1584 1762 1625 crasso

960 1674 1059 1734 panno
1078 1660 1191 1725 restes,
1210 1656 1279 1715 item
1290 1676 1422 1717 secures.
1433 1678 1516 1731 acus,
1529 1656 1684 1727 coclearia,
1697 1658 1749 1717 cul

960 1748 1006 1817 tri,
1026 1748 1141 1827 pocula,
1161 1749 1263 1819 farina,
1282 1750 1367 1819 ollae,
1387 1750 1476 1829 idque
1496 1770 1593 1827 genus
1611 1749 1671 1809 alia
1681 1751 1759 1827 ipsis

960 1839 1132 1901 afferunturz
1166 1842 1207 1902 ita
1232 1848 1264 1901 nt
1282 1845 1376 1903 coctis
1395 1846 1459 1926 jam
1486 1844 1560 1903 cibis
1590 1849 1761 1913 vescantur,

960 1934 1206 2013 humanioresque
1219 1957 1315 1996 mores
1328 1936 1482 1996 induerint.
1505 1935 1660 2007 Vestibus,
1680 1956 1760 2017 quas

961 2029 1018 2107 ipsi
1047 2048 1087 2087 ex
1116 2026 1243 2087 diversis
1282 2030 1406 2089 serarum
1443 2030 1571 2108 pellibus
1600 2038 1761 2099 consuunt,

961 2126 1089 2193 utuntur,
1108 2140 1205 2199 eoque
1227 2122 1328 2183 babitu
1346 2126 1376 2183 in
1396 2122 1580 2183 dioscoriam
1599 2123 1759 2203 aliqnando

959 2214 1093 2273 veniunt:
1111 2217 1281 2293 paucissimi
1300 2222 1395 2277 tamen
1416 2216 1530 2294 caligis,
1549 2236 1586 2275 ae
1604 2216 1700 2295 pilcis,
1719 2238 1759 2277 ex

958 2306 1038 2388 pelle
1064 2309 1183 2369 cervina
1208 2310 1365 2379 conlectis,
1390 2314 1518 2369 utuntur.
1557 2307 1666 2368 Nullus
1698 2310 1758 2369 illis

960 2420 1067 2461 aureae
1087 2408 1118 2461 et
1135 2408 1296 2479 argenteae
1318 2406 1453 2461 monetae
1476 2422 1561 2471 usus,
1581 2402 1646 2462 sola
1660 2424 1757 2463 rerum

960 2496 1172 2573 permutatione
1193 2498 1356 2557 contentis:
1397 2500 1428 2555 et
1443 2516 1509 2555 cnm
1535 2494 1658 2555 aliorum
1685 2496 1756 2557 idio·

959 2594 1040 2647 mata
1064 2608 1122 2647 nou
1143 2588 1284 2660 calleant,
1310 2588 1389 2667 apud
1409 2594 1528 2647 exteros
1554 2589 1622 2647 muti
1649 2610 1757 2669 prope-

960 2680 1076 2741 modum
1098 2702 1170 2741 essc
1195 2682 1338 2741 ridentur.
1377 2680 1536 2759 'tuguriola
1560 2700 1614 2739 sua
1640 2685 1756 2739 cortici-

959 2775 1017 2834 bus
1036 2775 1169 2835 arbornm
1188 2782 1303 2854 tegunt:
1325 2782 1354 2833 et
1374 2796 1516 2853 nusquam
1540 2776 1635 2833 certas
1652 2772 1758 2847 ‚sedes

960 2866 1080 2939 babent,
1100 2868 1157 2929 scd
1176 2870 1342 2951 absumptis
1361 2890 1419 2928 uuo
1440 2870 1506 2927 loco
1526 2866 1595 2927 ieris
1614 2886 1652 2925 ac
1667 2866 1756 2945 pisci·

961 2962 1027 3033 bus,
1059 2962 1117 3023 alio
1139 2964 1270 3041 migrant.
1307 2960 1473 3021 Narrabant
1501 2962 1588 3021 etiam
1613 2959 1758 3039 praedicti

958 3054 1131 3117 dioscoriae
1140 3054 1287 3137 Principis
1298 3054 1435 3126 Oratore,
1454 3075 1489 3113 se
1510 3055 1539 3111 iu
1558 3050 1674 3113 eisdem
1692 3074 1756 3133 par·

958 3150 1038 3209 tibus
1048 3149 1209 3209 altissimos
1219 3160 1347 3221 ruentes,
1358 3148 1397 3209 ad
1413 3149 1531 3208 Aetnae
1539 3144 1757 3207 similitudinem

959 3242 1091 3303 llammas
1109 3263 1228 3321 semper
1247 3247 1416 3301 eructantes
1436 3240 1562 3299 uidisse:
1590 3246 1620 3297 ct
1639 3240 1668 3299 in
1688 3240 1757 3319 ipsa

957 3334 1125 3415 Nordvegia
1158 3334 1264 3394 multos
1293 3342 1409 3393 montes
1435 3338 1579 3413 perpetua
1598 3333 1756 3409 conllagra·

958 3430 1038 3489 tione
1063 3430 1206 3489 carnisse.
1261 3428 1329 3499 Oua
1348 3448 1380 3487 re
1401 3427 1518 3487 adducti
1538 3424 1670 3505 qnidam,
1688 3446 1756 3505 pnr-

959 3524 1102 3599 gatorinm
1121 3524 1218 3600 ignem
1237 3522 1277 3581 ibi
1297 3541 1368 3581 esse
1389 3520 1570 3591 fabulantur;
1589 3518 1628 3579 de
1648 3520 1758 3599 quibus

958 3618 1122 3687 montibus,
1156 3614 1225 3673 dnm
1254 3614 1400 3691 legatione
1431 3612 1510 3695 opud
1541 3610 1757 3673 Christieruum

958 3708 1109 3769 Dauorum
1128 3728 1228 3785 regem
1248 3708 1399 3787 fungerer,
1416 3705 1522 3766 eadem
1536 3704 1598 3765 sero
1611 3705 1649 3765 ab
1660 3704 1756 3765 Nord-

958 3804 1061 3881 regiae
1079 3800 1260 3871 Praefectis,
1291 3803 1341 3880 qui
1365 3808 1425 3859 tum
1451 3799 1526 3859 torte
1550 3796 1686 3869 aderant,
1706 3818 1755 3859 ac·

958 3898 1035 3975 cepi.
1085 3894 1171 3955 Circo
1195 3897 1273 3955 ostia
1291 3894 1441 3955 Peczorae
1467 3892 1562 3961 durii,
1587 3904 1755 3971 quaesunt

958 3989 1142 4049 dextrorsum
1161 3988 1199 4048 ab
1219 3987 1430 4047 ostiisllrinue
1450 3988 1531 4045 varia
1548 4002 1711 4061 magnaque
1725 3984 1757 4043 in

960 4082 1083 4143 Oceano
1103 4082 1238 4141 dicuntur
1256 4102 1327 4141 esse
1346 4080 1493 4143 animalia.
1529 4078 1606 4141 luter
1626 4076 1686 4137 alia
1705 4096 1755 4137 au·

959 4182 1033 4247 tem,
1054 4175 1161 4235 animal
1181 4174 1327 4253 quoddam
1350 4174 1545 4253 magnitudine
1562 4172 1658 4241 boris,
1676 4170 1755 4249 qnod

958 4273 1080 4330 accolae
1097 4268 1182 4329 Mors
1205 4268 1363 4349 appellant.
1413 4267 1527 4327 Breves
1551 4264 1638 4333 buic,
1664 4264 1756 4323 instar

960 4370 1133 4433 castrorum,
1152 4368 1223 4421 snut
1241 4361 1353 4442 pedes:
1372 4368 1492 4442 pectore
1512 4380 1564 4441 pro
1578 4356 1682 4437 reliqui
1694 4376 1755 4417 cor·

959 4455 1038 4535 poris
1057 4455 1104 4513 sui
1123 4456 1310 4535 proportione
1330 4457 1478 4537 aliquanto
1498 4454 1616 4521 altiore,
1639 4452 1756 4511 latiore·

959 4567 1032 4627 que,
1062 4546 1201 4609 dentibus
1229 4551 1429 4631 superioribus
1453 4548 1569 4607 dumus
1588 4546 1618 4603 in
1637 4544 1755 4623 longum

959 4642 1199 4723 prominentibus.
1246 4642 1313 4705 lloc
1332 4644 1439 4706 animal
1458 4640 1572 4701 sobolis
1591 4658 1628 4697 ac
1647 4638 1758 4717 quietis

960 4756 1065 4797 causa.
1086 4756 1153 4795 cum
1172 4739 1220 4796 sui
1239 4740 1357 4815 generis
1369 4736 1558 4805 arri-alibus,
1577 4730 1700 4791 Oceano
1711 4751 1757 4790 re-

959 4829 1028 4891 licto
1052 4831 1192 4907 gregatim
1213 4838 1328 4891 montes
1347 4832 1435 4911 petit:
1464 4828 1513 4885 ubi
1534 4830 1691 4901 ariteqnam
1709 4844 1757 4885 so-

960 4944 1042 4993 mno,
1072 4944 1131 5002 qno
1158 4930 1259 4985 riatura
1279 4923 1433 5005 profundio
1453 4943 1483 4981 re
1504 4918 1690 5001 opprimitur,
1720 4938 1757 4979 se

960 5016 1090 5087 dederit,
1108 5018 1241 5097 vigilem,
1259 5038 1362 5095 gruum
1381 5018 1487 5085 instar,
1506 5036 1543 5074 ex
1559 5029 1614 5071 sno
1635 5028 1757 5071 numero

961 5112 1130 5173 coustituit:
1159 5112 1210 5191 qui
1228 5109 1256 5169 si
1274 5107 1487 5179 obdormiscat,
1506 5112 1555 5168 aut
1576 5102 1651 5165 lorte
1671 5126 1691 5167 a
1709 5126 1756 5165 re-

963 5212 1064 5269 uatore
1089 5202 1254 5271 oeddatur,
1283 5201 1396 5282 reliqna
1415 5208 1475 5263 tum
1495 5198 1581 5261 tacite
1602 5206 1670 5285 oapi
1691 5224 1757 5283 pos·
