3742 5626
575 138 631 201 nn
655 139 791 203 sunno
812 137 1119 217 inusserunt),
1139 140 1264 203 {rnen
1285 140 1339 202 n.

132 304 198 380 ipse
217 302 288 363 llus
315 299 364 360 dle
384 302 497 361 urcrrsis
516 300 648 362 danuarii
671 303 812 361 uicesimo
836 306 938 380 quarto

132 394 260 457 Osimae
279 415 367 455 sacro
382 394 470 461 renit,
491 392 538 453 cni
558 394 587 455 in
609 394 777 455 menteriaur
799 394 840 454 rei
862 393 938 453 bene

130 494 235 566 gestae
255 485 394 568 ternplum
414 484 522 545 deinde
543 486 583 549 ibi
604 488 804 549 coonsecraeit:
831 486 936 567 primo·

131 602 188 661 que
213 582 243 640 in
269 578 373 639 aedem
400 578 579 651 salvatoris,
610 581 679 642 inde
706 580 876 649 Trinitatis,
906 579 934 637 iu

129 676 217 756 majus
241 670 365 733 tutelam
396 671 564 733 uemiuatim
585 676 692 737 ciritae
710 695 745 735 se
765 670 934 747 tradiderat,

128 763 334 835 descendens,
364 760 508 825 Vassiani
538 766 681 848 Episcopi
712 764 933 835 columnensis,

128 860 178 941 qni
198 879 234 919 ee
256 878 322 918 cum
343 856 393 918 illo
414 866 543 931 venerat,
564 866 738 941 captamque
757 858 930 920 tornurbcm

128 951 342 1033 prenuntiabat,
364 951 495 1011 oratione
516 954 721 1023 confirmatus,
742 952 844 1013 urbem
864 952 932 1013 diri·

126 1048 184 1124 pit:
210 1044 353 1106 Senatum
380 1064 513 1116 enarrem,
539 1065 734 1125 magnamque
758 1044 932 1107 Nobilitatis

127 1144 238 1218 partem
263 1139 294 1199 in
320 1136 437 1199 vincula
463 1138 601 1221 corrjieit:
634 1140 778 1219 novisque
804 1138 931 1199 coloniis

125 1230 265 1292 immissis
285 1232 315 1291 in
331 1230 518 1292 llleseoviam
538 1252 642 1293 secum
663 1232 799 1293 abducit:
819 1238 851 1291 ut
872 1252 929 1291 nou

124 1325 210 1405 pauci
234 1330 297 1385 tum
323 1330 428 1384 essent
458 1323 677 1397 eNobilitatc,
708 1325 757 1403 qui
778 1346 815 1385 ne
837 1325 930 1404 patria

124 1422 325 1478 inurerentur:
357 1417 491 1495 religioni
522 1438 558 1478 ac
583 1418 719 1478 societati
749 1416 838 1477 alicui
865 1416 928 1476 reli-

122 1513 271 1589 giosarum
293 1510 414 1571 fratrum
434 1531 469 1571 se
491 1512 700 1589 manciparent.
741 1510 790 1570 Ab
810 1530 927 1569 enrero

121 1611 252 1684 tempere
272 1604 301 1663 in
321 1602 483 1665 durissima
501 1604 644 1665 seruitute
670 1603 777 1664 ciritae
795 1622 927 1683 perman·

121 1698 172 1759 ort
212 1696 294 1758 Urbs
324 1697 355 1755 in
385 1695 595 1773 longitudinem
626 1701 774 1773 porrecta,
805 1716 862 1775 qua
889 1715 926 1757 ac

121 1789 317 1851 Occidentem
340 1794 461 1871 spectat
485 1790 654 1869 arogastiur,
679 1810 697 1847 s
723 1786 844 1847 meridie
865 1785 923 1847 Ve-

120 1885 178 1944 lice
204 1882 323 1943 flumine
349 1881 483 1943 alluitur:
514 1883 564 1961 qui
590 1903 626 1941 eo
659 1881 725 1941 lece
752 1902 810 1940 nnn
838 1880 924 1941 mode

120 1977 252 2045 nemine,
281 1973 338 2035 scd
365 1980 408 2035 tet
431 1974 500 2035 aliis
527 1974 696 2035 fluminibus
716 1974 860 2055 receptis,
891 1994 922 2033 re

118 2070 185 2147 lpse
203 2088 344 2147 maguae,
364 2068 494 2149 quinque
513 2066 588 2127 infra
608 2088 676 2127 euru
698 2088 837 2145 passuum
862 2066 922 2125 mil·

117 2161 196 2222 libus
216 2162 246 2221 iu
266 2157 390 2219 Pclbam
417 2160 513 2221 lacurn
540 2160 647 2221 influit:
675 2181 692 2221 a
721 2160 923 2241 septentrione

117 2254 303 2315 Plesceriam
328 2272 444 2313 anrrrem
469 2252 575 2328 babel,
608 2254 657 2335 qui
684 2274 741 2313 nou
768 2274 875 2331 magno
903 2273 921 2311 a

115 2345 302 2423 Nevegardia
323 2344 476 2406 intervella
497 2354 594 2415 ortus,
620 2347 722 2406 urbem
744 2347 793 2407 cui
814 2366 919 2405 nemen

116 2439 167 2501 det
187 2437 312 2500 mediam
331 2459 452 2511 secans,
472 2439 502 2499 iu
523 2438 657 2499 Velicam
678 2439 815 2500 illabitur.
850 2440 919 2518 lpsa

115 2537 144 2595 in
164 2539 226 2594 tres
245 2537 348 2613 partes
369 2529 523 2608 dividitor,
545 2552 622 2611 quae
648 2531 799 2611 singulae,
825 2530 918 2591 direr-

113 2629 159 2689 sis
178 2626 343 2707 interjectis
362 2627 454 2687 muris
475 2625 552 2684 inter
571 2646 607 2685 sc
626 2630 816 2705 separantem
846 2624 916 2684 alte·

115 2740 195 2791 rem,
228 2737 305 2797 quae
349 2717 536 2779 occidentem
572 2724 690 2798 spectat
723 2718 919 2799 Zapscoram,

111 2819 249 2889 unquam
273 2812 352 2871 ultra
378 2809 604 2871 l‘lescesianarn
634 2810 801 2889 appellant:
830 2810 916 2869 tertia

113 2908 144 2963 et
169 2900 269 2962 medie
294 2902 370 2961 inter
394 2899 452 2961 lass
479 2923 533 2963 arx
560 2907 622 2972 est,
652 2922 729 2982 quae
749 2907 779 2960 et
797 2901 865 2983 ipsa
885 2900 914 2960 ln

112 3005 175 3057 tres
195 2996 298 3075 partes
317 2992 471 3053 ‹tn-idun:
490 2994 682 3069 exteriorem,
702 3013 780 3073 quac
799 2992 838 3055 ad
857 3014 915 3053 me·

109 3088 214 3151 ridicm
233 3090 324 3167 atque
342 3084 451 3148 damen
472 3084 606 3148 Velicam
632 3086 760 3167 pertinet
779 3087 914 3147 Crescu-

109 3182 244 3243 neviam:
263 3179 387 3241 aberam
400 3176 631 3241 ilementorum:
651 3180 768 3239 tertiam
788 3178 913 3241 mediam

108 3274 232 3343 dictem,
260 3292 321 3332 nen
350 3270 389 3331 ad
407 3291 522 3342 arcem,
551 3271 607 3331 sed
626 3272 666 3332 ed
685 3273 787 3333 urbem
807 3272 913 3352 ipsam,

108 3370 196 3449 cujus
221 3365 307 3444 quasi
334 3364 503 3425 umbilicum
523 3374 621 3436 tenet,
650 3364 849 3444 appellatione
868 3386 911 3425 re·

108 3460 176 3521 lata.
199 3456 438 3539 septentrionale
458 3457 536 3519 latus
557 3460 685 3519 omrrium
706 3458 910 3536 longissimum

106 3552 147 3614 sd
166 3558 233 3613 ecte
252 3550 343 3611 millia
361 3570 505 3631 passuum
526 3551 555 3612 iu
577 3550 803 3629 longitudinem,
827 3570 910 3611 nrure

106 3648 185 3707 emui
214 3667 254 3707 ex
283 3643 385 3724 lapide
417 3644 496 3705 facto
528 3642 720 3725 protenditur.
762 3643 812 3703 Ad
843 3664 908 3704 enm

103 3739 232 3801 lllescus
252 3736 369 3797 Poletia
388 3735 545 3815 Lucioque
567 3738 678 3818 captis,
697 3734 788 3795 aliurn
809 3736 848 3795 ab
867 3736 908 3794 in·

103 3833 204 3893 teriori
227 3836 311 3911 parte
335 3838 415 3889 terra
439 3829 517 3889 iuter
536 3829 622 3889 binos
646 3828 759 3889 trabum
779 3828 908 3905 ordines,

102 3927 213 4006 quibus
246 3944 283 3982 ea
314 3920 528 3989 contineretur,
563 3920 711 3983 latissime
743 3922 908 4003 interjecta,

101 4018 266 4099 adjecerat.
307 4011 536 4094 Prepuguacula
555 4014 594 4074 ab
614 4016 753 4075 omnibus
773 4016 907 4097 partibus

102 4129 141 4167 ex
173 4106 279 4167 euclem
312 4104 420 4187 lapidis
453 4126 564 4186 genere
597 4104 768 4169 frunissima
804 4108 904 4168 lrabct.

101 4202 238 4280 Cumque
257 4200 370 4260 ueteris
389 4203 488 4283 operis
509 4202 729 4283 propugnacula
751 4222 807 4260 rrou
829 4202 904 4261 satis

99 4292 237 4374 aequalia
264 4292 340 4353 iuter
358 4314 395 4355 se
416 4306 537 4371 essent,
562 4292 690 4375 indeque
710 4295 809 4363 tieret,
834 4315 904 4373 quo·

99 4389 200 4451 miuus
221 4383 342 4447 directis
368 4408 404 4447 ex
431 4408 490 4445 unu
512 4408 617 4448 vereris
637 4386 759 4447 alterum
780 4393 904 4447 tormen·

101 4486 198 4542 terum
219 4478 328 4539 ictibus
348 4483 449 4539 mutue
470 4500 506 4539 se
524 4484 728 4561 protegerent,
754 4501 793 4540 ex
814 4498 903 4558 eugu-

100 4574 140 4635 lie
160 4592 261 4634 eorum
281 4572 446 4652 parietibus
465 4573 550 4636 noeis
567 4576 719 4656 projectis,
740 4573 904 4653 iisdemque

99 4667 246 4729 altissimo
269 4668 385 4747 cespite
404 4665 538 4736 vestitis,
559 4667 758 4748 fenestrisque
777 4686 831 4748 per
850 4686 904 4726 ees

100 4760 271 4841 dispesitis,
292 4765 324 4819 ut
343 4759 404 4839 pari
425 4761 501 4819 inter
520 4779 556 4817 sc
575 4760 673 4839 spatio
694 4761 904 4839 prominerent,

100 4853 255 4915 effecerat:
282 4853 319 4913 ad
342 4852 447 4914 eadem
467 4872 536 4912 sero
563 4852 800 4933 propugnacula,
825 4850 906 4930 qued

99 4946 203 5025 partim
224 4948 410 5025 arrgustiora,
431 4946 533 5027 partim
553 4944 708 5033 infirmiora
729 4942 905 5017 riderentur,

99 5059 185 5119 quam
205 5044 238 5099 ut
258 5041 387 5103 rnexima
406 5043 561 5113 tormenta,
580 5056 740 5117 corumque
752 5038 818 5107 rim,
838 5056 903 5096 curu

99 5132 355 5211 displedcrcutur,
376 5134 527 5195 continere
549 5137 688 5215 possent:
710 5136 806 5207 tqrres
826 5126 903 5195 aliae

998 300 1098 360 itidem
1126 301 1241 379 ligneas
1269 323 1305 361 es
1331 303 1507 362 llrruissiruts
1537 304 1668 363 trabibus
1694 325 1798 385 magno

997 392 1097 453 itidem
1125 415 1215 475 opere
1244 394 1338 454 factas
1362 396 1534 474 opportunis
1560 396 1635 457 locis
1663 399 1700 458 ab
1726 398 1797 459 intc-

996 485 1062 545 rinri
1082 491 1166 567 parte
1188 488 1383 569 interjecerat,
1404 506 1569 567 magnaque
1584 492 1721 573 majorum
1742 496 1797 551 tor·

995 584 1158 640 mentomm
1194 582 1222 639 ri
1256 579 1464 660 compleuerat.
1524 582 1598 641 larici
1632 582 1726 644 facies
1758 584 1797 645 ab

993 672 1129 733 omuibus
1155 674 1289 755 partibus
1314 672 1524 733 amoenissima
1543 684 1606 743 cst,
1637 696 1703 736 cum
1725 677 1795 737 duo·

992 785 1051 823 mm
1087 765 1239 827 dorriorunr
1279 763 1432 835 monlluxu,
1472 770 1502 823 et
1535 786 1593 845 qua
1625 770 1795 847 patentibus

990 859 1114 937 campis,
1135 880 1195 939 qun
1215 858 1328 918 crebris
1347 856 1472 916 collibus
1493 857 1598 919 leniter
1616 864 1793 939 assurgenti·

990 951 1056 1021 bus,
1077 951 1243 1032 iisdemque
1255 950 1401 1031 frequenti
1414 951 1551 1033 junipero
1565 954 1696 1013 restitis:
1716 976 1793 1033 quae

991 1066 1009 1103 s
1030 1044 1196 1107 l'ornneeiu
1218 1064 1314 1123 nsque
1333 1063 1391 1103 uon
1412 1064 1504 1105 secus
1524 1064 1560 1105 ac
1580 1046 1607 1105 si
1629 1067 1733 1124 magne
1752 1048 1792 1108 iu·

989 1134 1103 1199 dustria
1124 1138 1241 1197 censita
1260 1140 1353 1205 esset,
1374 1134 1432 1197 buc
1453 1158 1622 1209 excurrens,
1642 1137 1792 1202 hortorum

989 1234 1122 1311 speeiem
1143 1230 1208 1290 locu
1229 1228 1404 1289 circumdat:
1425 1234 1485 1290 tum
1498 1233 1626 1293 mraxime
1647 1238 1791 1294 monaste·

988 1325 1094 1384 riorum
1122 1325 1280 1388 riciuurnur
1313 1322 1493 1403 frequentia,
1522 1346 1597 1403 quae
1627 1325 1703 1387 ultra
1721 1347 1790 1407 que·

988 1416 1123 1497 draginta
1152 1438 1191 1477 cx
1227 1414 1325 1495 lapide
1357 1417 1455 1477 unrnia
1485 1417 1708 1497 elegantissime
1739 1440 1789 1479 cx-

988 1516 1114 1585 stmcta,
1139 1508 1254 1591 passim
1283 1528 1336 1588 per
1362 1510 1487 1570 eicirnrur
1507 1530 1608 1587 agrurn
1629 1513 1790 1574 coristituta

986 1609 1065 1662 suut.
1107 1602 1336 1663 Celeberrimum
1357 1624 1396 1662 ex
1416 1604 1455 1661 iis
1474 1601 1711 1665 Sr'iatuborense
1731 1612 1788 1681 est,

985 1716 1051 1755 curn
1072 1694 1229 1773 religione,
1255 1715 1274 1754 a
1294 1714 1352 1772 qua
1379 1702 1514 1754 sanctum
1542 1706 1670 1757 meutcru
1692 1697 1786 1759 locum

983 1809 1050 1848 curu
1075 1787 1240 1869 appellant,
1274 1797 1335 1846 turu
1363 1787 1420 1847 leci
1446 1789 1616 1849 munitione.
1656 1790 1689 1847 ln
1715 1810 1787 1869 rupe

982 1883 1058 1941 enirn
1080 1880 1239 1941 durissima
1258 1881 1352 1940 tribus
1371 1881 1487 1940 circiter
1505 1900 1523 1941 a
1540 1878 1698 1942 l‘lesceria
1718 1902 1785 1962 pas·

980 1995 1067 2034 sunm
1089 1974 1215 2035 millibus
1238 1975 1336 2042 sitnm,
1358 1974 1524 2033 firmissima
1540 1980 1692 2054 praeterea
1705 1976 1786 2051 turri,

981 2068 1194 2146 morenibusqne
1219 2067 1334 2127 castelli
1363 2068 1390 2127 iu
1417 2065 1537 2125 modum
1564 2068 1704 2128 munitum
1724 2077 1783 2129 eet.

980 2158 1105 2219 llloscus
1134 2181 1217 2230 eum,
1250 2159 1496 2239 quemadmodum
1528 2168 1598 2219 ante
1630 2166 1783 2221 ostensum

980 2264 1037 2328 est,
1059 2252 1153 2313 laucis
1173 2256 1270 2333 captis
1290 2253 1329 2314 ad
1351 2252 1536 2312 l'lescnriam
1556 2260 1703 2315 moturum
1712 2224 1782 2314 flie-

978 2366 1044 2424 gem
1064 2347 1182 2406 minime
1202 2344 1393 2407 dubitandum
1420 2345 1478 2404 sibi
1498 2344 1663 2427 judicaret,
1693 2347 1782 2406 omui·

979 2439 1036 2499 bus
1055 2440 1161 2509 rebus,
1189 2459 1266 2519 quac
1288 2439 1326 2501 ad
1347 2438 1552 2499 sustinendam
1573 2439 1779 2499 obsessionem

976 2534 1172 2613 pertinerent,
1213 2532 1442 2611 diligentissime
1487 2552 1553 2591 earu
1594 2533 1781 2599 instruncrat,

976 2645 1140 2705 magnaque
1177 2627 1264 2705 copia
1299 2626 1397 2685 rrnrrria
1432 2624 1606 2707 erimpertari
1633 2626 1778 2707 jusserat.

976 2718 1071 2799 Cujus
1098 2722 1138 2778 rei
1160 2717 1236 2778 ultra
1257 2738 1308 2787 ea,
1339 2738 1416 2796 quac
1438 2719 1601 2797 antiquitus
1619 2718 1658 2778 ad
1679 2717 1779 2777 defen·

973 2812 1090 2870 sionem
1120 2811 1203 2870 urbis
1231 2816 1398 2889 comparata
1427 2820 1526 2879 erarrt,
1556 2809 1615 2868 bec
1645 2808 1712 2868 loce
1742 2830 1778 2869 co

974 2904 1115 2984 majorem
1136 2901 1304 2962 facultatem
1326 2900 1425 2971 babet,
1445 2900 1523 2981 quod
1544 2902 1574 2960 in
1594 2922 1659 2961 enm
1681 2903 1776 2962 lecum

975 3015 1026 3075 pcr
1050 2994 1178 3057 Nervam
1204 3015 1320 3055 aruucm
1348 3016 1365 3055 e
1392 2993 1550 3055 Germania
1575 2994 1704 3074 aliisque
1729 3013 1779 3055 ec·

973 3086 1172 3149 eideutalibus
1185 3087 1354 3167 regionibus
1368 3086 1504 3149 bellicum
1524 3078 1696 3168 apparatum
1709 3107 1776 3148 con-

972 3182 1072 3242 uenire
1091 3200 1221 3241 neccsse
1240 3186 1296 3241 cet.
1335 3182 1439 3260 ltaque
1463 3184 1562 3240 taulus
1583 3178 1713 3241 ‹rrnnlmm
1732 3198 1775 3241 rc·

971 3294 1034 3334 rum
1055 3274 1094 3335 ad
1113 3274 1221 3335 bellum
1242 3272 1452 3353 pertinentium
1472 3284 1633 3355 apparatus
1652 3274 1683 3332 iu
1702 3272 1775 3333 urbe

972 3374 1050 3443 erat,
1078 3374 1111 3429 ut
1134 3366 1275 3448 superiori
1302 3387 1380 3425 anun
1406 3364 1531 3426 blrrscus
1557 3386 1612 3427 nec
1640 3364 1682 3425 illi
1708 3365 1773 3426 leco

970 3462 1046 3522 satis
1066 3458 1163 3521 sidens
1189 3461 1329 3541 majorum
1355 3465 1565 3520 torrueuterurn
1591 3464 1702 3538 partem
1722 3458 1772 3521 ali·

970 3574 1058 3635 quam
1078 3556 1107 3613 in
1128 3552 1295 3613 ulteriorem
1311 3552 1492 3612 blnseesiam
1514 3551 1671 3634 deportare
1691 3554 1771 3611 insti·

968 3653 1080 3720 tuerct;
1101 3666 1178 3728 qnae
1199 3666 1265 3705 cum
1284 3647 1428 3722 gravitate
1448 3664 1504 3704 sua
1524 3645 1638 3705 tardius
1658 3664 1770 3722 prome·

968 3746 1118 3815 serentur,
1151 3738 1263 3799 llrueuu
1293 3738 1360 3797 lacu
1391 3758 1449 3796 uon
1480 3736 1581 3815 procul
1611 3758 1630 3796 a
1660 3736 1771 3816 lllaguu

966 3832 1154 3908 Noungnrdia
1179 3853 1215 3890 ea
1240 3831 1345 3890 olurut.
1386 3830 1524 3887 Praeerat
1545 3830 1604 3887 arci
1626 3826 1770 3903 Basilius,

967 3930 997 3985 ct
1017 3924 1115 3984 fratris
1141 3926 1208 4005 ejus
1228 3923 1308 3983 Petri
1336 3922 1373 3980 ad
1395 3920 1480 3981 Uluur
1508 3920 1615 3980 ssnrrren
1642 3920 1769 3980 aNicn-

966 4017 1013 4077 lan
1042 4015 1181 4076 liadieilo
1207 4016 1264 4074 snb
1297 4012 1489 4091 Sigisnruudo
1517 4014 1654 4091 Auguste
1686 4014 1768 4073 caesi

965 4111 1042 4170 lilius
1061 4110 1195 4169 Jonnncs
1207 4106 1347 4188 Sarrjscii,
1368 4104 1635 4166 eSusdaliensiunr
1650 4106 1767 4166 llucnm

965 4202 1075 4264 faenilia
1096 4202 1220 4262 oriuruli.
1261 4198 1400 4260 Arrdreas
1416 4198 1629 4271 (Jlrnroscinue,
1651 4210 1680 4259 ct
1702 4198 1767 4261 Plc-

962 4300 1121 4379 seejueus3
1147 4314 1269 4375 quornm
1289 4293 1423 4353 loannes
1449 4293 1591 4365 consiliu,
1611 4292 1769 4357 Cherusci·

965 4411 1022 4449 uus
1047 4390 1179 4471 eorporis
1206 4410 1242 4448 ac
1270 4388 1358 4448 animi
1386 4387 1491 4447 robure
1522 4408 1656 4467 magnam
1687 4387 1765 4470 apud

963 4482 1102 4544 llloscurn
1128 4483 1334 4543 auctoritatem
1361 4478 1527 4541 babebnnt:
1554 4482 1681 4560 indeque
1708 4482 1764 4539 etsi

963 4583 1061 4637 aetate
1081 4574 1216 4637 Basilius
1234 4574 1379 4635 Jrrarrnenr
1400 4572 1599 4647 antecederet,
1621 4592 1764 4633 sunuuarn

963 4676 1062 4731 tanuen
1082 4690 1176 4729 rernm
1196 4670 1324 4727 rrrrruiuru
1345 4666 1415 4726 lruic
1441 4668 1637 4725 conuuiscrat.
1677 4666 1765 4743 Equi·

963 4764 1073 4823 tamin
1094 4762 1166 4821 urbe
1188 4763 1264 4820 ultra
1284 4770 1401 4839 septem
1423 4758 1524 4819 millia:
1550 4758 1677 4837 perlitum
1699 4778 1764 4819 cum

964 4857 1011 4927 iis,
1032 4856 1081 4935 qui
1101 4876 1137 4912 en
1159 4854 1316 4935 oppidanis
1333 4850 1473 4911 militares
1494 4872 1602 4931 operas
1622 4852 1697 4910 inter
1716 4852 1764 4911 mi·

965 4949 1033 5009 lites
1055 4948 1174 5005 obilmut
1196 4946 1233 5005 ad
1254 4944 1463 5024 quiuqnagiuta
1474 4944 1563 5005 millia
1584 4944 1678 5005 tntsso
1698 4966 1762 5005 cen·

967 5047 1041 5101 stat:
1067 5041 1196 5099 urlurnae
1223 5036 1416 5097 multitudinis
1441 5037 1573 5097 totidem.
1614 5040 1691 5099 lntcr
1716 5061 1764 5121 pe-

967 5134 1079 5195 ditatus
1101 5132 1238 5193 ductores
1260 5130 1437 5191 t'nsctscies
1463 5152 1529 5191 curn
1549 5132 1636 5191 animi
1658 5136 1763 5209 magni·
