3742 5626
97 202 156 263 252
625 202 631 211 '
725 191 856 258 nauel
874 190 1141 258 nnnffionnu

101 924 236 985 nuntium
255 941 370 983 summa
391 920 578 982 celeritate
570 941 600 980 nr
620 928 720 981 eastra
737 919 777 981 ad
788 938 905 997 magna
965 937 1023 998 que
1041 918 1205 997 signiferis,
1225 921 1393 998 ceterisque
1411 915 1539 977 ducibus
1561 918 1659 977 animi
1686 934 1763 995 prs}

101 1024 150 1079 tes
168 1015 384 1079 Lithuanorum
403 1017 520 1084 misere,
544 1019 685 1091 rogantes
710 1021 744 1073 ut
768 1009 905 1073 subsidia
965 1007 1093 1071 titudine
1118 1011 1298 1091 militiaeque
1317 1012 1422 1091 peritia
1449 1008 1558 1069 claris·
1600 1004 1692 1085 Quid
1711 1027 1763 1068 000-

96 1104 168 1173 suis
188 1113 219 1170 in
244 1108 388 1188 religione
413 1104 619 1167 laborantibus
639 1110 755 1167 mittere
781 1114 906 1168 mature·

101 1211 177 1265 rent
199 1202 266 1265 Rex
284 1221 356 1263 vero
375 1200 463 1262 simul
483 1219 520 1261 ac
538 1198 733 1260 execrabilem
753 1198 850 1270 illuni,
877 1206 909 1260 et

101 1295 281 1360 Litbuaniae
302 1294 452 1356 inriestuin
473 1291 627 1353 tuinultum
647 1293 803 1372 cognonit,
824 1289 907 1353 inde·

103 1408 162 1468 que
182 1387 361 1449 Sarmatiam
387 1405 503 1445 onlnem
530 1382 630 1445 subito
657 1383 791 1446 arsuram
817 1384 907 1461 bello,

103 1500 163 1541 reon
183 1483 250 1540 sine
270 1477 359 1540 loeda
379 1498 475 1539 rerum
497 1481 624 1539 ominium
636 1478 812 1540 0001001000
823 1499 908 1558 prae·

103 1569 186 1645 vidit,
212 1573 366 1654 principiis
393 1568 572 1632 obstandum
598 1582 681 1633 ratus
711 1573 788 1633 inter
819 1569 906 1632 dissi·

103 1663 211 1729 dentes
229 1663 413 1727 induciarum
438 1667 581 1745 pacisque
607 1664 735 1727 medium
759 1685 830 1725 sese
856 1663 906 1725 ob·

104 1758 180 1834 tulit,
199 1758 427 1841 praesulemque
447 1760 544 1838 ipsum
572 1758 701 1839 epistola
729 1757 905 1821 humanissi-

102 1874 150 1915 me
170 1856 283 1934 scripta
303 1853 457 1931 mitigavit
496 1848 549 1913 ad
568 1850 652 1911 urbis
677 1871 793 1932 quoqne
813 1850 907 1913 Sena·

102 1956 165 2009 tum
184 1947 302 2009 litteras
322 1941 416 2017 dedit,
436 1942 544 2023 quibus
564 1962 668 2005 omnies
695 1942 767 2024 qnid
792 1947 906 2025 patriae

103 2037 267 2123 expediret,
287 2046 428 2120 quantum
443 2045 529 2098 esset
541 2039 571 2097 in
583 2034 733 2097 seditione
743 2037 823 2113 mali,
836 2058 907 2119 quo·

104 2131 193 2195 modo
213 2128 365 2195 discordia
384 2151 435 2191 res
456 2133 598 2193 maximae
618 2127 830 2203 dilaberentur,
856 2150 906 2192 se·

104 2223 184 2301 dulo,
205 2234 338 2309 paterne,
364 2233 395 2287 et
414 2221 572 2302 diligenter
598 2220 736 2284 docebat.
783 2224 907 2305 Episco-

104 2338 162 2399 pus
182 2320 303 2397 cognita
321 2317 418 2397 Regis
438 2316 601 2391 voluntate,
622 2324 653 2377 et
677 2316 765 2378 lectis
790 2318 908 2389 litteris,

104 2418 138 2471 nt
156 2414 281 2491 tempori
307 2413 434 2472 serviret
458 2430 476 2470 a
496 2411 650 2490 proposito
670 2405 820 2471 desistere
839 2430 907 2472 con·

103 2505 210 2567 stituit.
250 2500 328 2563 Nam
354 2510 387 2563 et
409 2501 603 2563 offensionem
629 2499 852 2580 dissimulabat,
877 2512 909 2566 et

104 2599 170 2679 ipse
190 2597 280 2657 etiam
300 2594 401 2676 plures
421 2596 555 2674 corporis
575 2596 622 2654 sui
642 2591 787 2656 custodes
806 2595 907 2657 oblato

102 2685 255 2771 stipendio
274 2684 471 2751 conducebat.
513 2686 604 2747 Cives
637 2683 746 2748 deinde
776 2698 808 2750 et
838 2688 907 2751 sub·

103 2780 158 2847 diti
178 2779 318 2865 deposita
337 2783 367 2843 in
388 2798 533 2862 praeseus
553 2782 632 2841 omni
651 2780 816 2845 acerbitate
841 2804 908 2845 cum

103 2880 250 2939 sinceram
270 2876 399 2957 quietem
419 2875 618 2953 recepissent,
638 2873 712 2935 nibil
729 2896 763 2938 se
779 2896 908 2958 0000000

104 2977 243 3050 expertos
267 2964 433 3049 jucundius
468 2974 557 3047 atque
587 2966 721 3048 pulcrius
752 2990 787 3032 00
821 2970 908 3033 liber·

103 3070 164 3123 tate
184 3058 398 3141 praedicabant

172 3247 280 3330 -Supra
312 3245 451 3320 diximus,
480 3246 629 3329 quomodo
660 3248 726 3311 Rex
764 3251 907 3329 singulari

103 3343 326 3422 perseverantia
346 3341 524 3403 Plescoviae
544 3339 730 3403 obsidionem
756 3347 910 3405 continua·

103 3438 151 3508 rit,
170 3455 236 3495 eam
257 3431 374 3494 demum
394 3436 541 3511 insignem
562 3436 795 3495 essevictoriam
814 3445 908 3513 ratus,

104 3545 180 3607 qnae
201 3528 370 3606 praesentis
383 3524 575 3606 lmperatoris
590 3525 762 3588 tortitudine
775 3536 806 3590 et
819 3550 906 3591 mann

103 3626 267 3700 pararetur.
316 3616 372 3681 lllo
405 3617 532 3681 absente
561 3619 726 3681 Gothorum
758 3625 907 3684 exercitus

102 3732 157 3795 per
174 3711 329 3775 biennium
355 3731 405 3773 res
432 3732 528 3774 uineas
559 3714 653 3775 moliri
682 3717 789 3795 coepit
828 3713 906 3777 Nam

966 1113 1089 1177 0100000,
1110 1107 1214 1185 inquit,
1234 1104 1436 1173 comilitones,
1462 1105 1492 1161 in
1519 1102 1579 1162 hac
1600 1120 1711 1183 parurn
1728 1078 1810 1160 de

965 1218 1036 1259 cora
1057 1195 1291 1259 deliberatione?
1310 1197 1427 1278 quasi
1415 1194 1544 1255 llloseos
1564 1198 1667 1257 toties
1686 1193 1764 1257 ace

965 1290 1026 1352 this
1045 1294 1151 1362 victos,
1169 1294 1197 1351 si
1217 1291 1248 1351 in
1268 1311 1323 1352 eos
1343 1291 1432 1351 armis
1457 1308 1674 1369 erumpamus,
1699 1291 1765 1347 miri·

967 1402 1014 1445 me
1037 1383 1133 1444 simus
1158 1384 1321 1446 eLieonia
1346 1382 1499 1444 000010τὶ1
1543 1380 1766 1462 nempe-e«

966 1476 1075 1549 hercle,
1094 1486 1126 1537 et
1145 1485 1252 1538 cuncta
1272 1475 1360 1536 obvia
1379 1482 1564 1549 stenae-us,
1592 1473 1671 1535 dnm
1691 1474 1765 1535 ambi-

965 1578 1040 1649 gunt
1058 1579 1090 1631 et
1110 1569 1292 1645 consultant,
1310 1590 1349 1631 an
1368 1567 1456 1630 nobis
1481 1571 1525 1628 sit
1545 1565 1767 1629 occurrendus.

964 1662 1013 1723 vel
1033 1661 1211 1725 manendum
1230 1665 1260 1723 in
1280 1660 1401 1744 oppidis
1424 1670 1456 1723 et
1473 1660 1621 1735 arcibus,
1648 1680 1722 1743 qnae
1743 1674 1768 1721 n

946 1744 950 1757 ’
966 1758 997 1817 10
1016 1775 1124 1835 magno
1142 1764 1232 1828 metu,
1251 1776 1418 1836 maguioque
1436 1757 1583 1836 temporis
1607 1758 1768 1836 spatione

965 1852 1043 1911 01000
1062 1850 1229 1925 munierint,
1255 1848 1416 1931 praestabo
1448 1868 1495 1909 me
1527 1847 1627 1927 hujus
1658 1848 1768 1930 perienb

966 1942 1054 2005 100110
1072 1942 1253 2025 Principem,
1274 1962 1311 2003 ne
1331 1941 1486 2003 consilium
1506 1962 1527 2003 a
1547 1940 1658 2003 uerbis
1684 1952 1714 2003 et
1730 1962 1769 2003 aa·

967 2033 1053 2097 dacia
1072 2039 1183 2117 potius,
1203 2055 1290 2116 quam
1317 2055 1335 2095 a
1355 2038 1463 2095 virtute
1488 2044 1628 2095 sumtum
1657 2040 1767 2113 putet'u.

966 2129 1007 2192 nt
1026 2150 1092 2191 meo
1112 2138 1195 2191 certe
1220 2126 1312 2191 ductu
1336 2129 1491 2189 victoriam
1510 2127 1662 2189 nobilem
1693 2138 1769 2209 atque

967 2222 1136 2304 opulentam
1173 2221 1320 2283 referetis.
1370 2220 1437 2283 Nec
1467 2241 1551 2283 mora
1582 2226 1768 2283 centuriones

967 2315 1059 2376 lermc
1076 2336 1179 2378 omnes
1199 2313 1321 2377 fervidis
1343 2324 1374 2376 et
1392 2313 1545 2377 alacribus
1566 2313 1770 2395 ingeniissab

966 2408 1026 2469 lata
1046 2429 1134 2469 mann
1152 2408 1251 2471 Ponte
1271 2407 1382 2483 favent,
1402 2407 1540 2489 plerique
1558 2410 1658 2469 etiam
1676 2430 1715 2471 ee
1733 2428 1771 2469 ar·

967 2499 1097 2577 denum,
1122 2522 1182 2582 quo
1202 2505 1312 2564 veteris
1338 2503 1458 2563 virtutis
1484 2501 1698 2563 0000110οϋ000
1729 2503 1775 2565 011-

966 2614 1025 2676 quo
1044 2593 1125 2655 fideli
1144 2595 1310 2675 illustrique
1334 2593 1468 2656 facinere
1490 2592 1703 2655 demonstrare
1729 2614 1777 2657 cn·

967 2687 1099 2769 piebant
1138 2687 1259 2751 Nervae
1278 2687 1408 2749 fluminis
1427 2688 1558 2769 capnias
1582 2687 1777 2749 mentionem

966 2779 1101 2853 lecimus,
1114 2779 1187 2845 illud
1205 2801 1243 2843 ex
1261 2780 1328 2842 lacu
1340 2784 1467 2843 maxime
1477 2776 1651 2841 Gxadsnnne
1662 2788 1779 2839 onum.

967 2877 1174 2956 vernantisque
1193 2896 1231 2937 ex
1250 2873 1373 2936 meridie
1392 2873 1579 2936 Pleseoniam
1598 2882 1634 2934 et
1650 2870 1779 2933 Velina·

967 2971 1077 3031 riecam
1089 2967 1197 3030 flumen
1208 2968 1348 3030 hauriens
1367 2965 1487 3029 tandem
1502 2986 1584 3028 mare
1597 2967 1776 3031 Linouienm

968 3061 1072 3125 influit.
1107 3060 1160 3124 Ad
1179 3062 1269 3142 hujus
1289 3061 1417 3123 llumirris
1436 3064 1521 3143 ripas
1533 3058 1635 3121 Bassi
1656 3064 1773 3142 antiqui·

968 3164 1017 3216 tus
1038 3153 1181 3236 oppidum
1200 3154 1341 3227 habuere,
1361 3153 1442 3236 quod
1461 3154 1641 3233 elegantius
1660 3164 1691 3216 et
1708 3174 1770 3234 spe

968 3249 1082 3310 cinsins
1102 3252 1299 3311 instauratum
1313 3246 1450 3310 loannes
1469 3244 1645 3317 basilides,
1662 3244 1697 3307 de
1714 3264 1768 3307 sun

967 3344 1085 3403 nomine
1105 3339 1321 3420 lvanogrndua
1340 3340 1513 3423 appellavit,
1541 3350 1575 3402 et
1604 3350 1657 3402 est
1672 3339 1773 3421 alioqui

967 3432 1104 3515 ejusdcm
1126 3437 1254 3495 niominis
1275 3454 1327 3495 arx
1357 3442 1389 3495 et
1419 3431 1563 3515 oppidum
1597 3431 1693 3507 atiud,
1721 3452 1774 3514 quo

966 3528 1062 3590 tribus
1081 3549 1100 3590 0
1119 3527 1220 3589 Nerva
1242 3525 1415 3589 milliaribus
1434 3524 1539 3588 distat.

1043 3716 1193 3794 Quoniam
1212 3724 1311 3777 autem
1331 3715 1431 3778 Narra
1452 3714 1563 3777 humen
1592 3736 1718 3801 semper
1735 3718 1775 3779 11

101 3806 217 3867 l’nntus
242 3804 376 3884 [regatus
403 3803 552 3867 Gothicae
579 3807 701 3869 militiae
726 3807 906 3888 praelectus,
965 3809 1072 3871 veniae
1092 3811 1235 3871 terminus
1254 3808 1319 3885 fnit,
1340 3808 1495 3888 Cmcigeri
1515 3814 1776 3893 quoqneinparte

102 3908 238 3961 etvetus
258 3897 430 3961 bloseorum
450 3898 547 3961 bostis
578 3898 615 3960 ad
649 3920 704 3963 eas
728 3901 905 3964 Polonnrum
965 3901 1060 3965 altera
1084 3905 1168 3983 ripae
1194 3901 1337 3984 oppidum
1361 3910 1393 3964 et
1411 3922 1512 3964 arcem
1544 3906 1775 3967 munitissima·

101 3994 243 4055 victorias
274 3994 315 4053 ita
336 3991 528 4055 vehementer
559 3993 723 4065 exhorruit,
754 4014 842 4074 quum
861 3998 907 4055 sir
965 3992 1171 4057 condiderunt.
1217 3993 1280 4057 Sed
1305 3994 1457 4059 Basilides
1484 3995 1681 4074 exploratam
1700 4019 1720 4060 a
1736 3998 1774 4059 lle

102 4094 243 4149 strenuus
265 4093 296 4147 et
315 4094 421 4147 acutus
443 4095 502 4148 taur
522 4085 636 4167 pridem
657 4085 906 4149 Polononrmior·
965 4087 1255 4150 sonibusvictoriam
1268 4088 1502 4160 relatums,cum
1515 4088 1711 4155 inconditam
1720 4090 1773 4151 brr-

101 4188 212 4251 tnnam,
242 4187 273 4239 et
304 4181 404 4258 gentis
431 4199 505 4260 opes
525 4178 710 4259 agnovisset,
729 4190 762 4241 ut
782 4178 906 4244 Andrea
965 4179 1103 4243 banorum
1123 4190 1361 4264 armatorumque
1380 4185 1544 4261 agrestium
1557 4182 1772 4246 multitudines

100 4270 210 4344 Lurco,
242 4272 374 4349 Georgia
394 4268 524 4346 Planco,
554 4282 585 4333 et
603 4271 760 4334 ι1000101000
781 4273 905 4335 Schelio
965 4275 1147 4355 provinciam
1168 4272 1346 4346 induxisset,
1366 4285 1397 4336 et
1407 4275 1497 4335 veluti
1508 4284 1691 4357 tempestas
1699 4296 1771 4359 qaae

101 4361 229 4425 ducibus
249 4363 370 4424 militem
391 4363 571 4428 Germanum
598 4369 627 4426 in
648 4367 802 4429 Livoniarn
822 4366 904 4429 indu·
966 4364 1034 4429 dam
1055 4367 1142 4429 obvia
1164 4378 1272 4431 cuiicta
1283 4378 1495 4450 prosterneret,
1515 4368 1682 4451 aliquanto
1696 4372 1772 4432 ladas

99 4461 184 4530 xerit,
205 4453 293 4517 etde
313 4453 488 4517 invadendis
514 4458 573 4519 alia
598 4468 683 4540 parte
708 4458 826 4521 llloseis
846 4482 905 4522 om·
965 4463 1118 4542 imperium
1137 4480 1224 4522 snum
1244 4461 1376 4543 prolerre
1392 4463 1499 4542 coepit,
1520 4467 1774 4547 excitatoqnepe

99 4572 166 4614 nem
186 4552 398 4629 cogitationem
417 4555 596 4631 susceperit
638 4554 770 4633 &imque
795 4575 849 4635 per
869 4576 904 4615 se
965 4557 1138 4615 emissarios
1158 4574 1232 4616 snos
1253 4555 1360 4617 furtivo
1381 4553 1520 4616 incendio
1540 4563 1774 4639 repentinam

101 4645 234 4707 militaris
252 4643 367 4723 gloriae
387 4640 481 4705 decus
507 4652 674 4724 expeteret,
698 4655 730 4707 et
755 4646 866 4727 alioqui
887 4669 904 4708 0
964 4650 1066 4728 ptione
1085 4645 1216 4707 Nervam
1237 4668 1382 4726 agressus
1401 4658 1457 4719 est,
1477 4652 1608 4731 egitque
1630 4652 1774 4715 00001100-

101 4739 224 4801 l'olonis
245 4745 425 4799 courteuntum
444 4755 480 4797 se
501 4735 647 4811 crederet,
668 4758 734 4799 cuni
759 4738 798 4800 ad
818 4739 902 4802 Ples·
964 4743 1076 4810 manis,
1095 4742 1185 4820 quiin
1204 4740 1356 4822 praesidio
1376 4750 1475 4816 erant,
1493 4750 1526 4803 ut
1546 4750 1722 4807 cantione·
1740 4742 1778 4802 de

99 4836 212 4895 curiam
233 4851 429 4913 unaquaquam,
448 4832 491 4891 uti
511 4842 694 4912 speraverat,
720 4843 904 4909 evocaretur,
967 4833 1066 4897 salute
1087 4842 1118 4894 et
1137 4832 1264 4896 lorturris
1282 4839 1466 4918 accipientes
1486 4838 1517 4895 in
1542 4842 1680 4916 patrie·
1698 4856 1778 4897 suam

100 4922 187 4985 lacile
212 4924 361 4987 adductus
390 4931 456 4999 est,
482 4934 515 4985 nt
535 4922 575 4987 ad
595 4935 784 5007 praesentem
804 4948 902 4989 rerum
967 4926 1241 5011 proficiscerentur,
1265 4927 1345 5010 quod
1365 4938 1397 4990 et
1416 4926 1457 4988 illi
1478 4927 1616 4993 libenter
1635 4932 1777 4993 10000001.

98 5022 208 5075 statum
228 5015 386 5092 ardepertis¹
407 5017 548 5081 sensibus
571 5019 695 5079 eorisilia
717 5022 815 5083 omnia
836 5042 904 5083 coo·
967 5020 1178 5100 lntelligebant
1197 5024 1273 5082 enim
1291 5042 1350 5082 000
1364 5023 1460 5084 insani
1474 5025 1779 5105 acutiquehemines.

100 368 143 428 tia
162 367 239 425 inter
258 364 345 445 ipses
364 363 457 434 cives,
477 379 641 440 omnesque
659 358 903 421 sacratornmhn
963 366 1107 435 verteret,
1137 379 1175 423 ea
1206 357 1348 423 fortassis
1366 381 1432 440 spe,
1464 368 1497 420 nt
1515 378 1551 418 ee
1584 373 1712 436 quoque
1733 354 1768 429 (si
1808 324 1810 369 Ι

101 460 211 519 minum
232 453 355 519 ordines
374 455 472 515 omnia
492 450 725 529 administravit,
753 462 787 515 ut
816 472 904 515 nemo
964 449 1083 515 inmune
1101 453 1194 515 tantis
1215 459 1332 535 coeptis
1352 450 1510 527 arrideret)
1530 450 1669 530 aliquam
1691 448 1768 511 hire

102 554 232 613 emnium
260 549 491 629 relinqueretur,
521 549 571 628 qui
598 566 658 607 uon
684 549 833 626 insignem
853 546 905 607 ali·
964 548 1032 607 niae
1052 555 1165 627 partem
1184 550 1301 609 nemine
1326 552 1510 627 repugnante
1536 550 1765 603 consecuturus

101 664 188 727 quem
208 649 316 705 metum
334 640 374 705 ab
394 662 432 703 eo
457 639 505 701 rel
529 639 649 701 militari
673 643 741 720 ejus
760 647 905 722 apparatu
964 637 1167 700 arbitraretur.
1188 640 1293 721 ltaque
1311 639 1383 699 nihil
1403 633 1667 699 intermittendum
1686 644 1759 695 rana

102 740 284 819 accepisset
324 733 443 812 Quibus
471 730 632 795 decausis
658 733 801 795 Germani
827 739 905 793 eete-
966 730 1047 811 quod
1066 735 1096 793 in
1122 736 1243 811 negotio
1274 732 1368 792 semel
1397 740 1542 812 suscepto
1570 738 1764 811 opportunus

101 850 213 911 raeque
234 831 372 890 nationes
392 829 421 887 in
442 826 586 905 religione
606 824 791 889 dissidentes
819 829 905 886 inter·
965 822 1051 899 foret,
1081 826 1198 886 vacuas
1228 829 1258 887 in
1284 825 1455 886 concionem
1481 820 1718 884 centurionibus
1733 832 1764 883 at
