3742 5626
753 101 1025 163 conuenerant.
1702 109 1753 181 aa,

77 269 213 326 tractant.
241 261 424 323 Mirabantur
442 259 602 339 plurimum,
623 259 690 322 dnm
711 259 876 322 uosdeam·

78 357 215 417 balantes
235 357 264 415 in
287 355 457 416 diversoriis
477 355 602 425 nosen,
620 359 710 434 atque
728 355 804 413 inter
819 375 877 413 am·

78 449 238 517 buiandum
264 450 380 527 negotia
399 448 569 527 frequenter
588 454 714 508 tractare
735 446 876 506 viderent.

154 542 331 603 veredarios
360 540 518 619 Princeps,
556 540 595 600 ad
625 560 728 599 omnes
756 539 877 599 ditionis

77 656 151 695 suae
172 641 287 714 partes,
307 635 436 694 diversis
456 635 486 694 in
507 634 582 694 loeis
602 653 668 692 cum
683 635 768 713 juste
788 654 876 711 equo·

77 750 140 788 rum
161 749 279 788 numero
299 728 404 789 babet:
430 732 463 787 nt
482 746 548 786 cum
569 746 672 786 cursor
689 725 805 804 Regius
825 727 877 786 ali·

78 841 136 899 qun
156 814 267 881 missus
286 821 389 892 inerit,
419 841 526 900 equum
545 820 611 880 sine
630 841 710 880 mora
732 821 761 879 in
782 839 876 900 prem·

79 925 129 991 ptu
159 911 275 974 babeat.
328 912 386 973 Est
416 923 516 973 autem
542 915 653 973 cursori
674 913 812 982 liberum,
845 920 877 971 ut

78 1025 279 1085 quemcunque
299 1007 436 1078 voluerit,
468 1007 557 1084 eligat
576 1027 693 1086 equum.
743 1005 817 1066 Mibi
838 1025 877 1065 ex

78 1098 263 1176 bovogardia
298 1119 403 1177 magne
429 1100 563 1160 celeriter
587 1099 769 1159 ltloseoviam
795 1098 878 1174 profi·

76 1194 216 1264 elucenti,
234 1192 379 1269 Magister
399 1198 562 1268 postarum,
582 1193 631 1268 qui
651 1191 764 1251 illornm
779 1192 880 1267 lingua

74 1285 251 1345 lamsebnilr
269 1284 450 1363 appellatur,
481 1282 638 1360 aliqnando
657 1285 789 1360 triginta,
808 1303 879 1342 non·

79 1399 227 1456 nunqnam
259 1376 468 1455 quadraginta,
498 1376 742 1454 quinquagintave
772 1374 880 1434 adduci

79 1492 166 1530 mane
192 1470 285 1550 primo
312 1468 434 1527 curabat
452 1487 562 1546 equos,
592 1488 655 1528 cum
676 1468 752 1529 ultra
769 1466 879 1527 dunde-

81 1564 137 1621 cim
171 1582 248 1643 opus
274 1582 330 1620 nnn
357 1560 504 1621 haberem.
555 1560 767 1640 Unusquisque
792 1562 879 1638 igitur

81 1661 228 1725 nostrum,
248 1675 352 1734 equum
373 1655 423 1732 qni
442 1653 500 1713 sibi
522 1653 693 1714 commodus
715 1654 878 1724 videbatur,

77 1749 231 1808 sumebat:
260 1747 391 1807 defessis
411 1745 478 1805 dein
499 1746 571 1815 illis,
604 1767 670 1807 cum
691 1747 829 1807 adalind
849 1747 879 1806 in

78 1842 182 1901 itinere
203 1840 410 1909 diversorium,
436 1839 515 1917 quod
535 1840 613 1899 lama
632 1840 796 1921 appellant,
817 1860 879 1918 per·

78 1936 227 2003 venimus,
261 1935 400 1993 continuo
426 1931 566 2014 ephippio
592 1942 622 1992 et
643 1933 726 1993 irene
746 1933 880 2003 retentis,

79 2029 314 2107 permutavimus.
343 2026 429 2086 Licet
444 2026 723 2087 cuilibeteelerrimo
736 2027 779 2086 uti
789 2047 880 2105 equo·

79 2142 139 2180 rnm
161 2140 263 2180 eursu:
284 2126 314 2177 et
334 2120 359 2178 si
383 2119 459 2179 sorte
479 2120 586 2199 aliquis
599 2119 749 2190 concidat,
768 2116 879 2178 autdu·

79 2236 142 2274 rare
168 2234 224 2273 non
244 2213 356 2293 possit,
375 2216 437 2271 tum
458 2233 496 2274 ex
517 2214 649 2291 proxima
662 2212 877 2294 quaquedomo

78 2309 165 2367 alium
192 2326 312 2386 rapere,
341 2311 393 2365 aut
414 2305 472 2365 alio
493 2308 543 2384 qui
563 2308 618 2367 abs
639 2307 744 2385 quovis
762 2307 877 2366 obviam

81 2399 155 2459 sorte
187 2404 373 2469 occurrente,
410 2398 555 2476 Principis
586 2399 729 2459 duntaxat
758 2419 879 2460 cursore

81 2502 222 2569 excepto,
241 2512 359 2552 sumere
380 2493 496 2570 impune
515 2492 631 2572 quidem
653 2492 729 2552 lieet.
763 2491 878 2571 Equum

80 2606 167 2662 porro
186 2586 214 2644 in
235 2587 338 2646 itinere
355 2587 465 2645 viribus
475 2584 666 2655 exhaustum,
687 2586 883 2665 relictumque,

78 2677 255 2738 damsebnilr
274 2681 437 2759 requirere,
463 2680 534 2737 item
553 2679 677 2740 alterum
697 2680 725 2738 ei
745 2681 793 2739 eni
819 2701 881 2740 ere·

80 2776 149 2848 ptus
168 2778 230 2831 erat
249 2775 417 2843 restituere,
435 2773 624 2852 preciumque
644 2773 755 2831 ratione
767 2774 881 2833 itineris

82 2863 198 2932 babita,
218 2866 385 2941 persolvere
405 2865 493 2924 solet.
534 2864 699 2943 Plerumque
719 2864 757 2925 de
778 2868 815 2927 10
833 2867 881 2927 vel

79 2958 120 3016 20
138 2964 232 3026 cerat,
264 2963 448 3017 numerantur
473 2978 529 3017 sex
549 2956 673 3034 dengae.
725 2957 880 3040 Ejusmodi

79 3070 168 3130 porro
201 3050 416 3111 veredariorum
447 3051 546 3129 aquis,
575 3052 701 3111 servitor
730 3072 817 3111 meus
841 3073 881 3114 ex

79 3142 268 3219 lb'ovogardia
294 3143 489 3215 blesensium,
521 3144 673 3204 intervallo
701 3145 759 3204 600
790 3152 879 3218 verst,

80 3235 137 3295 boc
168 3243 215 3296 est
249 3238 304 3298 120
327 3235 395 3296 Ger.
423 3236 526 3297 rniliar.
552 3236 591 3297 7⁸2
617 3235 699 3297 boris
733 3243 879 3316 pervenit,

81 3329 161 3408 quod
195 3329 312 3409 quidem
345 3351 382 3389 eo
416 3331 509 3405 magis
535 3328 695 3390 mirandum
717 3337 780 3401 est,
812 3354 879 3394 cnm

82 3423 179 3501 equali
212 3431 269 3484 tam
300 3424 380 3502 parvi
412 3425 486 3492 sint,
520 3433 550 3482 et
575 3423 663 3500 longo
684 3424 880 3503 negligentius

81 3537 165 3595 quam
185 3516 264 3596 apud
286 3536 341 3575 nos
361 3522 506 3586 curentur,
526 3521 626 3576 tantos
645 3525 742 3578 tamen
763 3519 879 3581 labores

81 3609 239 3687 perferant,

336 3889 396 3986 llll
437 3887 639 3985 nondun.

159 4168 307 4231 Monetam
330 4182 500 4249 argenteam
518 4171 735 4252 quadruplicem
755 4169 881 4231 babent:

79 4263 322 4331 Meaeoviticam,
339 4264 617 4344 Novogardensem,
638 4265 829 4335 Tverensem,
851 4269 881 4323 et

80 4357 331 4418 Pleseoviensem.
367 4358 586 4419 llloscoviticus
604 4379 737 4418 nummus
759 4379 817 4418 non
837 4379 881 4418 ro·

80 4449 188 4521 tunda,
209 4451 267 4511 sed
285 4451 412 4528 oblonga
424 4458 455 4510 et
464 4450 542 4510 ovali
554 4450 766 4530 quodammodo
778 4451 880 4523 forma,

81 4542 187 4621 Denga
213 4543 327 4616 dictus,
357 4542 494 4602 diversus
513 4542 603 4603 babet
622 4546 779 4622 imagines;
808 4547 881 4606 anti·

80 4657 155 4715 qua,
175 4639 203 4697 in
224 4660 282 4698 una
302 4657 405 4699 rosae:
423 4637 585 4716 posterior,
603 4637 730 4699 bominis
750 4660 826 4721 equo
840 4642 881 4699 in·

81 4730 209 4791 sidentia
229 4733 398 4809 imaginem
426 4732 455 4789 in
475 4729 566 4789 altera
585 4736 683 4791 autern
705 4741 787 4811 parte
806 4738 882 4793 utra·

81 4844 140 4900 que
166 4827 340 4905 scripturam
361 4823 460 4885 babat.
512 4823 628 4881 lllorunr
649 4845 734 4902 porro
755 4832 881 4896 centurn,

81 4936 170 4977 unum
183 4918 407 4996 llunguriealem
427 4936 563 4979 aureum:
582 4915 712 4976 Altinum
734 4937 791 4977 sex
812 4917 879 4977 den·

936 258 1154 320 characteribus
1172 259 1279 339 signati
1300 259 1458 330 cuduntur,
1482 266 1513 319 et
1532 259 1736 340 quadringenti

936 352 1035 412 valent
1053 351 1190 425 Rublum,

1013 445 1173 506 Tvereusis
1205 446 1340 525 utrinque
1371 445 1543 521 scripturam
1568 444 1674 517 babet,
1706 455 1737 507 et

935 538 1035 599 valere
1054 538 1248 598 Moscevitieo
1268 538 1471 618 aequiparant.
1543 546 1547 552 ’

1009 630 1254 709 Novogardenais
1282 632 1310 690 in
1341 650 1401 690 una
1427 635 1509 708 parte
1534 628 1681 712 Principis
1705 633 1736 693 in

934 724 1012 785 solio
1032 725 1182 793 sedentia,
1202 723 1389 802 hominisque
1410 744 1451 785 ex
1467 722 1595 784 adverso
1612 726 1736 787 sesain·

935 816 1071 879 elinantis
1091 818 1263 895 imaginem:
1284 817 1313 875 in
1332 815 1424 876 altera
1443 815 1618 895 scripturam
1636 816 1737 891 babet,

935 917 1024 989 atque
1042 909 1269 971 ltloscoriticum
1298 909 1397 968 valore
1428 909 1457 969 ia
1491 908 1580 989 duple
1606 918 1737 992 superat.

936 1002 1039 1062 Griina
1058 1024 1144 1084 porrn
1159 1001 1406 1080 Nnvngardenais
1426 1003 1477 1072 14,
1498 1001 1617 1064 Rnblus
1636 1016 1737 1065 autem

936 1095 1080 1156 ducentas
1099 1097 1221 1174 vinginti
1241 1095 1317 1156 duas
1336 1094 1452 1172 dengas
1472 1095 1559 1156 valet.

1012 1186 1251 1260 Pleseoviensis,
1284 1195 1373 1268 caput
1393 1190 1479 1249 bovis
1498 1182 1680 1262 coronatum,
1707 1193 1737 1251 in

936 1281 1028 1341 altera
1049 1302 1117 1341 vero
1136 1284 1308 1359 scripturam
1320 1282 1420 1344 babet.
1451 1281 1573 1344 Habent
1585 1293 1739 1361 praeterea

937 1394 1073 1454 cupream
1100 1384 1260 1444 monetam,
1293 1396 1368 1455 qnae
1388 1373 1494 1435 Polani
1519 1381 1656 1450 vocatum
1687 1377 1737 1438 bo-

937 1488 999 1527 rum
1020 1468 1176 1545 sexaginta
1197 1466 1320 1543 dengam
1339 1467 1560 1529 ltloscoriticam
1580 1470 1690 1532 valent.

1012 1559 1132 1620 Aureus
1153 1580 1211 1619 nou
1230 1558 1356 1630 babent,
1381 1580 1438 1619 nee
1456 1561 1565 1623 cudunt
1583 1564 1656 1640 ipsi,
1682 1564 1739 1624 sed

936 1651 1185 1728 Hungaricalibua
1211 1650 1288 1723 iere,
1317 1652 1463 1712 interdum
1489 1656 1576 1714 etiam
1601 1655 1740 1717 Renanis

937 1750 1072 1804 utuntur:
1093 1745 1283 1824 preciumque
1301 1766 1400 1805 eornm
1410 1765 1503 1826 saepe
1515 1751 1639 1818 mutant,
1657 1768 1740 1830 prae·

937 1838 1036 1898 sertim
1068 1857 1136 1897 cum
1161 1847 1305 1897 externus
1330 1858 1401 1898 auro
1426 1838 1537 1918 aliquid
1555 1846 1739 1903 mercaturus

937 1932 991 2001 sit,
1023 1936 1086 1991 tum
1117 1931 1256 1991 continuo
1290 1931 1418 2007 precium
1443 1934 1511 2014 ejus
1530 1935 1677 2008 minuunt3
1710 1937 1740 1997 si

938 2044 1008 2084 vero
1036 2024 1135 2103 aliquo
1166 2023 1366 2103 profecturus,
1396 2046 1468 2086 aure
1494 2025 1639 2107 indigeat,
1671 2032 1740 2112 ejus

937 2123 999 2177 tum
1018 2137 1121 2178 rursus
1142 2117 1269 2193 precium
1289 2123 1407 2194 augent.

1013 2210 1256 2290 lligenzibusque
1283 2210 1375 2270 rublis
1394 2218 1514 2272 utuntur
1532 2219 1651 2294 prepter
1669 2216 1740 2277 vici·

938 2304 1074 2373 nitatem,
1094 2324 1215 2383 quorum
1235 2325 1312 2365 nnus
1331 2305 1411 2364 valet
1429 2304 1738 2373 dneabloaeoviticoa.

938 2395 1059 2457 bloneta
1080 2395 1274 2457 dioscoritica
1305 2403 1353 2458 est
1378 2419 1418 2459 ex
1443 2419 1515 2475 puro
1541 2406 1572 2460 et
1596 2402 1674 2462 bono
1694 2424 1737 2463 ar·

938 2495 1041 2568 gente:
1071 2510 1108 2550 ea
1140 2492 1273 2571 quamvis
1303 2511 1379 2551 nune
1405 2512 1523 2572 quoque
1547 2492 1738 2558 adulteratur.

937 2583 1006 2644 Non
1038 2583 1135 2643 audivi
1161 2590 1275 2655 tamen,
1308 2586 1347 2643 ob
1372 2583 1429 2643 bec
1453 2584 1570 2646 facinus
1590 2588 1619 2646 in
1639 2608 1738 2666 quem·

937 2679 1016 2758 piam
1037 2675 1272 2737 animadversum
1293 2697 1374 2739 esse.
1413 2675 1530 2738 Omnes
1544 2679 1615 2739 dere
1633 2680 1740 2741 aurita·

940 2772 981 2830 bri
1001 2770 1175 2831 blesensiae
1201 2789 1336 2829 nummos
1364 2766 1489 2830 cudunt:
1521 2773 1741 2855 etquicunque

938 2864 1022 2925 affert
1043 2884 1160 2925 massas
1179 2869 1335 2941 argenteas
1354 2883 1458 2940 puras,
1478 2884 1670 2947 nummosque
1689 2888 1739 2929 cu·

939 2959 993 3034 pit,
1024 2965 1083 3019 tum
1110 2978 1243 3017 nummos
1261 2965 1292 3017 et
1311 2967 1463 3036 argentum
1482 2960 1666 3040 appendunt,
1696 2966 1739 3022 at·

938 3071 996 3129 que
1015 3072 1111 3131 aequa
1132 3051 1217 3111 lance
1237 3052 1351 3123 librant,
1378 3051 1527 3130 Exiguum
1547 3060 1610 3125 est,
1629 3060 1737 3117 etenu-

938 3149 1070 3204 stitutum
1101 3146 1243 3222 precium,
1272 3145 1354 3224 quod
1380 3146 1456 3207 ultra
1475 3148 1599 3227 aequale
1619 3149 1738 3227 pondrm

937 3236 1110 3297 solvendum
1135 3242 1183 3297 est
1202 3237 1372 3309 aurifabris,
1402 3260 1492 3318 parvo
1511 3242 1569 3301 alio
1588 3243 1638 3321 qui
1658 3243 1738 3303 labo·

937 3352 998 3391 rem
1026 3353 1111 3391 suum
1139 3330 1348 3394 vendentibus.
1396 3333 1586 3415 scripserunt
1610 3335 1737 3413 quidam,

936 3424 1115 3504 provinciam
1144 3423 1222 3485 bane
1251 3425 1400 3485 rarissime
1424 3426 1574 3487 abundare
1599 3435 1737 3505 argentee

938 3516 1104 3597 Principem
1124 3524 1292 3598 practerea,
1326 3538 1364 3578 ne
1384 3518 1414 3577 id
1434 3525 1652 3599 exportaretur,
1674 3542 1725 3599 pro

938 3610 1048 3670 bibere.
1078 3611 1231 3671 Provincia
1249 3632 1323 3671 sane
1342 3615 1489 3688 argentam
1513 3614 1621 3671 nullum
1639 3612 1737 3684 babet,

939 3705 995 3762 nisi
1017 3703 1098 3783 quod
1117 3703 1365 3779 (utdictnmest)
1384 3706 1569 3779 importatur:
1590 3724 1645 3764 nec
1658 3706 1737 3764 Prin-

938 3817 1011 3875 ceps
1030 3796 1201 3876 usqueadeo
1222 3797 1325 3856 etlerra
1347 3795 1493 3873 probibet,
1512 3794 1569 3857 sed
1587 3803 1672 3858 cavet
1691 3820 1737 3860 ve·

938 3893 1015 3961 rius,
1044 3899 1133 3970 atque
1162 3889 1230 3949 ideo
1256 3889 1496 3969 permutationem
1514 3909 1609 3949 rerum
1629 3891 1737 3966 faeere,

940 3991 970 4044 et
987 3984 1060 4053 alia,
1088 3990 1120 4043 ut
1140 3982 1250 4060 pelles,
1281 3982 1389 4060 quibus
1407 3981 1578 4054 abundant,
1598 3991 1648 4046 aut
1667 3987 1737 4067 quid

938 4077 1018 4137 aliud
1038 4075 1201 4157 ejusmodi,
1221 4095 1274 4155 pro
1295 4076 1362 4135 aliis
1382 4076 1471 4136 rebus
1484 4076 1572 4148 dare,
1594 4081 1737 4161 recipere·

940 4191 997 4249 qne
1016 4190 1091 4229 suos
1105 4169 1201 4249 jubet,
1219 4187 1277 4246 quo
1294 4175 1446 4246 argentum
1467 4179 1498 4230 et
1517 4192 1620 4233 aurum
1630 4174 1659 4231 in
1673 4195 1737 4252 pro·

939 4265 1035 4324 vincia
1054 4263 1188 4322 retineat.
1217 4259 1278 4323 Vix
1297 4269 1413 4322 centum
1432 4265 1520 4324 annis
1540 4271 1659 4326 utuntur
1677 4288 1737 4327 mn·

940 4363 1008 4417 neta
1018 4361 1167 4435 argentea,
1186 4357 1358 4437 praesertim
1368 4357 1448 4437 apud
1460 4357 1528 4417 illos
1540 4378 1624 4422 cusa.
1652 4360 1737 4419 initio

939 4471 1006 4510 cum
1030 4456 1181 4528 argentum
1204 4451 1233 4509 in
1255 4451 1432 4527 provinciam
1453 4450 1645 4521 inserebatur,
1675 4452 1737 4511 sun·

938 4544 1082 4605 debentur
1101 4544 1300 4623 portiunculae
1320 4544 1464 4622 oblongae
1478 4554 1649 4620 argenteae,
1669 4545 1739 4605 sine

939 4640 1063 4715 imagine
1084 4644 1114 4697 et
1135 4639 1293 4717 scriptura,
1312 4640 1517 4699 aestimatione
1535 4637 1622 4694 unius
1643 4637 1738 4698 rublir

939 4753 1059 4811 quarum
1081 4729 1161 4791 nulla
1181 4751 1258 4790 nunc
1276 4737 1406 4811 apparet.
1459 4726 1628 4787 cedebatur
1648 4731 1738 4793 etiam

939 4831 1056 4884 moneta
1076 4826 1105 4883 in
1117 4823 1221 4883 Galles
1240 4826 1416 4902 principatu3
1437 4839 1473 4878 ea
1492 4826 1588 4880 autem
1608 4842 1673 4883 cnm
1688 4846 1736 4887 ae·

939 4917 1048 4995 quabili
1066 4918 1164 4977 valore
1184 4922 1312 4983 careret,
1333 4912 1459 4971 evarruit.
1493 4913 1582 4974 Porro
1594 4930 1664 4977 ante
1676 4939 1736 4979 rno-

80 5028 152 5087 gae,
183 5010 315 5071 Grisnam
341 5012 458 5091 viginti,
488 5011 634 5073 l'oltinam
654 5019 788 5079 centnm,
820 5009 881 5071 Ru·
938 5016 1050 5080 aetam,
1085 5006 1260 5086 proboscide
1297 5012 1327 5065 et
1356 5005 1495 5067 auriculis
1526 5010 1736 5086 capreolorum,

80 5102 162 5163 blnm
194 5101 340 5167 dumetae
369 5104 489 5167 faciunt.
536 5104 612 5165 Novi
643 5122 721 5171 nnnc
745 5104 881 5183 utrinqne
937 5103 1117 5181 aliarumque
1143 5097 1326 5169 ant-annm,
1359 5120 1480 5178 quorum
1505 5103 1602 5182 pelles
1620 5103 1657 5162 ad
1679 5125 1735 5164 nos
