3734 5610
617 185 675 249 DE
694 185 833 250 nauus
852 182 1172 253 moscovtulcls.

63 348 143 431 quod
173 348 274 431 populi
306 350 357 409 isti
386 346 521 410 defernnt
551 347 674 411 honoris
702 349 865 431 Episcopls

63 446 123 505 tuis
142 442 189 519 (sl
209 442 354 523 Episcopi
374 441 466 517 sunt)
495 460 562 501 curo
588 462 646 522 qua
665 441 789 505 abluunt
808 462 865 502 ma·

63 554 130 612 ιιιιο,
149 538 291 597 camenis
303 533 409 611 oculis,
429 535 555 615 aliisque
575 539 709 617 corporis
729 534 866 616 partibus

63 632 249 711 inspergunt,
269 646 341 689 sese
361 636 460 689 autem
479 630 518 689 iis
538 628 699 711 Episcopis
719 646 865 710 persaepe

63 719 103 781 nd
123 729 231 782 terram
257 719 414 796 inclinant,
445 740 482 783 ac
512 729 619 782 terram
646 721 742 782 fronte
762 741 864 803 peren·

61 817 149 874 tiunt.
192 812 278 891 Quae
304 812 395 874 rerba
421 832 487 872 cunr
513 813 659 895 Princeps
680 817 866 895 excepisset:

62 905 120 967 boo
139 927 234 988 aquae
253 906 394 985 mysterio
413 906 537 986 (inquit)
557 905 667 970 Christi
688 907 866 969 resurrectio

63 996 248 1076 designatur.

139 1183 187 1244 Ne
207 1182 261 1244 tibi
282 1183 448 1266 (respondit
467 1187 631 1263 Antonine)
655 1190 805 1268 negotium
824 1188 867 1248 bi·

61 1296 116 1336 sce
135 1274 173 1337 de
193 1276 282 1338 rebus
303 1277 467 1352 lacessam,
492 1279 595 1340 licebit
614 1281 776 1341 Serenitati
796 1288 866 1341 triae

10 1368 15 1395 ¹
62 1368 137 1429 baec
156 1367 325 1449 perlegere,
346 1391 422 1450 qnae
439 1370 504 1447 tibi,
524 1371 663 1434 munidato
683 1380 745 1447 tno,
766 1370 804 1433 de
825 1370 866 1432 di·

61 1463 201 1521 scrimine
232 1465 308 1523 inter
328 1462 526 1539 Catholicanr‚
556 1474 587 1527 et
606 1467 754 1529 Graecam
778 1463 866 1526 fidem

63 1557 245 1634 conscripsi:
272 1576 308 1616 ex
328 1558 365 1615 iis
387 1559 464 1617 enim
484 1560 573 1619 etiam
593 1560 756 1639 intelliges,
778 1576 866 1639 ¹qnae

63 1643 102 1707 do
123 1647 222 1707 mrdtis
242 1646 412 1728 lrnjusmodi
436 1650 537 1725 rebus,
557 1655 583 1712 ei
609 1653 719 1728 velles,
739 1659 867 1733 possent

61 1738 246 1821 responderi.
269 1738 359 1817 Quod
377 1745 520 1823 scriptum
540 1763 606 1804 cnm
616 1743 762 1826 Princeps
782 1765 866 1808 acoe-

61 1835 174 1913 pisset‚
190 1835 300 1914 jussit,
330 1842 364 1895 nt
383 1836 533 1897 Antonius
553 1834 749 1899 adduceretur
768 1837 808 1901 ad
827 1838 864 1900 B.

63 1922 198 2003 Virginis
215 1927 365 2008 templum,
384 1926 442 1991 sed
461 1931 489 1991 ci
504 1930 568 2010 jam
588 1948 625 1993 ex
645 1930 781 1993 eubiculo
800 1952 866 1995 exe·

25 2050 28 2057 ·
61 2020 125 2078 nrrti
137 2016 284 2101 Princeps
304 2022 493 2083 inclamauit:
513 2021 592 2084 Vide
605 2025 729 2094 Antoni,
749 2044 788 2084 ne
807 2024 865 2085 Lu·

61 2108 217 2173 therannm
250 2112 376 2193 aliquem
403 2116 432 2174 in
452 2112 620 2177 Ecclesiam
640 2113 776 2177 inducas.
810 2114 866 2177 (bri

62 2205 230 2268 Antonius:
249 2204 333 2280 Nos,
353 2206 509 2287 Princeps,
529 2206 802 2285 baineiameinis
823 2230 867 2270 re·

17 2348 20 2353 .
62 2298 229 2377 sipiscant,
259 2316 318 2358 non
339 2296 541 2377 admittimus,
570 2320 665 2381 neque
690 2299 779 2363 nobis
806 2301 867 2365 nlla

63 2407 132 2448 cnm
145 2390 192 2449 eie
204 2390 375 2469 conjunctio
387 2399 445 2453 est.
465 2391 520 2455 Sic
539 2395 627 2473 igitur
647 2391 867 2459 descendentes

10 2506 12 2511 ·
63 2478 224 2558 Proceres,
244 2480 407 2545 Antonium
427 2482 467 2547 ad
487 2483 637 2548 dexteram
653 2496 767 2569 partem
780 2486 867 2551 aedis

62 2572 101 2634 B.
123 2572 268 2654 Virginis,
287 2594 346 2637 una
366 2596 433 2638 enm
451 2582 518 2641 suis
537 2582 648 2642 sistere
666 2585 766 2643 euirati
786 2591 868 2659 sont,

63 2675 302 2748 expectaturum,
323 2688 476 2751 qrmusque
496 2670 642 2755 Princeps
662 2676 793 2739 veniretr
821 2697 868 2737 ce·

62 2767 158 2820 terum
185 2761 265 2822 nulla
292 2758 330 2821 de
356 2782 388 2822 re
409 2762 555 2843 ejusmodi
575 2770 805 2847 praemonitum,
825 2775 867 2829 at·

62 2871 168 2933 queeo
188 2856 286 2913 minus
307 2851 337 2913 id
351 2857 541 2933 cogitantem,
561 2856 641 2937 quod
661 2856 772 2920 diserte
783 2859 867 2921 Prin·

63 2945 124 3025 cipi
145 2943 357 3021 declaraverat,
376 2966 411 3007 se
431 2946 501 3009 nulli
532 2946 638 3026 Sacro,
658 2960 709 3013 ant
727 2953 868 3033 precibus

62 3055 165 3098 eorum
185 3035 314 3117 publicis
334 3037 547 3101 interfuturum.
570 3040 673 3123 ltaque
693 3065 726 3105 re
738 3044 867 3107 rtrrimad·

61 3149 161 3205 versa,
180 3149 216 3190 se
235 3127 305 3190 inde
325 3135 438 3193 sensim
459 3131 535 3209 (sed
555 3133 669 3212 libere)
691 3158 756 3199 cum
777 3141 867 3199 omni·

61 3220 120 3282 bus
140 3224 204 3283 suis
224 3219 367 3283 subduxit
383 3226 548 3288 Arrtonins:
579 3248 645 3289 corn
672 3232 700 3290 ei
721 3229 868 3293 Proceres

61 3311 224 3375 identidem
243 3322 494 3396 protestarentur,
514 3340 597 3397 eom,
629 3325 677 3403 qui
697 3324 728 3383 in
746 3325 868 3407 reliquis

59 3404 153 3467 rebus
173 3406 310 3469 omnibus
335 3430 407 3489 erga
431 3410 599 3494 Principem
625 3434 712 3476 snum
732 3426 813 3480 recte
832 3438 868 3480 se

62 3501 229 3577 gessisset,
256 3519 293 3559 ea
319 3504 349 3561 in
368 3522 402 3563 rs
421 3522 557 3583 magnam
578 3509 716 3587 injuriam
738 3506 867 3593 Principi

61 3586 182 3650 inferre.
223 3587 342 3666 Quibus
369 3612 435 3653 com
453 3598 586 3658 rationes
605 3600 652 3659 sic
671 3600 806 3678 alierret,
836 3612 871 3664 ut

62 3680 204 3762 frequens
222 3682 351 3763 populns
362 3687 525 3762 miraretur,
545 3693 695 3772 ceterique
707 3692 869 3756 nobiliores

62 3782 170 3833 esseio
188 3778 315 3850 attoniti,
336 3774 474 3838 diriorem
496 3780 624 3862 aliquem
644 3806 747 3847 caeram
766 3784 869 3847 adver·

62 3884 117 3926 sus
129 3866 294 3929 Arrtonium
308 3878 518 3950 expectantem
539 3894 611 3935 ecce
631 3876 797 3939 Senatores
818 3876 868 3939 ad·

63 3960 177 4034 moniti,
197 3962 245 4040 qni
262 3963 326 4037 jam
347 3982 413 4023 curn
423 3961 564 4046 Principe
584 3969 680 4047 ipsam
698 3973 727 4030 in
739 3971 867 4051 plateam

61 4048 298 4129 descenderant,
317 4051 356 4115 ad
376 4056 538 4118 Antonium
562 4063 639 4121 satis
664 4061 703 4124 ab
722 4062 798 4125 aede
817 4064 868 4126 illa

57 4145 125 4223 jam
165 4154 309 4206 remotum
346 4146 508 4225 accedunt3
542 4155 710 4231 sciscitati,
745 4176 867 4219 canuam

61 4233 197 4314 Priamipi
230 4237 375 4316 referunt,
402 4260 490 4322 quem
523 4243 707 4310 Sacerdotes
738 4247 867 4331 qnidam,

61 4324 198 4481 prrpefllapa
216 4328 415 4395 Beatissimae
434 4334 569 4415 Virginis
589 4342 727 4421 imagine,
747 4363 868 4424 praece·

86 4440 104 4481 e
145 4440 186 4479 ιι.

141 4604 218 4667 'Pom
239 4606 385 4693 Princeps
406 4613 505 4679 media
525 4620 560 4679 in'
572 4594 673 4700 platea
693 4644 758 4684 crrrn
778 4626 868 4686 omui·

63 4697 122 4758 bos
141 4700 247 4761 aulicis
266 4701 453 4784 subsistens,
473 4730 620 4793 manuque
641 4724 730 4797 caput
748 4715 869 4796 fricans,

63 4790 221 4871 ambigens
246 4794 318 4876 qnid
343 4810 460 4876 ageret,
490 4802 611 4867 tandem
637 4806 800 4871 Senatores
825 4830 869 4872 re·

63 4885 155 4945 nrittit
172 4886 320 4965 bertonio,
353 4890 504 4972 dicentes,
524 4918 589 4958 eum
610 4899 726 4979 quidem
747 4888 887 4965 descen·¹

63 4974 160 5051 ulisse,
181 4980 280 5061 illique
300 4985 423 5059 gratiam
443 5007 528 5049 suam
550 4991 708 5054 ostendere
727 4995 870 5057 voluisset

64 5090 167 5129 verrini
197 5077 345 5137 enimvero
377 5098 442 5139 curn
474 5102 539 5144 cam
576 5085 667 5147 nollet
702 5086 868 5165 admittere,

65 5166 211 5237 integrum
233 5168 258 5223 ei
280 5168 413 5250 relinqui,
436 5182 466 5234 nt
488 5179 516 5236 in
539 5178 677 5257 {sarlatium
697 5180 736 5243 ad
749 5182 868 5244 solitum

1546 138 1556 151 ’
1669 184 1728 247 na

924 346 1065 409 conclaue
1083 343 1271 421 ascenderet,
1290 364 1348 426 quo
1360 354 1525 409 seinamma
1547 346 1637 427 paulo
1656 356 1728 429 post

924 437 962 501 de
983 442 1129 518 negotiis,
1154 437 1321 519 dequibus
1339 437 1503 519 agebatur,
1535 449 1640 503 essem
1657 461 1726 505 verr·

923 534 991 594 turri.
1011 530 1067 593 Sic
1078 530 1211 615 Principi
1231 529 1390 595 adsedem
1408 533 1725 616 appropinquantible·

922 623 1078 706 tropolita,
1108 644 1175 687 curn
1200 618 1349 707 aliquibus
1367 624 1545 706 Episcopie,
1569 636 1601 689 et
1620 628 1726 692 Sacer·

924 716 1046 781 dotibus
1065 721 1184 794 exieris,
1215 717 1333 779 obviam
1359 721 1455 793 venit3
1484 719 1662 797 salutatum,
1695 725 1727 785 io

923 809 1029 874 aedem
1049 808 1215 888 deducunt,
1243 831 1361 873 erucem
1381 809 1576 875 osculandam
1597 813 1727 878 tradunt.

923 904 969 967 Ea
987 924 1058 965 vero
1078 909 1109 965 in
1128 903 1204 966 aede
1223 912 1407 985 suggestum,
1427 912 1458 965 et
1474 902 1653 968 Cathedram
1671 928 1727 989 pro

924 998 1056 1061 Arrtonio
1075 1000 1232 1060 excitatam
1258 998 1369 1072 fuisse,
1401 1005 1435 1058 nt
1459 1001 1555 1059 omnia
1583 1008 1727 1076 cerneret,

924 1111 961 1152 ao
978 1088 1088 1152 deinde
1106 1087 1218 1172 aliquid
1238 1093 1265 1151 ei
1286 1088 1324 1152 de
1344 1088 1402 1151 lide
1423 1090 1619 1172 objiceretur,
1639 1111 1657 1152 a
1676 1113 1727 1153 no·

925 1180 1035 1245 bilibus
1056 1192 1163 1265 postea
1182 1181 1304 1246 audivit.
1335 1182 1439 1265 ltaque
1464 1186 1557 1247 vitata
1576 1182 1615 1245 ab
1635 1185 1728 1246 Anto·

924 1281 974 1338 nio
989 1298 1026 1339 ea
1044 1285 1232 1358 tempestate,
1254 1284 1284 1338 et
1304 1297 1408 1338 manns
1428 1276 1639 1358 Metropolitae
1659 1276 1729 1339 deo.

924 1370 1106 1445 senlatione,
1136 1390 1223 1450 quam
1248 1367 1395 1452 Princeps
1421 1378 1590 1451 optaverat,
1622 1370 1673 1432 ubi
1697 1373 1728 1431 ln

925 1461 1066 1524 conclave
1097 1461 1236 1525 ascendit
1264 1464 1424 1538 Antonius,
1458 1462 1507 1523 hle
1536 1483 1572 1524 ex
1606 1472 1729 1545 pectore

923 1550 1013 1636 plena
1036 1555 1225 1637 reliquiarum
1250 1576 1338 1617 emec
1359 1553 1548 1636 deprompta,
1575 1575 1642 1617 cum
1661 1560 1727 1618 suis

925 1648 1071 1724 omnibus,
1091 1651 1141 1730 qui
1160 1657 1246 1711 erant
1264 1645 1447 1729 quindecim,
1467 1650 1543 1709 satis
1563 1648 1624 1710 alta
1643 1669 1728 1727 voce,

924 1740 1052 1821 genibus
1072 1740 1173 1816 llexis,
1202 1741 1356 1821 hymnum,
1390 1740 1436 1803 Te
1455 1740 1553 1802 Deum
1574 1738 1728 1803 laudamus

925 1838 1072 1897 recitavit.
1092 1832 1128 1896 ld
1148 1831 1229 1914 quod
1247 1833 1364 1895 nobiles
1384 1835 1547 1896 Antonium
1565 1836 1728 1914 prosecutl,

924 1946 991 1989 eum
1011 1929 1223 2008 perquirerent,
1243 1924 1315 2008 quid
1333 1925 1367 1989 id
1385 1933 1485 2002 esset;
1516 1928 1731 2006 eogrrovisseut

925 2027 1024 2081 autern
1043 2018 1082 2081 ab
1103 2040 1139 2080 eo
1161 2022 1272 2098 gratias
1291 2019 1360 2081 Deo
1378 2028 1474 2095 actas,
1494 2017 1573 2101 quod
1585 2018 1727 2082 Christia-

924 2132 993 2174 nam
1012 2130 1112 2175 veram
1132 2110 1221 2175 tidem
1242 2132 1308 2175 euru
1328 2116 1392 2174 anis
1412 2119 1600 2187 constanter,
1620 2132 1657 2174 ac
1677 2132 1728 2195 pu·

925 2203 1004 2265 bliee
1023 2202 1227 2281 defendisset,
1248 2205 1369 2267 midlice
1390 2204 1487 2267 adecti
1507 2212 1592 2280 sarrit,
1616 2213 1650 2266 ut
1668 2226 1729 2268 nou

925 2296 1023 2359 solnm
1043 2298 1294 2375 obmutescerent,
1314 2318 1416 2360 venam
1437 2302 1526 2360 etiarn
1547 2296 1728 2379 expallesce·

926 2398 1001 2453 rent
1022 2390 1109 2455 llane
1129 2396 1207 2454 euim
1225 2414 1243 2454 a
1264 2395 1376 2455 teneris
1396 2393 1482 2453 anuis
1495 2390 1595 2453 Mosei
1616 2394 1728 2473 opinio·

925 2504 993 2545 uem
1012 2482 1193 2561 imbuerunt,
1219 2506 1290 2547 sese
1316 2494 1349 2547 ut
1373 2482 1457 2545 solos
1477 2504 1565 2547 veros
1588 2484 1729 2547 christia·

925 2594 983 2639 nos
1001 2580 1190 2653 existiment,
1209 2578 1339 2660 reliquos
1359 2577 1446 2652 (lieet
1464 2575 1653 2654 catholicos)
1678 2579 1730 2638 im·

926 2666 1063 2747 mundos,
1083 2669 1266 2749 haereticos,
1285 2679 1337 2734 aut
1355 2678 1488 2733 errantes
1508 2678 1622 2751 putent.
1665 2667 1730 2732 Sed

927 2770 958 2823 et
977 2764 1044 2840 ejus
1068 2762 1180 2843 ingenii
1207 2760 1341 2845 Principi
1367 2784 1416 2825 res
1442 2763 1492 2823 illa
1518 2762 1730 2823 molestissime

926 2853 1059 2931 accidit,
1096 2876 1162 2916 enm
1198 2854 1327 2916 bominis
1357 2874 1376 2917 ιι
1411 2851 1558 2915 Pontifice
1595 2852 1727 2930 Maximo

927 2951 1012 3009 missi
1041 2950 1222 3029 praesentia,
1249 2955 1280 3008 et
1305 2966 1375 3027 erga
1399 2944 1622 3027 Metropolitam
1642 2964 1730 3007 sunm

927 3036 1118 3118 demissione,
1137 3049 1257 3120 gentem
1276 3039 1356 3103 illam
1369 3041 1398 3100 in
1413 3038 1576 3100 schismate
1595 3036 1731 3101 stabilire

928 3137 1100 3212 cogitasset,
1121 3136 1207 3215 quasi
1228 3131 1367 3194 Pontifex
1385 3130 1535 3193 Maximum
1556 3133 1731 3209 Antonium,

927 3223 1010 3288 adid
1029 3224 1157 3288 officium
1169 3223 1392 3309 praestandum,
1411 3227 1535 3285 veritate
1546 3229 1657 3305 agnita,
1679 3228 1730 3289 tui·

927 3321 1036 3381 sisset:
1067 3317 1314 3400 quemadmodum
1346 3304 1435 3381 antea
1465 3314 1647 3379 Smolenscii
1676 3334 1733 3400 pes

926 3410 1130 3494 Episcopum,
1155 3419 1208 3474 unt
1224 3408 1384 3473 Vladicam
1403 3410 1484 3471 illum
1494 3454 1504 3487 ,
1531 3406 1640 3471 deinde
1658 3428 1731 3472 vero

927 3504 1139 3585 Norogardiae
1151 3504 1284 3585 biegnae
1303 3524 1358 3587 per
1382 3504 1654 3586 Arcbiepiscopum
1671 3501 1731 3565 iru-

926 3606 991 3660 stra
1009 3604 1185 3660 tentaverat
1226 3596 1331 3678 ltaque
1361 3605 1462 3661 astuto
1490 3599 1521 3657 in
1542 3600 1654 3659 astuitia
1674 3614 1731 3658 sua

928 3689 1158 3769 comprehenso,
1190 3687 1263 3750 iacti
1295 3689 1374 3749 illine
1399 3688 1510 3770 publici
1529 3690 1738 3749 testimonium·

927 3785 957 3843 in
977 3778 1118 3843 cordibus
1136 3779 1310 3844 ltloseorum
1330 3777 1397 3856 din,
1422 3789 1457 3842 nt
1473 3777 1652 3860 sperandum
1674 3787 1733 3855 est,

927 3873 1077 3949 haerebit,
1103 3892 1170 3934 cum
1196 3874 1315 3955 reipsa
1335 3891 1435 3934 eoram
1455 3870 1595 3951 Principe
1613 3888 1670 3932 suo
1690 3874 1732 3933 ui·

928 3965 1040 4041 derirn,
1071 3986 1157 4047 qnam
1187 3974 1294 4046 putant
1311 3984 1382 4026 sese
1403 3964 1512 4025 babere
1532 3960 1635 4039 fidem,
1665 3982 1731 4025 eam

927 4059 965 4121 ab
986 4057 1172 4121 (lrtbodoxie
1190 4066 1221 4120 et
1231 4057 1396 4120 Catholicis
1416 4078 1453 4118 ne
1474 4054 1593 4135 dignam
1613 4054 1731 4137 quidem

926 4154 1091 4227 aestimari,
1121 4160 1155 4213 nt
1179 4155 1312 4233 ipsorum
1337 4149 1443 4213 ritibus
1469 4151 1536 4232 pios
1562 4149 1671 4232 aliquis
1688 4152 1730 4211 in·

925 4248 1022 4307 tersit.

1007 4429 1082 4491 Com
1108 4433 1209 4513 itaque
1232 4431 1309 4494 baec
1327 4439 1396 4495 acta
1415 4430 1560 4506 fuissent,
1580 4429 1732 4492 Senatori-

927 4524 985 4586 bos
1005 4522 1044 4585 ad
1064 4526 1227 4588 Antonium
1246 4525 1450 4602 venientibus,
1477 4527 1610 4587 rationes
1636 4522 1675 4584 ab
1694 4540 1732 4581 oo

928 4618 1036 4679 allatae
1054 4626 1143 4695 sunt,
1165 4638 1218 4679 cur
1234 4618 1389 4699 Princeps,
1409 4620 1437 4677 si
1459 4612 1532 4695 quid
1551 4618 1664 4693 gratiae
1683 4613 1732 4687 (nt

928 4709 1066 4791 aiebant)
1079 4712 1212 4774 Antonio
1233 4709 1392 4772 estundere
1411 4706 1566 4781 voluisset,
1587 4704 1732 4766 necPon·

927 4800 1036 4865 titicem
1054 4802 1216 4866 Maximum
1236 4822 1254 4864 a
1274 4802 1394 4863 Christo
1423 4802 1590 4861 institutum
1608 4816 1732 4879 carpere

928 4916 1028 4959 eoram
1060 4896 1198 4958 omnibus
1223 4894 1395 4957 debuisset:
1425 4910 1482 4952 nec
1510 4893 1642 4970 cogitare
1666 4910 1732 4967 eos,

928 4992 977 5069 qni
997 4989 1036 5049 ab
1058 4990 1108 5049 illo
1128 4992 1332 5062 mitterentur,
1353 4982 1510 5046 inferiores
1530 5002 1601 5045 esse
1620 4982 1731 5044 metro-

928 5083 1035 5163 polita,
1061 5084 1108 5161 qni
1129 5102 1167 5142 ne
1189 5080 1380 5161 llletropolitu
1401 5076 1519 5160 quidem
1540 5085 1639 5152 esset,
1665 5097 1731 5138 cunr

929 5186 955 5238 et
978 5176 1060 5248 alter,
1082 5176 1131 5253 qni
1141 5173 1288 5237 diceretur
1300 5172 1501 5253 bletropolits,
1521 5184 1596 5237 eser
