3742 5626
100 154 159 217 aaa
725 151 856 217 PAULI
876 151 1141 219 censebatur

104 322 135 380 in
155 318 275 379 hostico
295 320 337 380 ita
357 318 559 393 versabantur,
588 322 619 378 ut
639 319 741 377 nescio
761 316 907 395 quomodo
933 311 943 385 l
966 316 1164 389 defleverunt,
1201 319 1282 399 quod
1320 326 1431 380 tantuna
1464 322 1610 380 malorum
1641 317 1773 377 onnian

106 416 137 474 in
157 413 256 473 media
276 412 400 474 Polonia
420 416 472 472 aut
491 409 651 472 Lithuania
671 412 808 471 securius
826 410 909 471 hahi-
935 390 939 419 ¹
965 430 1070 489 agnen
1090 432 1194 472 secura
1215 414 1317 483 traxit,
1343 415 1372 473 in
1392 433 1450 492 quo
1470 418 1585 473 tantum
1606 408 1773 471 Christiani

105 514 170 569 tare
195 508 376 588 potuissent,
406 504 553 565 habentes
573 505 690 564 scilicet
716 505 745 562 in
765 504 839 583 ipsis
860 523 909 563 ca·
967 506 1123 583 sanguinis
1143 505 1240 566 fusunr
1261 512 1324 575 est,
1351 507 1380 565 in
1402 527 1460 585 quo
1483 512 1529 565 tot
1547 501 1701 585 perieulis
1728 504 1771 562 ob

107 602 180 661 atris
200 600 356 677 imaginem
375 596 522 676 quandam
543 597 644 657 larium
670 617 706 657 ac
727 595 909 657 domesticae
963 599 1047 679 jecta
1062 601 1206 679 juventus
1226 598 1289 670 fuit,
1309 603 1353 658 tot
1372 598 1505 679 orphani,
1526 603 1573 657 tot
1592 594 1718 669 viduae,
1735 602 1772 655 tnt

105 692 201 754 sedis.
239 689 397 752 Nominata
415 689 533 751 tandem
554 690 783 771 estZapolscia,
800 710 858 769 quo
878 691 908 749 in
967 691 1030 750 orbi
1051 711 1153 761 senes,
1173 700 1217 753 tot
1238 691 1371 761 mendici,
1390 697 1434 751 tot
1455 689 1598 751 infelices
1618 697 1698 749 sunt
1715 688 1769 749 red·

105 785 172 846 loco
199 784 237 844 de
259 784 472 864 compositione
497 784 584 865 pacis
608 784 767 863 pensitatis
793 789 823 843 et
842 801 909 842 exa·
967 783 1029 845 diti.
1068 784 1237 864 Expendite
1262 805 1328 846 cum
1348 785 1454 846 animle
1473 786 1606 852 vestris,
1635 790 1767 862 quantun

105 878 223 939 nrinatls
242 879 388 957 utrimque
416 876 635 938 conditionibus
655 874 774 936 tabulae
798 876 910 935 scribe·
967 877 1083 936 intersit
1109 878 1186 937 ieter
1212 878 1359 939 hominem
1386 877 1453 959 paci
1478 896 1515 935 ac
1542 874 1768 935 beneuolentiae

104 979 216 1031 rentur.
254 969 332 1031 Nam
354 990 410 1030 nec
430 971 487 1049 ipai
507 968 584 1047 Regi
605 968 798 1049 reportandae
818 971 909 1030 ricto·
967 978 1067 1031 natum
1087 971 1206 1047 animal,
1225 978 1256 1032 et
1274 973 1349 1032 inter
1369 969 1448 1029 feras
1461 976 1492 1028 et
1511 968 1639 1029 belluas
1659 967 1766 1049 praeda·

103 1064 165 1125 riae
185 1063 302 1144 cupido,
322 1069 353 1123 et
365 1084 418 1145 per
438 1085 474 1124 se
494 1066 619 1144 impigro
631 1063 773 1137 bellatori,
793 1062 909 1121 animus
966 1064 1037 1123 tioni
1058 1063 1197 1145 belloque
1223 1070 1326 1126 natast
1347 1061 1464 1124 adhaec
1486 1068 1638 1142 quantum
1665 1062 1766 1121 intersit

104 1158 321 1237 consiliumque
346 1155 570 1236 amplectendae
594 1144 770 1216 concordiae
795 1154 909 1218 deerat.
966 1160 1043 1218 inter
1063 1156 1220 1228 hominem,
1241 1164 1272 1218 et
1291 1157 1436 1217 homiuem
1449 1154 1682 1216 Christianum:
1702 1152 1766 1215 Can·

103 1249 206 1312 Distat
225 1248 385 1331 Zapolscia
418 1250 520 1328 viginti
551 1253 677 1328 quatuor
706 1269 725 1309 a
750 1247 909 1308 Plesconia
967 1251 1172 1331 temptamini,¹
1193 1269 1280 1329 quam
1311 1247 1492 1328 expetenda,
1520 1268 1616 1330 quan
1641 1246 1768 1315 honesta¹

104 1344 293 1414 milliaribus,
313 1364 351 1403 ea
370 1343 433 1414 via,
454 1364 514 1423 qua
528 1341 631 1420 Magni
650 1341 747 1403 Ducis
772 1342 908 1401 instituto
966 1364 1052 1426 quam
1073 1343 1225 1404 salutifera
1243 1363 1292 1403 res
1311 1345 1352 1403 sit
1370 1363 1438 1422 pax.
1478 1340 1507 1401 E
1532 1342 1673 1412 diverso,
1691 1362 1767 1421 quaa

104 1436 206 1497 veredi
225 1435 416 1515 Novogrodia
441 1435 626 1497 Zavolotiam
652 1443 684 1495 et
704 1433 908 1495 Velicolueum
967 1437 1142 1498 calamitosa
1155 1435 1243 1495 simul
1254 1446 1285 1497 et
1295 1437 1444 1496 scelerata
1454 1455 1505 1495 res
1516 1436 1646 1507 bellun,
1664 1436 1767 1497 etiann'

104 1530 317 1612 disponuntur,
353 1532 439 1611 cujus
467 1530 579 1589 circum
605 1530 733 1590 vicinam
758 1529 907 1606 regionem
961 1531 1162 1614 justissimum
1181 1530 1234 1604 sit,
1254 1530 1281 1589 si
1301 1527 1380 1607 quod
1394 1529 1514 1588 oarniao
1532 1528 1652 1589 bellun
1667 1532 1767 1611 ιῑιιίιιι

103 1642 221 1685 omnem
253 1622 340 1683 miles
364 1624 466 1701 regius
491 1619 602 1681 infesta
630 1622 819 1703 populatione
845 1642 908 1701 pcr-
966 1624 1067 1684 vocari
1092 1628 1201 1703 potest.
1248 1620 1418 1702 Expendite
1445 1640 1555 1695 curas,
1584 1630 1703 1683 ιιιιιίιι
1725 1643 1767 1703 pr·

104 1725 244 1779 currerat.
282 1716 312 1776 A
331 1715 416 1793 Rege
435 1713 558 1794 profecti
583 1720 654 1774 sunt
677 1717 734 1775 riri
752 1714 908 1791 Principes
966 1716 1067 1787 ricula,
1088 1715 1243 1775 molestum
1264 1736 1301 1776 ae
1322 1716 1441 1795 longum
1461 1718 1768 1798 apparatu-,seponi

105 1819 136 1873 et
156 1811 280 1872 maxime
300 1808 427 1879 nobiles,
447 1805 624 1888 Stephanus
639 1808 831 1884 Zbarascius,
850 1807 908 1868 Pa·
965 1811 1064 1889 tisque
1095 1808 1271 1885 affectibus,
1307 1809 1355 1869 vel
1389 1810 1539 1887 tantisper
1578 1812 1767 1871 ratione-in

104 1904 215 1967 latinus
235 1901 493 1975 Vratirlariensis‚
514 1900 656 1961 Albertuc
677 1894 816 1963 ltadirllo
836 1901 908 1962 Dux
966 1903 1122 1963 consilium
1142 1901 1293 1977 adhibete,
1312 1901 1381 1962 dum
1402 1923 1472 1963 vere
1492 1905 1688 1984 supputarit,
1712 1924 1767 1965 nu

106 1995 214 2058 Olicao
228 2006 259 2055 et
280 1994 440 2066 lt'iesvisil,
457 1994 558 2071 Magni
578 1994 717 2056 lineatus
728 1994 908 2057 Lithuaniae
966 1996 1012 2068 id,
1039 1995 1118 2076 quod
1145 1994 1203 2055 hoe
1224 1995 1302 2055 belle
1328 1997 1448 2074 petitur,
1473 1998 1557 2057 tanti
1580 1999 1641 2069 sit,
1667 1996 1767 2057 etianni

104 2088 331 2161 blarschaleus,
352 2094 383 2149 ct
401 2086 535 2149 Michael
555 2086 740 2149 Haraburrln.
774 2087 820 2148 llli
841 2107 908 2147 cum
968 2096 1049 2151 certa
1068 2091 1108 2150 sit
1127 2089 1258 2159 victoria,
1279 2090 1380 2167 quanti
1399 2087 1554 2150 hactenus
1575 2088 1767 2151 eonstitittae

106 2184 296 2244 ornatissimo
316 2183 447 2261 equitum
467 2187 666 2241 trecentorum
692 2182 832 2241 comitatu
848 2178 908 2242 Za·
967 2183 1087 2244 bellum.
1125 2180 1214 2242 Nunc
1233 2182 1329 2261 igitur,
1349 2180 1469 2260 quando
1489 2182 1577 2245 satis
1592 2186 1660 2266 jan
1677 2202 1763 2263 anper·

104 2277 248 2359 polsciam
283 2274 390 2350 delati,
421 2273 547 2335 llloscos
578 2280 819 2355 expectaverunt.
867 2273 907 2333 Hi
967 2297 1025 2356 que
1045 2276 1143 2336 fusum
1163 2281 1211 2336 est
1230 2273 1349 2336 humani
1368 2274 1541 2351 sanguinis,
1573 2280 1655 2339 satis
1672 2278 1701 2337 in
1717 2296 1769 2336 ιι·

106 2388 231 2449 namque
253 2374 418 2427 nostrorum
436 2366 527 2424 armis
547 2374 578 2424 et
591 2366 832 2446 populationibus
852 2372 907 2426 tor·
966 2378 1019 2429 tua
1040 2367 1253 2429 debacchatum
1280 2368 1368 2429 exitia
1387 2367 1467 2427 satis
1486 2367 1581 2431 furiis
1600 2370 1770 2451 srcqneli

105 2464 162 2539 riti,
182 2462 310 2521 cumvix
332 2458 454 2518 tandem
467 2459 554 2517 vanis
573 2460 756 2539 suspicionis
776 2466 806 2520 et
825 2461 907 2519 timo·
967 2466 1068 2531 tatum,
1087 2462 1167 2521 satis
1187 2461 1249 2532 diu,
1270 2480 1347 2540 quae
1374 2459 1520 2523 malorum
1547 2466 1704 2543 geniscum
1730 2482 1771 2541 ιι-

106 2559 150 2619 ris
169 2551 357 2616 offendiculis
377 2553 504 2612 animum
524 2550 719 2624 liberassent,
748 2551 907 2632 aliquando
966 2560 1033 2616 scat
1056 2554 1175 2629 oculos,
1201 2560 1268 2614 acta
1293 2562 1342 2613 est
1362 2551 1482 2615 fabula:
1513 2562 1586 2637 pont
1609 2558 1690 2617 nin·
1726 2556 1773 2617 din

104 2649 220 2711 tardius
245 2646 404 2706 advenere.
450 2642 583 2704 Fuerunt
609 2644 649 2704 illi
670 2644 805 2707 basilius
829 2645 908 2707 Jelc·
965 2648 1107 2709 toleratas
1128 2646 1197 2707 belli
1217 2647 1354 2707 miserias
1374 2648 1552 2725 resipiscite.

104 2744 183 2813 cius,
211 2745 321 2803 lrauus
340 2736 512 2808 Bassence,
538 2743 568 2799 et
592 2734 762 2801 Zachareas
789 2738 908 2819 quidam
1042 2739 1195 2821 Quidquid
1214 2738 1361 2799 haetenus
1381 2740 1614 2813 insanitucat,
1628 2739 1703 2801 latis
1721 2742 1773 2803 ἰι-

103 2833 232 2899 Basilidi
251 2854 270 2895 a
289 2834 425 2893 secretis.
466 2831 535 2891 Rex
554 2830 689 2892 dimissis
712 2832 829 2910 legatis,
851 2834 907 2893 eis·
934 2844 938 2875 ¹
964 2840 1098 2916 putetur:
1136 2832 1255 2913 quaceat
1284 2830 1488 2905 Christianis,
1520 2856 1601 2916 quae
1626 2834 1770 2915 quondan

104 2950 162 3011 que
189 2925 297 3007 agendi
323 2944 390 2983 cum
416 2923 506 2983 hoste
531 2930 681 3004 potestate
708 2925 777 2987 data
801 2926 905 2988 eodem
966 2926 1097 3007 profanis
1117 2926 1237 3005 placuit,
1257 2926 1449 3006 superiorum
1458 2929 1639 3010 injuriarum
1657 2930 1768 2991 oblivia:

103 3023 167 3093 die,
189 3022 240 3099 qui
260 3016 400 3078 Andreae
419 3017 491 3087 fuit,
511 3019 567 3076 iter
587 3016 774 3079 Lithuauiam
799 3040 906 3079 versus
964 3020 1098 3082 Posthac
1117 3019 1320 3079 communibus
1340 3021 1479 3081 consiliis
1502 3022 1537 3081 in
1548 3024 1637 3103 pacis
1653 3022 1764 3083 audiun

104 3115 251 3195 suscepit,
268 3131 338 3171 cura
350 3109 472 3187 gerendi
492 3110 606 3169 interim
633 3116 662 3169 ct
681 3110 906 3173 administrandi
963 3113 1139 3182 incumbite,
1160 3117 1190 3172 et
1212 3113 1260 3171 sic
1283 3113 1459 3184 incumbite,
1494 3124 1536 3175 ut
1565 3136 1626 3177 aon
1654 3118 1760 3196 mein

103 3209 172 3270 belli
202 3194 312 3267 doahrri
343 3201 505 3263 Zamoscio
541 3201 754 3264 commendata.
803 3204 909 3265 Adfuit
933 3192 936 3271 l
963 3206 1019 3266 sed
1046 3204 1152 3265 sedilis
1179 3213 1270 3283 atque
1295 3204 1500 3266 adamantinis
1533 3209 1654 3271 vinealia
1674 3213 1758 3275 esent,

103 3302 211 3380 legatis
231 3298 401 3375 Principum
413 3295 610 3369 Posscrinus‚
629 3296 680 3374 qni
699 3315 755 3374 spe
775 3301 806 3356 et
826 3299 905 3377 cupi·
933 3290 936 3375 l
964 3318 1112 3378 nunquam
1133 3296 1336 3377 dirumpenda.
1376 3296 1493 3376 iungat
1516 3310 1639 3364 aeterna
1653 3321 1760 3363 eeaenr·

104 3396 197 3455 ditate
217 3387 447 3450 constituendae
466 3388 551 3469 paeis
572 3392 654 3446 totus
675 3399 835 3449 exarserat.
875 3392 906 3450 ls
933 3378 936 3465 Ι
964 3388 1022 3466 dia,
1043 3410 1121 3469 quos
1137 3398 1196 3451 tam
1208 3390 1309 3450 multis
1325 3392 1414 3451 rebus
1429 3394 1547 3473 junxit
1565 3406 1673 3459 natura
1689 3394 1765 3455 Com

103 3488 142 3549 ab
161 3482 364 3565 imploratione
391 3480 459 3560 opis
479 3479 598 3541 divinae
624 3501 750 3541 exorsus
775 3482 906 3543 disertis·
933 3480 936 3557 l
964 3485 1102 3545 munibus
1117 3482 1227 3544 studiis
1245 3489 1334 3561 agant
1351 3504 1469 3556 omnes,
1493 3490 1585 3568 quod
1601 3490 1643 3552 ad
1660 3491 1764 3551 enain·

103 3583 180 3643 sima
207 3577 350 3637 concione
371 3575 600 3634 circumstantes
618 3577 739 3645 monuit,
770 3581 802 3635 ut
826 3576 906 3636 inid
933 3588 936 3657 ζ
964 3599 1001 3638 ex
1019 3599 1116 3658 aequo
1136 3576 1308 3637 felicitatem
1328 3579 1472 3658 pertinet.
1502 3581 1580 3647 line
1600 3586 1702 3647 inritat
1715 3584 1762 3663 iper

102 3672 259 3736 consilium
292 3666 502 3748 suscipiendae
534 3668 617 3747 pacis
643 3667 822 3748 praeclarum
848 3691 906 3730 ma·
933 3666 936 3753 ξ
965 3678 1085 3733 naturae
1111 3690 1239 3740 sensus,
1270 3669 1329 3730 huc
1359 3672 1424 3751 ipsa
1456 3671 1647 3741 humanitas
1673 3678 1756 3739 inritat

102 3771 180 3831 xinre
199 3763 329 3826 studium
349 3767 518 3835 ostentare,
537 3766 568 3820 et
587 3760 616 3819 in
636 3781 726 3820 unum
754 3762 906 3823 voluntate
933 3774 936 3811 Ι
961 3764 1029 3825 Huc
1047 3765 1139 3824 totius
1158 3762 1305 3824 humanae
1325 3762 1485 3826 felicitatis
1514 3778 1630 3832 auctor
1649 3770 1754 3835 Ghr'fl

101 3884 139 3925 ae
159 3858 301 3921 sensibus
321 3855 462 3937 conjungi
483 3853 600 3914 vellent.
639 3852 905 3931 Quemadmodum,
933 3822 936 3901 l
964 3862 1059 3926 vocat,
1079 3855 1136 3917 hue
1158 3857 1241 3934 pacis
1262 3856 1432 3927 commoda,
1452 3856 1521 3922 huc
1543 3865 1623 3927 belli
1643 3866 1750 3927 calna'h

102 3956 211 4036 inquit,
230 3970 352 4028 corpora
372 3948 530 4018 coelestia,
557 3947 584 4006 si
615 3949 663 4007 rel
684 3947 834 4027 paululum
861 3958 904 4007 tu·
932 3908 936 4025 l
964 3956 1012 4011 tes
1026 3955 1140 4011 vocant.
1163 3947 1262 4009 Vocat
1277 3948 1506 4017 hucblaxiarnn
1519 3957 1578 4020 ille
1593 3957 1749 4021 Pontilmlt

101 4048 292 4113 multuentur,
311 4049 362 4103 aut
380 4046 460 4101 recto
480 4061 570 4100 curau
590 4039 744 4109 dinarium,
765 4061 824 4101 non
837 4043 904 4103 sirie
932 4032 935 4075 ¹
962 4046 1089 4124 specula
1105 4045 1263 4123 pastoralis
1275 4045 1392 4122 vigiliae
1405 4051 1617 4115 corruitutus.
1630 4064 1662 4115 et
1673 4051 1746 4115 ω

101 4143 183 4221 graii
203 4158 297 4198 rerum
320 4135 511 4196 humanarum
525 4132 656 4214 pernicie
677 4133 706 4193 id
729 4134 851 4205 faciunt,
873 4136 903 4196 id
932 4128 934 4137 '
963 4136 1575 4212 ricariuminterrisgcrena.Siveroovea
1589 4142 1745 4221 esaeias

101 4232 182 4315 quod
207 4233 305 4312 palam
331 4229 464 4288 ridemus
498 4228 526 4286 in
558 4226 727 4287 defectibus
760 4228 834 4288 solis
866 4250 902 4288 ac
931 4222 934 4247 ¹
963 4232 1032 4290 mini
1044 4230 1318 4310 pastorem:sitilii‚
1331 4252 1440 4293 morem
1452 4234 1744 4320 geritepatrijiiffl

101 4332 200 4391 lunae.
239 4326 284 4383 lta
309 4323 413 4381 summi
437 4320 608 4401 Principes,
629 4322 656 4380 si
677 4320 746 4399 quid
767 4322 904 4381 aberrent
931 4382 933 4387 ,
962 4325 1107 4386 hactenus
1134 4322 1204 4383 nibil
1230 4330 1327 4385 actum
1347 4325 1548 4402 tumultibus,
1579 4333 1744 4415 nibilpu·

100 4424 140 4486 ab
166 4438 275 4482 aureae
301 4418 384 4494 pacis
403 4414 534 4488 tramite,
560 4424 611 4473 aut
638 4412 763 4491 siquod
793 4414 902 4475 bellum
930 4410 933 4501 f
961 4424 1022 4478 tum
1034 4416 1217 4487 aruris,uilril
1229 4416 1346 4487 venibit
1360 4417 1559 4484 ulciscendo.
1580 4426 1743 4489 Nunccrfl

99 4536 188 4599 opum
209 4519 240 4573 et
264 4510 414 4588 regionum
440 4507 600 4567 alienarum
622 4505 782 4582 cupiditate
807 4511 902 4569 susci·
928 4522 932 4585 ξ
960 4511 1123 4592 perieulum
1133 4510 1305 4591 facile,quid
1317 4514 1416 4591 possit
1427 4513 1740 4601 placabilitasqn’ffl*

96 4613 190 4695 plaut,
210 4605 241 4667 id
261 4604 395 4687 protinus
415 4601 526 4679 ingenti
546 4600 637 4659 totius
657 4600 739 4658 orbis
759 4601 837 4661 mulo
861 4601 900 4661 fa·
961 4603 1071 4664 cordia.
1094 4603 1420 4682 *Nunegratiassratiam
1433 4610 1552 4687 pariat,
1564 4607 1739 4675 ethna&-

96 4708 185 4767 ciunt.
226 4698 292 4760 Nec
313 4697 390 4757 enim
410 4695 470 4755 ulls
490 4714 618 4775 unquam
638 4693 760 4770 eclipsis
786 4694 832 4753 sic
852 4695 901 4756 ad·
926 4686 930 4755 l
961 4698 1106 4757 beneficio
1118 4699 1266 4766 invitetur,
1285 4698 1371 4776 isque
1391 4700 1528 4778 regalior
1549 4713 1585 4767 et
1601 4696 1742 4791 splenii«

96 4798 198 4874 digere
222 4797 324 4875 potest
349 4787 498 4848 hominum
529 4808 640 4865 genus,
669 4796 703 4846 ut
732 4784 898 4848 diuturnum
960 4789 1112 4865 habeatur,
1133 4793 1182 4870 qni
1204 4790 1389 4870 plusdesuo
1405 4795 1478 4872 jure
1501 4788 1743 4865 concesserit-h

97 4887 217 4966 aliquod
243 4889 318 4945 inter
339 4881 495 4964 Principes
519 4882 635 4943 vicinos
662 4879 786 4953 bellum,
812 4882 899 4960 quale
958 4884 1158 4947 admonitione
1180 4885 1362 4945 Passerinus
1384 4905 1530 4964 magnam
1555 4884 1743 4975 enneae&

99 4999 177 5043 nunc
196 4985 288 5039 totuin
309 4977 465 5036 triennium
493 4974 550 5036 hae
575 4980 682 5053 gentes
709 4973 844 5033 viderunt
869 4988 899 5033 et
959 4980 1043 5058 pacis
1055 4976 1241 5057 cupiditatem
1254 4979 1392 5038 omnibus
1404 4980 1531 5059 injecit:
1553 4986 1687 5067 plerique
1722 4980 1728 4991 ’
1801 5022 1807 5059 q
