3742 5626
687 174 744 237 Illi
770 174 909 239 REBUS
930 176 1248 241 ltltlSGth'l'lClS.
1754 180 1809 239 tit

82 318 93 381 't
145 331 192 393 rel
213 333 355 413 majunrnr
377 340 490 395 tuurrrnr
507 335 695 421 ‘auctoritato
720 336 811 397 veltet
836 338 938 399 alstra
1008 340 1124 399 ironicae
1150 360 1207 399 aaa
1233 360 1304 405 suo,
1331 339 1387 399 sed
1406 341 1625 399 Sanctissimae
1645 338 1811 399 Trinitatis·

82 430 94 471 ¹¹
143 445 223 504 pero,
243 426 273 485 si
286 428 338 505 qui
357 448 411 508 pra
424 425 552 489 bumana
563 427 732 506 fragilitate,
750 429 863 509 aliquid
871 452 948 491 can·
1007 432 1049 494 ut
1087 432 1178 491 Porru
1198 452 1257 492 una
1278 452 1343 491 curn
1363 431 1434 491 otiis
1452 434 1623 511 plera-quo
1644 431 1809 494 familiaris·

82 504 95 567 l
141 519 302 589 miseruut,
333 520 439 600 ecquis
467 520 547 583 illurn
572 523 678 583 merite
703 522 948 601 redarguendum,
1005 524 1082 585 sinn
1100 523 1227 597 incedit3
1245 545 1281 587 ac
1301 545 1397 606 saepe
1416 522 1554 605 pedibas,
1573 525 1728 603 religionis
1746 542 1808 603 gro·

82 620 96 661 ΙΙ
142 632 182 673 ue
200 611 299 675 dicam
318 611 510 694 plectendum
531 632 613 685 esso,
633 635 693 677 aun
711 617 912 679 existimaretl
1005 618 1057 691 tia,
1076 618 1124 695 pia
1145 617 1212 678 luca
1231 618 1303 677 obit.
1343 616 1391 677 lle
1409 636 1498 681 cruce
1517 622 1627 688 eutem,
1647 636 1734 697 quam
1759 636 1809 697 pe·

82 696 97 757 11
219 704 289 779 Quo
307 705 453 767 Seruum
472 726 539 769 curn
560 708 685 769 irateriue
708 710 806 787 magis
830 728 945 787 urgere·
1005 710 1042 768 rit
1060 710 1099 769 ad
1119 709 1224 790 pedes,
1245 730 1303 769 aaa
1323 715 1363 780 to,
1382 711 1436 777 ait,
1455 712 1546 769 lateat
1555 709 1709 791 Princeps,
1728 710 1808 790 quod

82 792 96 851 Ἰ
140 804 305 880 tuaquom
323 809 415 861 autea
433 798 608 861 ostenderat
627 800 709 875 (cunr
729 808 760 861 et
779 802 819 863 iis
837 802 946 863 diebus
1004 822 1070 861 eum
1093 803 1191 882 populi
1212 805 1295 863 initio
1322 802 1362 863 ad
1386 802 1481 883 pedes
1508 802 1719 879 Apostolorum
1744 822 1806 883 pro·

82 904 96 947 lt
140 892 259 973 quidem
279 892 371 973 Angli
392 890 635 965 baereticissimi,
665 903 698 953 ot
714 893 854 955 bledieus
875 893 944 955 Hol-
1002 902 1170 955 sternerent
1196 916 1283 966 sesa,
1309 896 1386 956 iden
1410 896 1644 955 suecessoribus
1668 896 1703 955 S.
1725 894 1807 956 Petri

82 998 96 1037 u
140 984 470 1067 landusAnabuptisle,
480 985 572 1049 uultu
586 984 717 1067 Principi
730 987 943 1057 obtrusissent,
1002 987 1242 1067 frequentissimo
1260 986 1412 1048 acciderit.
1453 986 1515 1059 Qui
1534 988 1646 1049 nasibi
1666 988 1695 1047 is
1713 986 1808 1049 bonor

82 1074 95 1133 i
138 1078 285 1141 adversus
295 1078 662 1157 Pontificemltlaximun)
681 1080 744 1143 lere
764 1096 945 1157 assurgeus3
1000 1082 1121 1139 oroniuo
1140 1080 1313 1151 deterrebar,
1335 1100 1453 1142 crucem
1472 1087 1691 1161 apposuerunt,
1717 1100 1806 1159 qaam

82 1188 94 1231 ι
140 1170 236 1241 Scite,
257 1172 366 1251 inquit,
391 1170 563 1232 Pantilieem
588 1170 755 1233 Romarmm
782 1192 843 1233 raon
870 1192 944 1233 esse
1001 1174 1174 1233 osculantes
1191 1180 1398 1253 agnoscerent,
1417 1195 1455 1235 ae
1474 1168 1684 1233 venerarentur
1707 1172 1807 1234 aucis

82 1282 91 1323 ι
138 1262 306 1325 Pastorem.
347 1262 446 1335 Qum
472 1265 609 1347 injuriam
642 1285 708 1327 cunr
739 1285 778 1325 eo
811 1264 943 1344 iniquius
1002 1264 1117 1325 Cbristi
1135 1269 1321 1346 mysterium
1341 1286 1400 1346 quo
1420 1264 1563 1346 quidquid
1573 1264 1735 1327 Pontifices
1755 1265 1804 1327 ba·

82 1358 90 1415 l
137 1358 229 1419 terret
247 1358 409 1428 Arrtoaius,
428 1356 508 1437 quod
527 1358 558 1417 in
582 1364 668 1419 tantu
689 1356 849 1419 Procerum
873 1376 943 1417 cuu·
1001 1358 1114 1430 beraut,
1133 1365 1186 1420 aut
1204 1366 1339 1439 possent,
1358 1359 1390 1421 id
1408 1380 1446 1421 so
1465 1360 1579 1419 Christi
1599 1359 1719 1419 llonini
1744 1378 1804 1419 rae·

82 1466 91 1509 t
136 1468 239 1521 sessu,
258 1449 418 1511 ndilumce
437 1472 495 1513 soa
512 1448 717 1531 praecluderet
735 1449 774 1513 ad
795 1448 893 1523 sr‹lem,
912 1469 942 1511 a·
1000 1453 1116 1523 rit0,ac
1135 1455 1278 1533 passione
1305 1466 1466 1514 assecutos
1490 1450 1665 1516 iudicarent.
1709 1452 1804 1532 Atqui

82 1542 91 1603 l
134 1540 342 1605 dulescentem
361 1545 550 1623 interpretem
574 1544 763 1624 (ceteroquin
782 1542 886 1613 utun,
912 1547 944 1603 et
1000 1544 1112 1624 (inquit
1131 1546 1290 1626 Princeps)
1315 1545 1450 1607 dedecus
1470 1551 1518 1605 ost
1543 1554 1665 1623 gesturo
1683 1564 1804 1605 cmeenr

82 1656 90 1697 ι
137 1634 342 1706 thtbolicum,
362 1636 419 1697 sed
439 1636 519 1717 quod
538 1638 598 1697 sibi
617 1657 635 1697 a
655 1635 794 1715 Principe
817 1637 942 1703 timeret,
1001 1637 1030 1696 in
1050 1636 1188 1717 pedibus,
1209 1658 1277 1698 nam
1299 1644 1329 1698 et
1349 1640 1528 1719 ignominiae
1553 1637 1621 1697 laco
1642 1636 1767 1698 babetur
1785 1656 1805 1697 e

82 1754 89 1795 ι
135 1726 350 1805 haesitantem)
378 1730 520 1791 animavit
545 1728 585 1791 ad
604 1726 778 1791 dicenduma
805 1729 867 1789 Cur
892 1728 942 1805 igi·
1000 1731 1120 1801 nosbis,
1140 1732 1168 1790 si
1188 1732 1247 1791 sub
1266 1732 1363 1813 ipsun
1382 1737 1491 1813 pectus
1515 1730 1554 1791 ed
1572 1736 1704 1791 uentre·
1731 1748 1804 1791 crux

82 1846 88 1905 ι
134 1826 182 1883 tur
201 1820 240 1883 ad
260 1842 327 1883 aum
347 1822 387 1883 de
406 1823 468 1885 tuis
487 1820 579 1883 rebus
604 1821 728 1893 misisti3
755 1840 844 1903 quem
871 1822 941 1882 item
998 1821 1097 1901 alique
1129 1822 1308 1905 dependeat,
1360 1822 1491 1885 Videbat
1522 1830 1620 1885 autera
1652 1822 1803 1901 aliquibus

82 1938 87 1981 ι
134 1912 291 1975 Pastorem
303 1914 463 1979 Ecclesiae
473 1914 629 1992 tu,tuiquo
639 1932 854 1994 praecessores
864 1934 941 1973 sera·
999 1918 1409 1995 eomm,qui1tutoniuraia
1430 1916 1804 1983 itinerocraateorniteti,

82 2036 85 2073 ι
132 2026 187 2088 per
204 2006 390 2087 apellaruut‘l
998 2009 1149 2088 paululum
1159 2012 1217 2069 sub
1237 2011 1304 2090 ipsu
1317 2016 1445 2087 pectore,
1466 2028 1573 2069 cruces
1587 2007 1627 2067 tle
1640 2008 1719 2069 catto
1731 2026 1801 2089 prea-

82 2130 85 2167 ι
210 2100 288 2163 Tun
312 2098 460 2178 Princeps
485 2097 726 2169 excandescens,
758 2107 850 2179 atque
882 2118 938 2159 enr-
998 2100 1115 2163 dautes.
1167 2104 1241 2162 Cum
1274 2102 1414 2163 cbristus
1447 2100 1612 2181 (respondit
1638 2102 1803 2175 Antonius)

82 2226 84 2259 ι
133 2194 205 2253 uino
223 2213 400 2273 assurgens,
421 2212 488 2251 cunr
508 2191 664 2253 crederent
683 2212 789 2252 omnes
808 2190 888 2258 lare,
909 2196 940 2251 ut
997 2200 1060 2253 tuto
1080 2215 1202 2274 corpore
1221 2196 1382 2255 crucilisus
1400 2196 1450 2266 sit,
1468 2201 1499 2255 et
1521 2214 1577 2254 uos
1595 2199 1658 2253 tuln
1678 2204 1802 2273 ctrrqrern

131 2286 210 2366 pedo
235 2286 287 2345 illa
314 2306 372 2347 suu
397 2286 468 2362 (quo
493 2290 630 2363 tanquan
656 2284 816 2345 Pantilieio
841 2294 939 2361 poste
997 2306 1063 2347 erar
1084 2286 1206 2347 cbristo
1226 2290 1306 2349 cruci
1331 2287 1437 2347 conisi
1458 2306 1531 2348 esse
1555 2287 1735 2355 debeamus,
1760 2286 1801 2345 ui·

132 2380 187 2439 ruli
208 2378 311 2447 ulitur,
331 2378 419 2457 quus
438 2380 590 2437 extremae
615 2379 688 2457 perti
714 2378 820 2457 cuspis
844 2376 939 2437 terrea
997 2380 1038 2440 bil
1059 2382 1167 2459 piaculi
1179 2384 1396 2451 committimus,
1414 2381 1442 2439 si
1454 2400 1511 2459 qua
1532 2383 1561 2441 in
1572 2380 1705 2459 eorporis
1717 2384 1801 2459 porte

130 2472 223 2533 lubra
242 2471 306 2547 cst)
325 2470 488 2531 Antonium
509 2471 555 2544 (ut
574 2478 606 2531 et
624 2470 718 2541 alios,
747 2479 837 2549 utque
861 2469 937 2531 adeo
995 2472 1035 2532 ad
1075 2474 1218 2553 pictatem
1251 2494 1323 2534 crux
1352 2476 1492 2551 gerstun
1530 2493 1617 2552 quem
1662 2473 1800 2553 pietaten

131 2564 222 2625 tiliana
243 2565 351 2645 ipsun,
370 2563 480 2623 solitus
499 2562 569 2637 luit)
588 2568 767 2643 percuteret,
785 2568 876 2642 atquo
896 2564 937 2625 iu-
997 2566 1108 2627 Divina
1143 2568 1302 2649 Sapientia
1344 2565 1384 2626 do
1412 2564 1502 2625 cordo
1538 2566 1569 2625 io
1604 2564 1725 2646 primis,
1762 2582 1801 2623 ac

129 2657 290 2727 terticcret3
309 2654 417 2727 Fuere,
433 2656 539 2735 inquit,
557 2658 587 2717 ia
609 2654 672 2715 loro
691 2656 811 2727 rustici,
832 2658 881 2735 qui
905 2662 937 2717 te
995 2661 1181 2721 corrscieutia
1216 2680 1289 2739 pura
1322 2660 1442 2736 potins,
1482 2678 1570 2737 quam
1600 2656 1640 2718 do
1676 2668 1800 2717 externe

128 2747 305 2820 ὼοιιιιιιιιί,
324 2758 356 2809 ut
371 2768 485 2809 mecum
504 2768 602 2827 aeque
620 2768 658 2809 ac
677 2768 744 2809 curu
764 2750 875 2807 rustico
895 2748 936 2809 lo·
995 2753 1144 2831 positione
1174 2752 1327 2835 dijudicat.
1378 2751 1428 2811 Ac
1462 2750 1582 2828 quidem
1619 2749 1659 2809 do
1690 2748 1799 2829 peduru

129 2843 275 2923 quereris.
306 2841 394 2911 (luae
415 2840 506 2901 verbu
524 2860 589 2899 curn
609 2840 757 2919 aequabili
777 2839 855 2901 lucie
874 2842 935 2901 Aa·
994 2844 1180 2903 osculatione
1191 2844 1332 2924 ¹(praeter
1351 2860 1438 2921 qnam
1461 2841 1541 2920 quod
1567 2840 1708 2902 Poutiler
1733 2840 1799 2902 eto·

128 2936 230 2997 mutos
248 2934 433 3013 excepisset.
472 2930 556 3003 Scia,
574 2932 841 3002 ait,Scrcnissino
859 2935 936 3014 priu-
994 2938 1093 2997 xirunr
1126 2956 1286 3018 perruperunt
1317 2933 1411 3014 pedes
1445 2934 1540 3003 lavat,
1575 2942 1608 2993 ct
1640 2932 1796 2995 dwsnuta·

128 3048 213 3108 ceps,
231 3046 281 3087 mo
301 3046 367 3085 cunr
388 3024 526 3105 Principe
547 3024 707 3105 prudente,
735 3046 772 3086 nc
792 3026 869 3085 bauo
894 3026 934 3087 le·
994 3031 1055 3106 tur)
1085 3036 1166 3090 eerte
1197 3048 1283 3089 rreara
1315 3034 1371 3098 est,
1403 3028 1455 3106 qui
1484 3046 1550 3087 cum
1569 3024 1613 3087 illi
1632 3024 1729 3107 perles
1747 3026 1797 3087 dc·

126 3120 187 3201 qul,
207 3138 278 3197 arga
296 3136 384 3197 queat
400 3138 457 3177 unu
478 3117 574 3179 solum
600 3118 668 3199 ipse
688 3118 755 3188 lide,
774 3125 864 3198 utque
884 3120 934 3179 ab·
992 3122 1179 3192 osculantur,
1216 3120 1356 3181 ltiuiuarn
1383 3140 1420 3179 se
1446 3122 1529 3199 putet
1567 3118 1708 3181 benere·
1746 3117 1795 3179 de-

125 3214 244 3293 eequiu,
262 3209 345 3291 quod
363 3211 395 3271 iu
413 3228 489 3292 paca
507 3211 710 3289 componenda
729 3222 870 3292 expertus
887 3232 934 3284 cs,
993 3214 1081 3278 terre,
1120 3216 1277 3276 (lat-terum
1299 3212 1340 3283 id,
1359 3214 1402 3273 ile
1418 3211 1610 3293 praedicente
1628 3211 1796 3291 perEcclc·

127 3324 228 3367 ueruu
257 3306 348 3365 etiam
379 3305 508 3384 ipsomet
532 3302 672 3365 Pontifex
702 3303 856 3365 blariacus
883 3326 932 3383 pa·
989 3308 1064 3369 sian
1086 3309 1153 3369 lieo
1172 3315 1203 3367 et
1220 3306 1308 3377 alias,
1328 3311 1359 3364 et
1379 3326 1431 3383 per
1446 3304 1569 3385 Esnjam
1588 3305 1797 3385 septingentos

126 3406 220 3469 toruo,
245 3418 281 3459 ac
307 3398 451 3473 singulari
470 3418 570 3459 ancre
596 3396 702 3462 lerturc
728 3398 779 3477 qui
805 3400 833 3459 si
860 3398 932 3481 quid
989 3406 1059 3461 aute
1078 3422 1184 3471 annos,
1203 3420 1291 3479 quan
1317 3397 1431 3459 Christi
1449 3396 1589 3457 Ecclesia
1615 3396 1797 3469 lundmstur,

126 3492 265 3563 dieinus,
285 3512 322 3549 eo
342 3490 372 3549 id
393 3490 542 3551 melior-em
563 3491 593 3549 iu
614 3495 725 3569 partem
745 3512 835 3570 spero
862 3502 930 3553 ato
990 3496 1162 3555 necessario
1182 3493 1307 3553 laturum
1328 3496 1399 3553 erat.
1438 3490 1524 3553 llaec
1544 3490 1617 3551 dicit
1628 3490 1796 3553 Dominus:

125 3589 280 3663 acceptum
301 3582 347 3651 iri,
365 3582 446 3659 quod
461 3588 492 3641 et
511 3582 601 3641 rerba
611 3579 734 3651 Christi,
753 3592 834 3653 suat,
853 3606 930 3665 quac
986 3585 1279 3667 (iaquitl'rupbets)
1298 3584 1382 3646 Eece
1406 3582 1513 3645 levabo
1537 3584 1578 3644 ad
1600 3592 1709 3662 geom
1735 3604 1793 3645 m..

124 3676 253 3761 protero,
272 3680 303 3735 ct
321 3682 354 3733 tu
376 3673 456 3744 mibi,
475 3680 508 3733 ut
526 3672 564 3733 de
584 3671 634 3731 bis
658 3674 749 3733 rebus
774 3674 867 3735 libere
888 3678 927 3737 lo·
988 3698 1179 3741 numrncaur.
1200 3677 1378 3757 adpopulos
1392 3675 1533 3737 exultabo
1552 3676 1671 3753 signum
1686 3696 1795 3745 neum,

125 3790 241 3849 queror,
261 3766 451 3826 concessisti.
473 3766 526 3825 Sic
540 3764 725 3845 corruptanata
738 3767 928 3827 iltiusauimu
988 3782 1018 3831 et
1043 3772 1166 3831 callerent
1193 3770 1271 3827 lilios
1292 3788 1367 3827 suos
1386 3769 1416 3827 in
1436 3766 1533 3838 uluis,
1558 3778 1589 3827 ct
1615 3767 1693 3827 filias
1718 3788 1793 3827 suas

125 3866 171 3936 (ut
189 3862 362 3920 mirarentur
381 3858 562 3927 Senatores,
583 3878 620 3917 ac
645 3858 749 3937 reliqui
770 3858 929 3933 Proceres)
986 3885 1078 3943 super
1099 3864 1239 3923 truawros
1256 3861 1425 3942 portabunt,
1451 3864 1481 3917 el
1506 3865 1591 3919 eruat
1609 3858 1715 3935 Reges
1741 3880 1792 3919 aaa

124 3976 191 4015 cunr
211 3954 316 4013 iterum
333 3950 532 4021 currsedissct,
552 3956 678 4031 quatuor
692 3950 851 4011 identidem
865 3974 928 4035 per-
986 3957 1060 4014 trieii
1088 3956 1145 4023 tui,
1171 3960 1201 4013 et
1226 3952 1363 4030 lteqqiaae
1388 3952 1520 4011 nutrices
1543 3958 1629 4011 tuae:
1655 3950 1735 4011 rullu
1760 3954 1791 4011 ia

123 4048 214 4125 gelant
240 4044 456 4125 (pacatioribus
483 4043 552 4102 licet
577 4044 692 4119 serbis)
719 4046 865 4125 olrJicerc,
890 4047 928 4107 ιιΙι
985 4056 1090 4109 terram
1111 4046 1244 4107 demisso
1269 4043 1432 4105 odorabunt
1453 4048 1494 4119 te,
1514 4050 1545 4103 et
1569 4042 1721 4124 pulverent
1742 4066 1791 4125 pe-

124 4139 230 4199 iisdem
250 4136 412 4197 haereticis
435 4134 592 4195 instillata:
614 4136 703 4207 (tried
731 4136 871 4199 Pumilux
897 4140 927 4197 in
986 4140 1053 4201 dam
1075 4146 1188 4199 tatarum
1210 4138 1330 4215 lingent.
1362 4136 1612 4214 lb'uuquidigitur,
1632 4134 1789 4217 Princeps,

123 4230 200 4291 sella
218 4234 399 4307 gestaretur:
421 4227 511 4300 Quae
531 4250 649 4290 curceru
671 4232 700 4289 iu
722 4230 848 4305 pedibus
872 4230 928 4291 lcr·
985 4234 1124 4313 quoniam
1152 4232 1300 4291 Dominus
1324 4228 1410 4289 Deus
1436 4232 1513 4303 (cum
1545 4230 1595 4309 qui
1626 4230 1789 4307 gentilibus

123 4330 182 4383 ret:
206 4320 296 4393 errrd
316 4322 374 4381 sibi
395 4321 511 4381 raderet
530 4322 667 4383 barbarus
699 4322 790 4393 Quod
817 4322 928 4385 laceret
984 4324 1122 4403 Regibus
1147 4324 1242 4384 buum
1267 4320 1465 4393 ‹tolerabatur,
1489 4342 1555 4383 cum
1580 4324 1648 4383 suis
1681 4320 1789 4385 detulit

122 4436 160 4477 se
180 4414 286 4477 lleunr.
317 4414 367 4475 Ad
388 4434 465 4492 quae
486 4434 553 4475 curu
569 4416 720 4474 Antonius
739 4416 927 4487 obtinuisset,
984 4420 1097 4488 serris,
1122 4436 1201 4497 quas
1224 4416 1337 4485 lucem,
1371 4422 1500 4495 petram,
1526 4413 1731 4486 fundamenta,
1758 4422 1789 4476 ot

123 4514 156 4571 ut
174 4516 281 4590 posset
301 4506 492 4587 respondere,
518 4504 652 4582 (uidebat
677 4509 755 4567 euim
781 4514 926 4577 astantes,
984 4514 1114 4593 propriis
1133 4510 1192 4569 sibi
1214 4508 1280 4569 l)co
1300 4508 1396 4567 titulis
1415 4508 1585 4581 decorarit)
1615 4528 1673 4567 non
1698 4507 1786 4567 debe·

122 4603 214 4663 rebus
233 4601 437 4670 exterioribus,
463 4586 610 4677 falsisque’e
627 4600 799 4669 calumniis,
823 4600 926 4661 addita
984 4604 1035 4665 bat
1054 4605 1084 4663 iu
1103 4624 1163 4663 rern
1185 4602 1318 4661 conterre
1338 4602 1516 4681 promissum
1540 4618 1643 4667 suum,
1669 4608 1702 4659 nt
1728 4619 1787 4659 nun

121 4695 270 4772 Principis
291 4695 475 4762 auctoritate,
494 4693 540 4751 sic
550 4696 737 4764 constuprari,
758 4699 787 4755 ul
808 4694 925 4773 quidam
983 4696 1078 4757 sotum
1111 4695 1329 4763 oscularentur,
1356 4694 1413 4751 sed
1438 4690 1477 4752 ad
1502 4692 1638 4771 majorem
1667 4690 1788 4752 lliaboti

122 4788 272 4857 dicerent,
292 4788 454 4847 Arrtuaiuru
479 4785 558 4845 illico
588 4806 659 4845 csse
687 4788 715 4845 iu
741 4808 849 4866 aquam
875 4788 924 4849 de·
984 4790 1207 4857 contusionem,
1239 4788 1384 4865 tingerent
1415 4803 1515 4844 eorum
1546 4782 1650 4861 pedes,
1682 4790 1714 4843 ut
1742 4784 1785 4843 ait

121 4881 325 4958 mergendum)
353 4881 395 4939 ita
424 4878 541 4937 locutus
573 4884 633 4937 est:
664 4878 753 4949 tlrrod
787 4878 926 4941 Pontifex
984 4882 1153 4961 Scriptura,
1178 4900 1255 4960 quos
1281 4879 1422 4938 tlbrislus
1448 4875 1605 4937 Ecclesiae
1631 4896 1706 4935 strae
1731 4895 1785 4955 pro

122 4971 273 5033 blaximus
299 4972 458 5051 aliquanda
483 4973 513 5029 iu
538 4970 614 5030 sella
633 4978 781 5045 gestatur,
808 4972 837 5031 id
866 4994 924 5032 aaa
982 4980 1115 5053 tempure
1136 4972 1300 5053 prael'ecil't
1338 4970 1401 5029 saa
1423 4976 1452 5028 et
1472 4968 1594 5048 priuatis
1614 4970 1683 5027 istis
1714 4968 1784 5049 Epi-

121 5066 160 5127 ad
187 5066 311 5131 tastum,
338 5065 392 5125 sed
419 5065 456 5124 ad
490 5064 723 5123 lacunalicemlruu
751 5066 923 5145 frequentis·
982 5068 1084 5143 scapis
1104 5066 1164 5125 luis
1186 5065 1287 5145 populi
1314 5084 1385 5123 sese
1412 5064 1452 5121 lui
1473 5061 1512 5123 ad
1531 5070 1636 5121 tetram
1658 5066 1782 5139 proster-

124 5158 205 5217 siruu
227 5158 352 5237 poprrlu,
377 5158 604 5218 suteuuriurilrus
630 5156 737 5216 diebus
764 5158 867 5219 testis.
894 5161 923 5219 iu
984 5166 1064 5221 ιιιιιι1.
1085 5164 1114 5217 et
1135 5180 1191 5237 qua
1211 5178 1287 5234 aqua
1309 5156 1366 5217 sibi
1388 5158 1416 5215 iu
1439 5152 1557 5233 templis
1576 5154 1698 5217 abluunt
1726 5174 1782 5217 aaa·
