3742 5626
124 192 180 253 rs:
682 188 925 253 emenone!
944 186 1267 253 :iniustissume

123 352 256 433 ilungari
275 350 481 423 nibilominus,
501 372 560 434 quo
577 354 617 413 ab
636 353 711 431 ipsis
731 372 832 413 murus
850 360 926 413 stra·
987 350 1069 427 nuri,
1090 370 1143 431 per
1161 372 1250 433 quern
1268 351 1308 414 ad
1319 350 1569 433 oppugnationem
1590 349 1686 408 iturus
1708 348 1795 407 mites

122 453 173 508 tas
202 451 282 523 erat,
318 448 479 528 irrumpere
507 446 698 505 cornabantur.
748 445 928 507 Zamoscius
986 449 1066 519 erat,
1090 446 1132 506 ita
1157 444 1320 507 collocata:
1345 450 1377 504 ut
1402 442 1532 504 aduerso
1552 462 1634 501 rarrrre
1655 460 1675 501 a
1698 438 1795 499 froom

122 560 191 602 cnon
219 540 259 601 de
286 560 325 601 eo
352 540 391 599 ad
422 539 536 616 Regem
565 536 704 607 referret,
739 537 928 612 edeadobot
986 535 1121 607 dotem,
1152 539 1242 599 rectis
1271 536 1341 599 indo
1367 535 1532 597 secondum
1556 535 1733 595 uniuersum
1765 532 1794 593 id

123 633 210 712 longe
230 638 261 694 et
278 632 318 701 ad
336 634 527 693 securitatem
547 636 579 691 et
595 649 682 710 spo·
702 631 846 692 victoriae
865 650 926 691 cer·
986 629 1066 691 latus
1100 630 1223 691 interius
1255 630 1365 691 ictibus
1397 629 1576 691 defensores
1607 631 1794 709 poteremur.

122 726 184 787 tias
202 726 262 787 sibi
280 724 388 796 uideri,
416 725 444 785 si
468 723 539 784 dunr
565 744 584 783 e
604 722 782 785 Peionornm
808 738 927 803 quoquo
983 721 1089 803 Eques
1106 744 1146 785 ex
1172 725 1306 785 instituto
1326 723 1442 785 militari
1467 720 1584 785 idoneis
1602 720 1683 783 locis
1702 740 1794 801 snpra

121 819 335 879 munitionibus
347 816 448 877 aditus
457 818 486 877 in
499 837 609 878 morum
622 817 785 897 patetierct,
806 814 926 895 irruptio
983 818 1177 887 munitiones,
1199 817 1279 877 circa
1297 815 1402 876 urbem
1423 820 1513 895 atqrro
1532 814 1614 890 rias,
1634 815 1665 874 io
1686 834 1793 875 omnes

121 912 332 972 sustineretur:
356 910 470 971 interim
494 916 526 970 et
548 910 683 991 pluribus
709 909 785 971 locis
810 908 926 970 moenia
984 929 1076 971 casus
1100 909 1275 990 disponitur.
1321 908 1388 969 Non
1413 914 1531 991 poterat
1556 908 1649 969 latere
1676 905 1790 979 bostes,

121 1004 360 1065 verberarentur:
383 1005 502 1073 ruinae,
522 1004 632 1083 quibus
651 1009 753 1064 contra
767 1002 924 1081 ilungare
983 1001 1055 1083 quid
1073 1003 1104 1065 io
1123 1004 1232 1064 castris
1252 1006 1418 1081 pararetur:
1446 1000 1526 1081 quod
1550 1003 1579 1061 iu
1598 1020 1712 1063 onrnes
1731 1020 1788 1079 par·

119 1116 182 1157 rnm
204 1097 382 1158 monitiones
391 1116 493 1155 murus
510 1106 634 1176 epertm
653 1104 748 1171 esset,
766 1094 925 1175 ampliores
982 1102 1030 1158 tes
1049 1095 1217 1157 latissimus
1238 1116 1277 1155 ex
1297 1095 1370 1157 arbo
1389 1094 1552 1175 despectas
1574 1100 1648 1155 aar.
1688 1092 1788 1174 ltaque

119 1190 239 1261 tierent,
268 1191 319 1270 qni
348 1210 403 1272 por
431 1208 486 1250 eas
516 1191 546 1249 in
571 1191 675 1250 orbern
699 1188 799 1251 aditus
830 1192 924 1258 essct,
982 1189 1040 1270 ipsi
1081 1208 1199 1270 querque
1237 1208 1338 1249 muros
1370 1187 1543 1270 frequentes
1586 1185 1786 1263 complebant.

119 1287 364 1361 cognosceretur:
403 1282 602 1361 carnibusque
637 1283 728 1343 rebus
766 1280 924 1359 diligenter

119 1375 292 1457 exploratis,
312 1394 391 1455 quac
410 1375 448 1436 nd
463 1377 712 1457 oppugnationem
732 1376 923 1455 pertinerent,

117 1474 187 1530 anto
209 1474 457 1549 praepararentur.
480 1469 653 1529 Timobntur
664 1469 704 1529 ab
722 1471 817 1529 altera
829 1472 922 1547 parte,

118 1582 156 1622 no
175 1566 307 1647 temporo
325 1562 516 1642 interposito,
546 1562 674 1643 spatium
694 1562 743 1621 sni
763 1558 922 1635 muniendi,

117 1674 271 1735 :reumque
292 1653 394 1716 inme
415 1654 576 1737 objiciendi
602 1653 682 1715 besti
702 1652 837 1715 daretur:
863 1673 921 1713 ma·

115 1749 193 1809 sirac
212 1768 284 1809 vero
303 1767 363 1828 quo
382 1749 482 1809 nrinus
501 1747 628 1809 consilio
646 1746 717 1807 baie
728 1746 815 1807 loeus
827 1750 921 1819 esset,

115 1840 277 1903 difficultas
301 1840 431 1921 pulveris
450 1841 629 1901 tormentarii
650 1839 793 1900 iaciebat:
819 1844 852 1899 nt
872 1858 920 1899 ne·

115 1935 251 1995 cessario
288 1936 370 2013 prius
400 1934 572 1995 tentandum
611 1933 724 2013 aliquid
762 1930 920 2007 uideretur,

115 2046 204 2109 quarn
229 2028 309 2087 unroi
333 2032 490 2089 consumto
516 2048 577 2089 una
602 2046 669 2088 cum
694 2026 817 2109 pulvere
837 2025 920 2085 urbis

114 2122 211 2200 ipsius
234 2120 394 2199 potiundae
413 2140 487 2199 spes
506 2120 676 2181 decederet.
718 2117 919 2179 Descenditur

114 2234 169 2284 eo,
192 2219 226 2274 ut
246 2215 411 2285 mittantur,
432 2214 481 2292 qui
503 2214 600 2274 locum
621 2213 796 2290 inspiciant,
823 2231 859 2271 ac
879 2232 917 2271 on

114 2326 190 2385 quon
210 2316 419 2385 transgressos
445 2306 548 2367 fossae
575 2304 803 2366 difficultatesvo
829 2325 917 2365 eacc-

113 2408 219 2480 pturac
239 2404 358 2470 essent,
383 2399 549 2479 explorent.
588 2396 767 2475 Deliguntur
787 2418 824 2459 ex
846 2398 917 2459 Ger·

112 2491 210 2551 marris
233 2490 444 2570 quinquaginta
468 2490 601 2551 circiter:
633 2489 714 2570 quod
740 2496 824 2551 ararat
843 2492 919 2551 inter

112 2582 185 2655 bns,
215 2584 265 2664 qui
291 2585 322 2645 in
347 2584 467 2645 aliarum
496 2584 613 2643 urbium
645 2584 918 2664 oppugnationibus

111 2674 237 2737 assiduo
256 2681 346 2738 antea
364 2679 474 2739 rasati
500 2676 627 2739 lucraret.
667 2674 809 2737 Hortatur
828 2676 916 2737 simul

109 2769 300 2833 &consciunt
324 2768 410 2841 lios,
438 2779 472 2831 ut
500 2790 578 2851 qnae
602 2769 641 2829 ad
666 2771 917 2851 oppugnationem

109 2864 305 2943 perdoceant,
330 2862 563 2925 administraret:
590 2884 628 2924 ne
647 2862 675 2925 si
696 2862 735 2924 do
754 2862 835 2924 aditu
855 2882 915 2925 aon

109 2955 294 3017 incommoda
328 2958 500 3018 renunciata
531 2964 651 3027 essent,
687 2955 734 3017 vei
763 2957 916 3017 minimum

108 3048 251 3127 temporis
276 3050 404 3128 spatium
429 3049 600 3111 ditemur.
649 3050 769 3111 interim
795 3048 916 3129 lluoga·

108 3142 188 3203 ricus
207 3140 339 3202 Decurio
356 3141 475 3223 qnidam
495 3144 591 3204 missa
610 3143 792 3204 centurionis
812 3141 851 3205 ad
868 3163 915 3215 aa,

108 3232 189 3315 quod
208 3234 248 3295 ab
269 3232 436 3313 llangaris,
454 3236 700 3315 quemad-edura
719 3234 833 3297 dicturo
855 3241 914 3307 est,

107 3329 138 3387 in
159 3348 241 3389 sauro
266 3328 447 3408 patefactum
473 3338 553 3402 erat,
579 3328 730 3408 proiectus
754 3329 852 3390 omnia
871 3328 912 3389 ia·

106 3421 175 3481 cilia
203 3440 239 3480 ae
267 3426 370 3501 aperta
398 3423 555 3482 renunciat
584 3420 698 3483 aditura
724 3420 831 3483 latura:
862 3422 912 3483 dc·

106 3532 248 3575 seensnrn
268 3512 456 3595 expeditum:
477 3514 600 3590 exiguas
620 3516 658 3576 ab
679 3516 807 3575 interiori
827 3525 912 3597 parte

106 3608 208 3669 t'osoas
221 3607 367 3689 objectas.
388 3605 459 3678 Quo
479 3612 622 3686 tempore,
641 3626 709 3668 cunr
728 3628 747 3669 ο
767 3609 911 3688 primariis

981 1281 1160 1343 Zamescius
1171 1281 1293 1360 primum
1312 1301 1351 1341 ex
1364 1279 1509 1343 Poinoiee
1528 1279 1666 1361 peditatu
1687 1278 1787 1357 viginti

981 1374 1224 1456 expeditissimos
1250 1374 1384 1435 deiectos
1411 1394 1463 1454 per
1486 1374 1645 1436 adversam
1672 1372 1785 1433 lessam

981 1488 1081 1529 muros
1095 1467 1271 1537 succedere,
1290 1469 1416 1547 quisque
1436 1468 1474 1528 ab
1494 1488 1531 1529 eo
1551 1467 1619 1527 loco
1640 1466 1673 1527 in
1686 1466 1784 1527 urbem

979 1560 1079 1622 aditus
1109 1562 1163 1633 sit,
1193 1560 1349 1642 explorare
1373 1562 1470 1643 jubet.
1519 1559 1717 1621 Renunciant
1747 1558 1785 1619 iiii

980 1654 1093 1716 lessam
1118 1655 1157 1715 ab
1181 1675 1218 1717 ea
1238 1662 1322 1735 parte
1341 1674 1428 1723 csso,
1457 1673 1608 1733 supraque
1626 1674 1696 1713 eam
1716 1673 1784 1734 pon

979 1758 1038 1808 tem
1058 1746 1208 1827 aliquanto
1227 1747 1456 1828 depressiorem,
1475 1766 1530 1827 per
1547 1768 1638 1826 quern
1653 1766 1714 1807 nnn
1733 1744 1784 1805 ‹lii-

979 1840 1095 1901 iiculter
1125 1849 1225 1901 tamen
1257 1841 1343 1900 iussa
1371 1840 1503 1920 superari
1532 1842 1643 1921 possit.
1695 1837 1784 1901 Mittit

978 1933 1049 1995 inde
1077 1954 1096 1993 o
1127 1932 1286 1993 Germanis
1314 1933 1527 2013 quinquaginta
1559 1952 1632 1995 cos:
1667 1930 1783 1993 mandet

979 2025 1036 2103 iris,
1054 2032 1191 2107 utquam
1213 2026 1345 2103 proximo
1364 2046 1465 2087 muros
1483 2025 1622 2097 subeant,
1641 2044 1783 2105 superero

978 2121 1078 2181 ruinas
1098 2121 1231 2198 possint,
1260 2118 1503 2201 progrediantur,
1531 2120 1681 2199 signoque
1706 2116 1781 2198 quod

976 2218 1170 2294 acceperant,
1190 2212 1277 2285 dato,
1302 2210 1395 2282 alios,
1414 2231 1491 2291 quos
1511 2212 1725 2292 quamprimo·
1745 2212 1781 2271 iis

976 2308 1194 2369 surnroiseurus
1212 2306 1262 2381 sit,
1281 2310 1473 2387 exspectent:
1490 2306 1520 2365 si
1539 2310 1719 2385 conpetere
1731 2324 1781 2385 per

976 2418 1031 2459 cas
1050 2398 1160 2459 aditam
1178 2399 1359 2477 intelligant,
1388 2398 1635 2477 stantano-tata
1652 2418 1692 2457 se
1712 2398 1781 2457 reci·

975 2491 1067 2572 piant.
1107 2493 1226 2553 larterina
1246 2492 1273 2552 si
1293 2491 1355 2553 iliis
1370 2492 1584 2560 successisset,
1603 2491 1782 2569 signumque

974 2583 1054 2663 quod
1081 2593 1276 2662 convenerat,
1305 2584 1405 2647 delum
1422 2584 1461 2647 ab
1486 2584 1526 2645 iis
1543 2583 1668 2655 luisset,
1701 2603 1781 2661 quac

974 2677 1034 2739 iliis
1053 2678 1189 2739 subsidio
1213 2678 1391 2751 summittat,
1413 2675 1558 2757 horit:
1581 2674 1674 2752 prino
1695 2677 1779 2754 ejus-

974 2768 1041 2831 den
1061 2770 1199 2834 Nationis
1217 2771 1351 2842 militem,
1370 2766 1446 2851 quel
1463 2766 1515 2849 qui
1530 2764 1691 2849 pas-usi
1712 2766 1778 2825 iue-

974 2869 1049 2942 ront,
1068 2864 1099 2927 id
1116 2864 1317 2949 postularant:
1336 2860 1556 2927 indePoionum
1564 2858 1674 2935 portion
1693 2860 1779 2938 equi·

973 2962 1043 3035 tem,
1062 2960 1114 3041 qai
1133 2956 1262 3037 Georgia
1271 2956 1406 3021 bleiseio
1416 2952 1576 3019 emtaea
1586 2952 1778 3021 Sanocense,

974 3050 1129 3114 Stauisiao
1148 3052 1317 3124 Stodoieio,
1337 3048 1488 3133 Procopio
1506 3046 1699 3119 Penonscio,
1717 3046 1777 3106 Aa·

972 3142 1046 3207 drea
1064 3144 1242 3219 (ireseurio,
1259 3144 1377 3211 assiiis
1396 3140 1575 3223 quinam·
1594 3138 1776 3211 sudoribus

972 3239 1060 3319 equis
1079 3240 1193 3317 missis,
1210 3239 1421 3318 aitroopcram
1433 3230 1690 3297 sua-detaierst:
1708 3250 1773 3311 par·

971 3332 1022 3391 tim
1043 3330 1180 3411 peditem.
1219 3332 1317 3394 Primo
1342 3332 1411 3393 ioco
1430 3326 1633 3389 Pcoonscinm
1652 3330 1684 3387 et
1701 3324 1775 3385 (ire-

969 3425 1105 3487 soeviurn
1125 3445 1193 3485 curo
1212 3423 1385 3486 turmalibus
1404 3442 1517 3497 eornm,
1536 3422 1588 3502 qai
1606 3418 1775 3481 bastisrenr

970 3523 1120 3596 gererent,
1146 3517 1233 3579 locat.
1274 3516 1348 3579 lnde
1368 3516 1547 3578 Vroeeeiuru
1568 3534 1636 3575 urm
1655 3509 1773 3593 pyxide·

969 3611 1033 3673 riis·
1078 3610 1155 3675 Posi
1179 3611 1258 3673 bunc
1284 3610 1468 3671 Stanisleura
1493 3606 1685 3670 Siadniciunr
1711 3624 1774 3665 eu·

105 3702 302 3763 Senatoribus
316 3699 436 3779 quidam
450 3698 560 3761 ditlcrri
576 3700 708 3760 nonnibil
725 3700 823 3763 adbuc
841 3703 910 3762 irru-
969 3704 1062 3765 altera
1080 3708 1212 3785 equiturn
1230 3710 1334 3765 turma.
1355 3702 1415 3765 llic
1434 3721 1551 3763 rursum
1567 3700 1773 3761 i'ibranorium

105 3797 233 3875 ptionem
252 3793 406 3863 suaderet,
430 3814 469 3855 ne
489 3796 565 3855 inter
583 3791 756 3855 Potonicana
777 3804 807 3854 et
828 3794 910 3855 llun·
968 3804 1000 3858 et
1019 3796 1157 3859 Sirneuru
1185 3817 1253 3858 curn
1278 3798 1346 3857 suis
1369 3815 1517 3876 quemquo
1542 3792 1723 3857 cohortibus
1745 3791 1774 3849 io

103 3890 232 3967 garicam
257 3888 396 3947 nationes
422 3888 580 3949 aemulatio
605 3887 704 3967 aliqua
724 3889 861 3960 oriretur,
882 3890 909 3948 si
968 3890 1113 3951 subsidiis
1133 3912 1205 3953 esec
1229 3892 1325 3973 jubet.
1364 3888 1476 3951 Ultimo
1495 3893 1527 3948 et
1544 3891 1688 3968 separato
1708 3884 1772 3945 loco

103 3982 264 4061 ilungaros
288 3983 370 4062 prior
396 3982 565 4063 irmpisset:
591 3981 834 4059 ostendissetqoc
852 3982 909 4043 Zo-
969 3984 1127 4064 Georgium
1154 3982 1315 4046 ltlniseium
1345 4004 1412 4045 cusa
1444 3982 1485 4045 iio
1513 4002 1592 4062 quos
1625 3978 1774 4039 donabat.

104 4078 249 4145 nescius,
277 4094 330 4135 cur
349 4096 368 4135 n
389 4073 511 4134 Poionis
531 4072 631 4134 aditus
650 4078 708 4134 tam
728 4073 806 4135 latus
827 4079 908 4155 pate·
968 4077 1119 4157 equitibus
1140 4079 1308 4139 constituit:
1328 4077 1436 4159 partina
1456 4075 1495 4137 ad
1514 4078 1665 4135 tormenta
1682 4068 1771 4133 mei·

103 4169 165 4227 beri
187 4166 316 4227 nondum
336 4168 500 4246 potuisset,
520 4166 545 4224 is
564 4185 800 4246 unamquamque
820 4168 908 4228 telem
967 4172 1124 4250 tionesque
1156 4174 1273 4232 retinet.
1314 4171 1454 4233 Germani
1486 4188 1552 4228 com
1583 4166 1627 4228 ad
1659 4164 1771 4225 iussam

104 4280 156 4339 pro
177 4261 330 4320 serenari
355 4258 517 4338 respondit.
555 4258 731 4321 Zamoscius
748 4261 849 4340 itaque
869 4261 908 4322 ed
966 4265 1208 4341 successissent,
1235 4263 1370 4327 loannes
1400 4263 1541 4325 Garunna
1570 4259 1682 4321 Gabris
1710 4276 1771 4339 pre

103 4353 281 4413 nonteoaes
299 4352 463 4432 proiectus,
483 4351 606 4412 Polonis
620 4353 786 4415 Gennanos
804 4354 907 4437 adjun-
965 4377 1090 4436 gressus
1118 4357 1231 4437 primus
1254 4358 1366 4420 aditum
1392 4359 1556 4431 bonesci,
1586 4351 1672 4432 gravi
1699 4368 1769 4409 eaeor

100 4448 160 4528 git:
185 4465 325 4528 quaeque
350 4445 564 4526 oppugnationi
588 4448 656 4507 usui
682 4448 758 4523 sint,
787 4447 906 4508 admini-
964 4451 1003 4513 ab
1024 4449 1164 4513 bostibas
1183 4450 1234 4513 ilio
1254 4450 1420 4521 deturbato,
1440 4448 1531 4510 ceteri
1541 4466 1613 4507 curu
1623 4442 1769 4523 ang-iio·

100 4541 188 4603 etrari
203 4539 301 4623 jubet.
340 4536 490 4616 llnngaris
509 4535 705 4601 Borocrnisso
722 4541 906 4620 praeficitur:
964 4564 1016 4605 res
1036 4546 1146 4614 minas,
1167 4563 1257 4623 qnam
1275 4551 1309 4605 ut
1330 4542 1484 4605 commode
1502 4540 1627 4603 transiri
1645 4558 1697 4622 per
1715 4556 1771 4597 eas

99 4636 171 4697 llos
192 4634 251 4695 sub
271 4630 637 4715 ipss-duminisripem,
657 4633 804 4714 adquam
823 4632 905 4694 llun·
964 4644 1071 4719 posset
1095 4655 1168 4697 esse
1195 4639 1416 4708 existimarent,
1445 4634 1570 4697 conserti
1596 4631 1639 4693 ad
1657 4630 1770 4693 lessam

99 4750 235 4807 garomna
265 4726 449 4789 munitiones
480 4727 681 4806 pertinebant,
719 4746 906 4806 progressus,
964 4732 1171 4793 constiterunt.
1193 4731 1298 4792 Poloni
1318 4731 1368 4810 qui
1387 4751 1406 4791 a
1424 4738 1507 4808 tergo
1526 4728 1686 4807 urgebant,
1706 4744 1770 4785 can

101 4823 278 4899 militemque
313 4820 353 4883 od
384 4820 574 4901 irruptionem
603 4828 754 4902 paratura,
788 4823 905 4903 paucis,
963 4846 1023 4887 non
1042 4824 1106 4887 dori
1126 4824 1184 4887 sibi
1204 4823 1299 4886 locum
1320 4824 1468 4899 riderent,
1492 4842 1546 4902 per
1561 4820 1684 4883 medios
1705 4818 1772 4879 illes

100 4932 180 4995 qnae
207 4918 327 4995 tempas
356 4912 535 4975 serenatae
561 4915 699 4975 virtutem
724 4913 904 4988 cohortatus,
963 4923 1134 5002 penetrant:
1169 4917 1276 4979 bostra
1305 4919 1376 4980 tnrri
1405 4917 1518 4995 lignea,
1547 4917 1772 4995 munitieeeqse

98 5030 118 5068 e
136 5008 302 5088 propinquo
322 5013 457 5067 eventum
470 5010 700 5088 oppugnationis
718 5016 905 5092 exspectare,
963 5033 1048 5095 quam
1075 5012 1167 5089 tignis
1184 5013 1216 5073 in
1235 5013 1344 5091 angoto
1364 5012 1468 5087 torris,
1488 5030 1578 5090 quern
1599 5028 1670 5071 cum
1691 5027 1772 5069 mare

97 5102 235 5161 institnit.
284 5098 349 5158 dam
384 5106 453 5160 ante
481 5106 581 5163 autern
614 5108 761 5164 tormenta
791 5102 904 5183 aliquot
961 5108 1067 5168 coiens
1087 5104 1251 5178 efficiebat,
1271 5127 1309 5167 ea
1329 5106 1367 5168 do
1386 5125 1447 5184 qua
1465 5124 1557 5185 supra
1574 5100 1697 5164 dictum
1716 5106 1770 5163 ost.

98 5194 233 5256 Veiicam
252 5191 396 5255 translata
408 5191 534 5269 inerant,
552 5196 651 5274 abque
672 5196 800 5258 interiori
820 5207 904 5277 parte
961 5200 1077 5263 ratione
1097 5199 1367 5275 contabulaverant,
1387 5199 1563 5279 cespitequo
1575 5198 1770 5261 vestiveraat.
