3742 5626
785 117 1053 175 comprssu
1719 119 1751 176 ii

99 281 184 337 caste
204 276 350 345 niventes,
376 274 440 335 sine
466 269 698 351 reprehensione
723 290 809 331 sacra
835 290 897 348 per·
957 275 1049 333 return
1059 290 1187 351 merum,
1205 269 1414 342 etroturrdum,
1433 292 1491 353 quo
1503 292 1632 334 rasuram
1644 279 1754 353 tegunt,

99 375 232 446 agerent.
253 367 317 428 Sed
329 386 404 427 nune
414 382 480 425 uros
490 363 620 435 invaluit,
640 368 673 424 ut
687 363 785 425 nullus
798 361 899 423 viduo·
957 363 1064 444 pileum
1084 362 1211 442 amplum
1234 369 1337 426 centm
1361 365 1488 426 celerem
1514 373 1545 426 et
1570 366 1678 428 imbres
1706 389 1753 429 su·

100 484 162 523 rum
182 462 220 524 ad
241 481 327 522 sacra
347 457 480 520 facienda
499 457 692 538 permittatur,
722 456 780 516 nisi
799 476 897 517 mona·
957 459 1214 539 perimponentest
1231 462 1283 519 aut
1302 457 1381 539 pileo
1402 458 1529 538 oblongo
1550 480 1587 519 ex
1607 468 1755 519 castorum

101 545 223 616 sterium
242 553 360 633 aliquod
386 551 575 631 ingrediatur,
596 552 741 632 juxtaque
770 548 898 628 regulam
957 549 1037 630 pilis,
1055 548 1155 611 colore
1172 550 1286 629 griseo,
1313 555 1439 614 utuntur.
1481 550 1612 622 Omnes,
1634 553 1757 613 baculos

105 650 193 709 vivat
958 642 1066 722 quibus
1085 642 1255 714 innituntur,
1272 641 1422 716 deserunt,
1442 642 1580 704 Possocb
1601 642 1709 708 dictos.

180 739 355 817 Quicunque
374 737 517 799 sacerdos
536 736 659 808 viduus,
683 736 722 796 ad
749 733 900 797 secundas
1035 732 1229 797 ilionasteriis
1248 742 1396 814 praesunt,
1416 740 1447 796 ut
1465 734 1602 807 diximus,
1621 737 1758 799 Abbates

101 836 230 914 nuptias,
251 831 330 912 quod
349 833 455 911 cuique
473 830 598 892 liberum
617 839 675 900 est,
694 830 852 901 transierit,
872 829 900 888 is
959 836 991 888 ct
1009 826 1148 890 Prioresa
1179 847 1300 907 quorum
1319 826 1376 891 bos
1397 829 1570 908 lgumeuos,
1596 829 1665 891 illos
1685 852 1757 892 nero

102 927 175 987 nibil
194 927 283 987 babet
308 945 375 987 cum
401 928 481 987 ciero
507 941 673 985 commuue:
706 924 776 985 item
802 920 902 983 nulius
960 920 1212 983 Archimsndritas
1237 927 1354 984 vocant.
1400 921 1520 983 Habent
1548 924 1758 1009 severissimas
1791 984 1795 997 ,

102 1018 287 1079 sacerdotum
308 1028 358 1081 aut
378 1038 464 1080 sacra
482 1017 574 1090 obire,
594 1022 645 1078 aut
663 1017 823 1098 baptisare,
850 1024 902 1076 aut
960 1014 1045 1093 leges
1065 1036 1102 1077 ao
1122 1015 1256 1094 regulas:
1287 1035 1363 1096 quae
1387 1020 1486 1076 tamen
1512 1017 1628 1077 sensim
1648 1016 1757 1079 labefe-

100 1111 159 1172 alia
180 1114 286 1192 quovis
311 1111 392 1191 fungi
417 1132 537 1173 munere
562 1109 669 1182 audet,
692 1110 751 1171 nisi
779 1108 902 1168 diacono
962 1112 1043 1179 ctae,
1063 1110 1175 1190 jacent.
1214 1105 1304 1169 Nullo
1331 1107 1431 1170 solatii
1450 1128 1559 1188 puero
1578 1111 1620 1169 uti
1639 1109 1759 1175 audent.

102 1212 272 1286 praesente.
964 1199 1099 1272 Citlrsra,
1125 1206 1175 1263 aut
1197 1200 1279 1262 aliud
1302 1202 1434 1263 musices
1460 1203 1700 1275 instrumentum,
1730 1206 1760 1266 si

179 1297 362 1359 Sacerdotes
381 1295 410 1354 in
431 1294 571 1355 ecclesiis
595 1294 718 1375 primun
734 1296 837 1353 teuent
865 1290 904 1350 lo·
963 1291 1041 1373 apud
1060 1292 1186 1371 aliquem
1206 1300 1350 1373 repertum
1369 1294 1467 1367 fuerit,
1487 1296 1663 1375 gravissime
1680 1297 1760 1375 puni·

105 1413 180 1451 eum.
218 1391 259 1450 Et
279 1390 446 1467 quicunque
471 1387 585 1446 illorum
609 1391 710 1446 contra
737 1384 906 1462 religionen
963 1390 1020 1448 tur.
1059 1384 1157 1445 Carne
1182 1392 1321 1465 perpetuo
1345 1389 1504 1449 abstinent.
1544 1386 1675 1462 Omnes,
1700 1410 1760 1451 uon

104 1489 156 1543 aut
176 1481 304 1543 odicium
326 1479 508 1541 sacerdotale
528 1480 634 1559 quavis
653 1480 765 1540 ratione
792 1477 904 1547 iecerit,
961 1478 1057 1539 selom
1075 1478 1218 1556 principis
1237 1477 1390 1548 mandato,
1416 1480 1472 1541 sed
1497 1487 1528 1541 et
1555 1482 1683 1560 singulis
1702 1480 1760 1543 Bo·

101 1575 217 1655 judicio
237 1573 379 1654 spirituaii
408 1572 571 1654 subjicitur.
609 1572 737 1633 Slvere
763 1569 831 1631 furti
855 1574 907 1630 aut
957 1571 1112 1654 junonibus
1138 1592 1157 1632 a
1182 1572 1313 1652 principe
1338 1572 1439 1632 missis
1474 1579 1586 1652 parent.
1631 1575 1761 1646 interlui,

107 1669 259 1728 ebrietatis
277 1671 441 1735 accusatur,
461 1669 511 1725 aut
531 1665 560 1724 iu
580 1663 660 1724 aliud
679 1663 710 1724 id
728 1683 824 1742 genus
837 1663 906 1723 vicii
961 1685 1050 1745 quum
1068 1665 1201 1745 provisor
1220 1685 1305 1726 meus
1324 1686 1342 1724 a
1361 1666 1465 1746 Briore
1484 1665 1611 1747 quedam
1627 1687 1686 1727 rem
1701 1687 1760 1728 cer-

107 1761 248 1830 inciderit,
268 1782 286 1818 a
307 1757 433 1818 seculari
453 1758 638 1836 magistratu,
657 1763 690 1818 ut
709 1762 824 1828 vocant,
854 1777 904 1835 pu·
960 1763 1020 1819 tam
1038 1762 1168 1837 peteret:
1187 1777 1273 1836 quam
1292 1778 1358 1818 eum
1378 1760 1515 1819 contiuuo
1536 1779 1597 1819 non
1615 1758 1762 1833 dedisset,

108 1855 191 1914 nitur.
237 1850 375 1912 Vidimus
399 1849 572 1912 dioscorise
607 1851 706 1911 ebrios
730 1848 906 1912 sacerdotes
962 1850 1085 1911 verbera
1103 1850 1280 1912 minabetur:
1313 1870 1371 1928 quo
1398 1850 1515 1922 audito,
1535 1855 1681 1932 evestigio
1701 1875 1763 1915 ren

107 1946 224 2025 publice
245 1946 410 2005 verberari:
430 1946 479 2024 qui
499 1944 579 2005 aliud
604 1943 676 2005 nibil
701 1944 905 2023 querebantur,
964 1945 1083 2021 petitam
1102 1944 1209 2003 attolit.
1248 1943 1325 2004 Sunt
1344 1942 1459 2021 piures,
1486 1946 1535 2025 qui
1556 1966 1596 2006 ex
1616 1953 1761 2009 monaste·

107 2060 196 2119 quarn
214 2060 286 2099 sese
305 2061 323 2099 a
343 2038 457 2110 servis,
482 2044 515 2123 st
538 2058 595 2097 nou
621 2059 640 2098 a
665 2036 815 2120 Bojarone
841 2056 906 2096 cae·
963 2038 1018 2097 riis
1037 2038 1068 2095 in
1088 2035 1236 2097 heremum
1255 2056 1290 2096 se
1310 2035 1473 2109 conserunt,
1493 2039 1594 2118 ibique
1615 2039 1760 2119 tuguriola

108 2155 161 2194 sos
181 2154 262 2193 esse.
965 2129 1085 2200 iaciunt,
1106 2149 1182 2208 quae
1201 2135 1253 2190 eut
1270 2128 1341 2204 soli,
1360 2135 1495 2192 auteurs
1514 2133 1763 2195 sociisiucolnut:

184 2227 292 2287 Paucis
317 2223 471 2284 retroactis
494 2224 596 2293 annis,
622 2221 741 2302 quidam
761 2219 907 2301 Principis
965 2224 1071 2284 victum
1091 2242 1127 2283 ex
1146 2227 1273 2283 terrast
1291 2223 1607 2304 arboribusquaeruot,
1629 2226 1762 2288 nimirum

111 2322 208 2380 locum
218 2325 334 2389 teneus,
355 2315 539 2377 sacerdotem
550 2317 580 2376 iu
592 2314 668 2376 furto
679 2311 907 2396 deprehensum,
965 2314 1097 2386 radices,
1123 2321 1153 2375 et
1176 2315 1252 2378 alios
1277 2316 1411 2377 arborum
1437 2317 1558 2379 tructus.
1599 2317 1638 2379 lli
1663 2329 1763 2381 autem

109 2415 218 2491 laqueo
240 2410 376 2473 suffocari
405 2409 489 2481 fecit,
520 2429 606 2488 quam
633 2429 693 2470 rem
719 2406 908 2486 Metropolim
966 2408 1115 2490 Stolpnilri
1139 2408 1329 2488 appellantur.
1375 2411 1461 2492 Stelp
1488 2413 1597 2472 etenim
1628 2414 1766 2477 colonos

111 2507 237 2582 graviter
257 2505 366 2574 ferens,
385 2503 423 2562 ad
444 2503 601 2583 principem
627 2500 731 2561 defert.
770 2501 907 2562 Accersi-
966 2502 1081 2575 dicitur,
1129 2501 1331 2563 Domuuculas
1355 2511 1455 2565 autem
1480 2510 1641 2583 angustas,
1670 2511 1701 2566 et
1732 2508 1762 2566 in

112 2597 260 2658 tuslocurn
273 2604 388 2666 tenens,
408 2597 531 2676 principi
551 2593 717 2675 respondit:
736 2593 825 2655 Juxta
836 2593 908 2653 anti·
966 2594 1200 2666 abnueremus,
1221 2595 1363 2655 columnis
1383 2599 1542 2658 sustinent.

110 2712 199 2769 quum
218 2692 331 2771 patriae
343 2709 461 2760 morem,
482 2689 582 2758 suren,
604 2708 661 2747 non
675 2684 859 2749 sacerdotem
872 2705 908 2745 se
1043 2686 1245 2766 monopolim,
1277 2688 1432 2770 Episcopi,
1466 2696 1496 2751 et
1526 2687 1763 2771 Arcbicpiscopi,

110 2783 318 2862 suspendisse,
335 2784 475 2862 atqueita
492 2782 541 2841 ille
556 2784 672 2860 impune
691 2778 908 2840 dimissusfuit.
967 2783 1099 2861 quamvis
1132 2783 1271 2842 cornibus
1302 2789 1439 2863 perpetuo
1471 2783 1636 2845 abstineut:
1666 2787 1764 2845 huon

190 2875 223 2935 Si
243 2875 385 2935 sacerdos
404 2877 549 2953 queritur,
582 2894 678 2935 corum
704 2873 779 2933 laico
800 2871 911 2955 judice,
968 2895 1033 2935 cum
1051 2875 1174 2935 inritant
1192 2873 1327 2955 hospites
1338 2874 1441 2946 laicos,
1461 2875 1763 2948 autsacerdoteseo

112 2990 149 3029 se
169 2991 187 3028 ι
207 2969 341 3048 quopiam
361 2968 436 3027 luico
457 2988 528 3028 esse
547 2987 683 3037 caesum,
708 2964 911 3041 (offensiones
967 2973 1099 3046 tempore
1112 2989 1170 3047 quo
1196 2969 1335 3030 carnibus
1353 2975 1526 3041 vescuntur,
1552 2970 1663 3032 babent
1687 2970 1766 3033 banc

113 3062 221 3122 etenim
243 3081 363 3133 omnes,
383 3081 418 3121 ac
435 3061 612 3143 injuriarum,
631 3079 749 3139 genera,
768 3058 807 3120 ad
826 3079 911 3120 secu
969 3063 1211 3141 praerogativam,
1237 3068 1269 3123 ut
1287 3082 1394 3124 carnes
1414 3063 1474 3124 illis
1500 3064 1528 3123 in
1549 3085 1605 3125 suo
1630 3065 1765 3127 convivio

112 3157 175 3216 lare
188 3153 332 3234 judicium
352 3153 503 3231 spectant)
523 3159 583 3214 brm
602 3152 704 3231 iudex,
723 3153 751 3213 si
769 3151 845 3215 ferte
863 3172 910 3213 co·
968 3164 1127 3236 apponaut,
1147 3153 1227 3234 quod
1247 3155 1418 3218 Abbatibus
1443 3162 1474 3217 et
1492 3156 1644 3219 Prioribus
1669 3157 1765 3240 probi·

114 3249 247 3328 guoverit
267 3247 345 3308 bunc
354 3247 391 3306 ab
404 3247 453 3307 illo
467 3246 647 3317 lacessitum,
664 3251 716 3307 aut
724 3247 828 3327 queris
838 3247 911 3329 inju-
969 3250 1060 3308 bitum
1082 3254 1139 3309 est

115 3343 156 3401 ria
175 3342 257 3423 prius
278 3339 413 3401 affectum
434 3339 539 3411 luisse,
558 3339 741 3401 sacerdote·
761 3341 857 3420 ponit.
1045 3339 1150 3402 illitras
1170 3339 1412 3423 Arcbiepiscopi,
1431 3340 1592 3423 Episcopi,
1617 3349 1648 3403 et
1666 3343 1766 3405 Abba·

190 3432 374 3497 Sacerdotes
394 3434 555 3516 plerunque
575 3454 612 3495 ex
632 3433 845 3495 contributione
864 3454 912 3495 cu·
971 3440 1019 3495 tes
1038 3435 1136 3513 nigros
1151 3440 1181 3495 et
1193 3434 1454 3496 rotundasserunt:
1474 3435 1558 3497 solus
1571 3440 1670 3497 antem
1678 3435 1766 3517 Epis·

117 3528 227 3590 rialium
246 3529 440 3598 sustinentur,
461 3529 708 3607 assignanturqus
722 3526 783 3589 illu
792 3525 912 3589 dorsun-
972 3549 1065 3610 copus
1089 3526 1339 3606 Norogardiensis
1364 3527 1461 3590 albam
1492 3530 1656 3600 bicornem,
1686 3549 1767 3589 more

115 3622 200 3683 culae
220 3642 287 3683 cunr
305 3623 384 3700 agris
397 3622 539 3702 etpratis,
557 3620 636 3682 uude
655 3621 766 3683 rictum
783 3620 849 3683 suis
862 3629 914 3683 sut
972 3627 1073 3682 nostro
1094 3621 1158 3681 lert.

116 3715 288 3776 famulorum
302 3716 445 3786 manibus,
466 3714 914 3794 instsrricinommqnaeritaul.
1048 3714 1160 3776 Vestes
1178 3713 1366 3796 quotidianae
1384 3714 1602 3795 Episcoporum
1621 3717 1706 3783 sunt,
1727 3712 1768 3775 si-

115 3808 281 3869 Pertenuea
301 3807 411 3867 babent
430 3807 612 3869 oblationes:
643 3806 803 3888 aliqnando
821 3807 914 3869 eccle·
972 3814 1022 3870 cut
1040 3808 1161 3870 aliorum
1180 3807 1403 3869 monachorum
1428 3807 1487 3867 uisi
1511 3805 1592 3886 quod
1610 3804 1768 3886 mqnaedo

117 3903 183 3962 siae
202 3902 332 3983 pecunia
350 3899 433 3963 datur
452 3901 491 3962 ad
510 3923 646 3975 usuram,
668 3900 708 3962 de
727 3906 846 3963 centnm
865 3900 904 3963 de
972 3903 1104 3963 sericeas
1124 3900 1233 3973 ierunt,
1258 3907 1288 3961 et
1307 3899 1478 3977 praesertim
1501 3898 1623 3981 pallium
1646 3901 1770 3981 nigrum,

119 4015 194 4065 een,
212 4015 334 4076 eamque
353 3993 503 4055 secerdoti
521 3997 682 4076 porrigunt,
702 4015 739 4055 ne
759 3994 916 4057 suisillusr
972 3995 1051 4077 quod
1069 3994 1160 4057 babet
1178 4013 1197 4055 u
1216 3999 1336 4074 pectore
1356 3993 1385 4053 in
1405 3997 1555 4073 utrumque
1574 4002 1688 4075 partem
1706 4000 1772 4059 tres

119 4088 201 4148 alere
220 4087 384 4167 sumptibus
403 4093 551 4167 cogantur.
590 4089 668 4151 Sunt
686 4090 774 4151 oliam
790 4088 916 4169 quidam,
975 4088 1104 4149 fimbrias
1123 4086 1218 4158 albos,
1237 4086 1362 4148 inflexas
1380 4086 1474 4149 instar
1489 4086 1575 4149 rivuli
1584 4084 1718 4151 dueutisz
1738 4090 1769 4151 in

117 4180 171 4260 qui
195 4179 368 4241 libemlitato
393 4184 556 4265 principum
582 4182 693 4243 visunt.
739 4180 830 4243 Certe
858 4202 917 4243 non
975 4181 1235 4259 significationem,
1259 4178 1337 4259 quod
1362 4200 1399 4243 ex
1424 4178 1513 4241 corde
1532 4187 1563 4243 et
1582 4202 1633 4243 ore
1655 4182 1768 4245 illorum

119 4273 227 4335 multoc
246 4272 404 4354 parochiae
422 4277 624 4358 reperiuntur,
644 4273 774 4356 praediis
794 4295 831 4336 ac
848 4295 916 4356 pos·
975 4274 1068 4335 iluunt
1086 4273 1170 4334 rivuli
1190 4272 1341 4335 doctrinae
1361 4272 1441 4346 fidei,
1462 4280 1492 4335 et
1511 4275 1651 4336 bonorum
1671 4296 1768 4337 esem·

118 4368 310 4429 sessionibus
330 4366 462 4429 domiso:
482 4368 618 4450 exceptis
637 4368 867 4448 episcopatibus,
888 4375 919 4430 et
977 4367 1097 4445 plorum.
1142 4366 1181 4428 Hi
1205 4366 1302 4428 lerunt
1327 4366 1478 4439 baculum,
1508 4390 1566 4449 quo
1600 4369 1770 4439 inuibrntur,

119 4461 294 4543 quibusdam
320 4463 517 4525 monasteriis.
565 4459 654 4523 Nulla
682 4459 837 4542 parocbia,
862 4483 918 4524 seu
976 4481 1062 4541 quem
1083 4461 1230 4542 gentiliter
1248 4459 1389 4522 Possocb
1411 4460 1576 4541 appellant,
1602 4462 1632 4520 iu
1655 4459 1770 4521 modum

119 4555 318 4617 sacerdotium
344 4555 491 4616 confertur
511 4556 653 4634 cuipiam,
678 4555 734 4615 nisi
760 4554 919 4619 sacerdoti.
977 4554 1083 4618 crucis.
1120 4554 1291 4636 Episcopus
1314 4553 1568 4634 Norogardiensis
1592 4553 1689 4613 album
1715 4552 1771 4613 sert

120 4654 155 4711 ln
180 4648 305 4728 siugulis
330 4654 429 4709 autem
452 4649 571 4728 templis
597 4649 714 4708 unicum
739 4653 852 4711 mnmn
878 4648 918 4711 ol·
977 4649 1103 4727 pellium.
1143 4650 1299 4711 Caeterum
1312 4647 1455 4729 Episcopi
1464 4648 1604 4708 duutamt
1622 4645 1703 4704 circa
1722 4666 1773 4708 res

120 4750 195 4813 tare,
214 4749 244 4803 et
264 4744 294 4802 iu
313 4740 380 4802 dies
398 4744 535 4820 singulos
546 4741 662 4801 unicum
672 4761 790 4822 quoquc
803 4762 919 4804 merum
978 4742 1103 4815 dirime,
1123 4762 1160 4804 ac
1179 4744 1274 4824 ipsam
1294 4742 1463 4818 religionem
1488 4740 1538 4818 pie
1563 4736 1771 4814 procuranda·

122 4836 286 4897 laciendum
312 4839 423 4914 putant.
462 4834 628 4898 Rarissime
655 4834 792 4912 templu·
814 4834 920 4916 reperi·
979 4856 1015 4897 ac
1034 4835 1258 4917 promovendam
1277 4839 1346 4895 sunt
1366 4831 1515 4910 occupati:
1535 4841 1710 4893 remantem
1730 4832 1771 4897 ss·

122 4936 171 4990 tur
187 4930 253 4989 siue
273 4928 445 5000 sacerdote,
469 4931 518 5009 qui
543 4936 587 4991 ter
607 4930 635 4989 in
657 4927 841 4993 hebdomos
859 4933 920 4993 tsn-
979 4928 1131 5001 miliaton,
1157 4935 1187 4990 et
1214 4927 1272 4990 alia
1297 4924 1415 5005 publica
1440 4925 1569 5001 negotia,
1596 4925 1795 4989 officialibus·

122 5030 183 5083 tum
202 5043 289 5084 sacra
309 5040 449 5103 peragere
469 5023 669 5101 obstringitur.
979 5020 1209 5083 administranda
1227 5017 1418 5080 committunt.

200 5115 350 5177 Vestitum
370 5137 461 5197 prope
480 5117 618 5181 laieorum
640 5114 760 5187 babent,
780 5118 862 5177 extre
879 5117 921 5196 pi·
1055 5112 1176 5177 Habent
1193 5115 1224 5175 in
1247 5110 1389 5191 catalogo
1409 5120 1508 5174 certos
1527 5111 1680 5177 Romanos
1695 5113 1771 5176 Pou-
