3742 5626
24 234 27 245 .
59 271 218 353 'lubingue
240 271 323 330 loen.
366 268 454 333 Extat
474 272 561 328 etiarn
584 273 612 329 in
632 268 707 329 Coll.
731 270 841 333 Wech.
864 293 889 331 s.
903 292 928 332 r.
950 272 1088 330 Jonuues
1111 272 1210 334 linem
1229 273 1386 353 theologus
1413 272 1462 332 illa
1488 269 1605 351 mrirleru
1627 276 1725 330 aetate

56 434 273 496 celeberrimus
293 434 484 503 Viennensis,
506 429 687 493 Ferdinarnli
708 431 876 494 arcliiolucis
900 437 990 515 jussu
1018 434 1203 497 Moscovitas
1230 455 1297 507 eos,
1325 438 1375 516 qui
1402 454 1482 495 annio
1508 433 1583 492 loce
1604 435 1633 492 in
1654 430 1721 491 llis·
1811 516 1817 529 ·

55 602 179 683 paniam
197 595 235 658 ad
257 595 394 659 Carolum
416 593 446 654 V
466 595 556 675 legati
577 598 670 667 missi,
704 615 758 677 pcr
777 560 965 656 Germaniam
987 606 1178 672 reverterunt,
1199 595 1238 661 rle
1257 597 1379 672 ritibus,
1404 597 1553 668 moribus,
1574 594 1717 673 religione

56 768 254 846 percontatus
268 765 325 830 est,
345 761 506 839 interprete
518 778 603 829 usus,
623 761 672 838 qui
693 766 812 840 praeter
831 777 998 820 sermonem
1011 778 1098 820 suum
1110 763 1237 842 patrium
1251 759 1411 821 Rossicnm
1425 761 1513 823 etiam
1524 760 1724 839 germanicam

55 925 189 1006 linguam
201 921 388 1005 paullumque
399 919 519 981 latinam
531 921 765 998 intelligebat-
786 918 911 981 cnsnnn
933 920 1065 981 Guneus
1083 918 1407 1004 Xllquaestiones
1428 929 1466 982 et
1490 921 1724 985 Graecorum

58 1084 108 1150 ad
127 1104 192 1149 eas
209 1085 495 1165 responsiones,
517 1085 804 1164 exinterpretatione
817 1080 949 1143 Josuurs
962 1083 1161 1146 Levancnnvn
1173 1087 1300 1166 itemque
1312 1082 1650 1149 JonumcLeveucnnur
1671 1082 1717 1142 ‹ls

59 1248 276 1313 Moscorum
300 1245 418 1308 bellis
443 1242 628 1305 adversus
655 1243 840 1305 finitimos
859 1248 1000 1324 gestis,
1027 1245 1070 1306 ab
1093 1249 1203 1308 annis
1220 1249 1295 1327 jaro
1322 1245 1419 1317 LXX,
1441 1245 1579 1327 quibus
1611 1255 1722 1308 antea

17 1480 20 1487 ¹
59 1431 131 1494 per
145 1411 330 1489 Europam
348 1407 540 1490 paullatim
559 1410 819 1477 innotuerunt,
840 1411 1077 1478 commentarius,
1098 1411 1220 1489 primum
1233 1405 1405 1489 prodierunt
1417 1408 1595 1477 Bentleii
1613 1408 1720 1471 inller-

64 1571 222 1631 bersteinii
246 1573 343 1652 operis
372 1569 443 1632 edit.
464 1590 490 1630 s.
505 1589 532 1630 c.
573 1566 725 1628 Ctnnoms
759 1566 915 1628 Gutsanos
947 1567 1117 1630 cardinalis
1144 1569 1323 1631 l'enetianus
1350 1569 1479 1632 Graccis
1507 1576 1536 1632 iu
1567 1571 1624 1632 hac
1648 1570 1722 1633 urbe

64 1731 258 1806 vementibus,
277 1736 469 1815 quaestiones
490 1730 528 1793 (le
547 1728 606 1793 bele
626 1732 789 1813 proposuit,
810 1750 884 1810 quas
905 1725 963 1790 una
985 1749 1050 1790 cum
1072 1749 1171 1791 eorum
1193 1735 1346 1813 responsis
1367 1732 1460 1794 latina
1479 1708 1721 1815 interpretatione

42 1892 340 1958 cenaculorum
364 1896 596 1959 stunctmus
636 1891 722 1970 Quae
748 1895 955 1954 conmentario
981 1895 1123 1974 inscripta
1155 1902 1203 1955 ost
1228 1895 1428 1971 Arrglorunr
1454 1899 1651 1974 enavigatio
1677 1895 1721 1959 ad

58 2056 312 2130 bloscovitas,
337 2061 518 2140 caprimum
544 2053 624 2116 edita
644 2062 691 2115 est
717 2076 753 2115 ex
773 2054 953 2116 bibliotheca
976 2053 1156 2136 hlarquardi,
1176 2056 1324 2118 Electoris
1352 2056 1475 2138 palatini
1495 2058 1670 2130 consiliarii,
1699 2080 1715 2120 a

59 2218 194 2281 cuono
212 2219 342 2282 Manum
362 2227 394 2280 et
411 2216 533 2280 Jonnue
554 2219 682 2287 Auente,
709 2191 798 2277 huno
819 2217 894 2280 160⁰
919 2219 948 2277 in
974 2217 1149 2278 collectione
1169 2215 1369 2281 wecheliana
1387 2240 1414 2279 s.
1437 2241 1464 2280 c.

207 2384 394 2445 Auxanum
412 2379 593 2443 Guscnnnos
611 2376 805 2438 Venonsnsts
824 2398 930 2458 magua
953 2377 1089 2461 prolecto
1109 2387 1158 2442 est
1177 2383 1368 2454 auctoritate,
1388 2386 1497 2465 quippe
1516 2386 1565 2463 qui
1592 2405 1650 2447 non
1671 2405 1708 2448 ex

58 2547 127 2611 aliis
145 2554 280 2628 accepta,
299 2541 355 2605 sed
374 2543 412 2606 ab
432 2547 499 2624 ipso
519 2545 584 2603 visa
604 2539 740 2615 tradidit3
759 2561 895 2622 namque,
914 2549 947 2602 ut
966 2539 1004 2602 de
1024 2563 1060 2603 se
1080 2545 1146 2625 ipse
1165 2538 1253 2615 dicit,
1274 2563 1395 2606 munere
1413 2545 1557 2628 praelecti
1578 2546 1710 2631 peditum

56 2712 90 2771 ia
109 2730 179 2772 arce
196 2704 347 2769 Vitebsha
366 2703 487 2767 finitima
506 2703 679 2765 hloscom'ae
699 2702 871 2785 perfunctus
891 2711 947 2765 est.
982 2703 1079 2787 llujus
1098 2708 1253 2788 scriptoris
1274 2706 1350 2770 liber
1366 2706 1457 2770 habet
1476 2712 1718 2791 inscriptionem:

60 2870 230 2934 Omnium
255 2871 446 2949 regionum
477 2864 698 2928 Moscoviae
723 2864 961 2927 monarchiae
991 2865 1250 2948 subjectarum
1279 2890 1413 2931 morum
1442 2880 1478 2932 et
1505 2869 1738 2951 religionis
1823 2920 1826 2925 -

56 3032 274 3117 descriptio
295 3040 332 3094 et
356 3038 465 3112 gesta
480 3032 630 3110 tyranni
651 3027 812 3089 loannis
830 3027 1023 3090 Basilidis
1049 3050 1085 3090 cx
1106 3029 1262 3103 Sarmatia,
1285 3031 1460 3127 ed7Benun.
1481 3034 1625 3107 Anninus,
1647 3034 1713 3116 Spi-

54 3218 108 3259 rae
140 3196 226 3257 1581.
244 3225 284 3241 -
306 3192 472 3256 ΜΔττῐιιΔι
492 3207 511 3251 n
530 3192 683 3253 Mrcnovts
711 3189 748 3251 dc
772 3160 966 3252 llloscovia
991 3200 1149 3265 tractatos,
1175 3214 1210 3254 ex
1236 3213 1360 3274 corpore
1385 3196 1525 3257 historiae
1551 3196 1714 3261 Polonicae

53 3356 298 3422 loannPistorii
319 3354 400 3419 edid.
421 3354 460 3417 ll.
481 3353 563 3416 Petri
585 3353 669 3417 1588.
690 3300 831 3434 Sennitur
851 3350 958 3414 deinde
980 3352 1154 3414 Troensunr
1170 3355 1393 3418 ssnnnnnncnn
1413 3357 1512 3419 Belli
1535 3359 1713 3423 Linonici

53 3519 157 3604 quod
178 3540 330 3602 magnus
350 3516 568 3579 Moscoviae
595 3514 664 3576 dux
690 3524 822 3577 contra
841 3516 1006 3578 Lis-oues
1027 3519 1164 3594 gessit,
1193 3537 1286 3580 nova
1313 3526 1349 3578 et
1375 3519 1633 3583 memorabilis
1660 3523 1712 3582 hi·

51 3689 186 3758 storia,
210 3680 428 3746 lamentabilem
452 3682 608 3739 universae
628 3677 823 3760 Torpatensis
849 3680 1019 3757 provinciae
1045 3682 1240 3742 vastationem
1267 3688 1297 3740 et
1322 3678 1466 3741 escidium
1488 3682 1705 3761 complectens,

52 3852 177 3931 primum
196 3841 245 3909 sl.
257 3843 355 3908 Dnaci
366 3841 450 3908 tent.
457 3842 548 3904 Extat
558 3840 864 3903 otiamincollectione
870 3837 1067 3901 Wecheliaua
1079 3859 1169 3921 snpra
1182 3839 1311 3902 laudata.
1338 3843 1386 3902 Ac
1398 3839 1525 3923 deniqne
1535 3841 1640 3904 ticon
1655 3845 1710 3908 Ue·

52 4019 152 4069 steen
169 4009 316 4089 legatio
332 4003 585 4067 Moscoritica
606 4005 687 4064 sive
706 3999 990 4083 hodoeporicon
1011 4000 1268 4075 Ruthenicum,
1284 4001 1712 4084 prodiitl'raucoi.A.ltill.l.

207 4167 318 4232 Omnes
334 4167 392 4231 bas
416 4165 564 4230 editiones
589 4167 813 4226 accuratissime
838 4167 1021 4246 comparari,
1053 4166 1226 4244 praesertim
1258 4184 1324 4225 cum
1351 4164 1549 4232 bibliothecas
1578 4171 1704 4252 Progne,

10 4296 13 4453 ἰ
56 4330 207 4404 Viennae,
226 4329 413 4395 Francofurti
433 4324 473 4390 ad
489 4326 639 4400 Moenum,
659 4326 773 4388 Romae
793 4324 942 4397 florentes,
962 4320 1084 4386 adirem.

10 4470 12 4475 Ι
204 4493 287 4556 llaec
313 4489 376 4551 lere
398 4494 485 4559 sant,
508 4508 584 4569 quas
608 4508 674 4549 cum
699 4488 809 4550 lectore
835 4487 978 4550 benevolo
1005 4487 1247 4553 communicanda
1279 4493 1389 4571 putari.
1439 4489 1504 4553 llac
1532 4493 1709 4557 collectione

49 4655 190 4719 omnibus
231 4657 347 4739 patriae
371 4656 493 4712 noscas
514 4648 638 4731 empne
662 4649 803 4712 historiae
822 4650 988 4713 amantibus
1012 4659 1127 4730 gratum
1154 4648 1264 4732 aliquid
1290 4671 1336 4712 me
1357 4658 1581 4734 praestituram,
1606 4676 1711 4738 spero;

48 4818 123 4881 ,ψῃ
143 4822 221 4880 enim
240 4826 296 4889 at,
317 4811 396 4898 qnod
415 4815 529 4895 patriae
547 4810 699 4873 uritatem
718 4813 815 4890 magis
834 4811 882 4872 rel
900 4816 1009 4875 excitet
1021 4813 1068 4874 rel
1088 4812 1248 4886 confirmet,
1270 4833 1357 4897 quam
1381 4831 1475 4874 rernm
1496 4820 1563 4897 ejus
1581 4825 1710 4901 cognitis

47 4983 277 5044 accuratissima
297 4987 328 5041 ct
346 4973 500 5040 assiduum
520 4975 589 5056 ejus
606 4970 750 5035 historiae
769 4969 909 5034 sudium.
950 4972 1038 5035 Vale.

677 5300 1095 5330 Q-
