3742 5626
642 216 943 275 bononnesium
961 216 1212 275 enumerem.
1720 218 1757 273 ¹8

91 373 141 433 nbi
162 374 359 451 significatum
378 376 436 440 est,
455 387 511 429 cas
532 370 611 430 circa
623 368 779 430 castellum
799 368 892 427 Arus-
953 365 1030 428 dolls
1051 369 1182 443 contenti
1201 369 1329 439 inemnt,
1347 367 1405 429 sed
1424 373 1455 429 et
1474 368 1549 429 retia
1566 366 1627 431 alla
1644 388 1753 451 posue

92 466 215 545 burgum
242 486 278 526 se
304 469 494 524 contentnras
518 460 618 542 quoad
642 463 710 543 ejus
735 460 799 521 lieri
823 478 896 540 prae
954 464 1039 519 rnntr
1071 479 1139 520 na·
1158 459 1247 520 index
1264 459 1315 521 ille
1334 467 1451 533 noster,
1476 461 1528 523 eui
1553 463 1635 523 eerio
1658 462 1753 544 injun·

92 557 201 639 hyeme
220 562 335 639 maaet,
357 575 413 615 nec
432 554 501 615 inde
519 555 653 615 abimras
677 557 836 633 antequam
856 550 895 611 de
954 557 1034 611 ctum
1054 557 1128 621 erat,
1153 556 1187 611 ut
1206 571 1293 630 qnam
1312 552 1455 614 emens
1480 556 1536 615 iter
1559 553 1599 617 ad
1626 575 1683 617 nos
1707 576 1751 617 re·

92 652 180 712 nobis
205 650 339 711 certioris
365 646 475 727 aliquid
499 646 644 708 baberent
671 664 771 706 earum
790 645 895 724 gnber-
954 643 1098 715 lleeteret,
1117 645 1148 703 in
1166 643 1214 703 via
1233 643 1335 704 maltis
1354 643 1463 704 diebus
1488 645 1598 725 ubique
1623 645 1753 711 locoru·

92 750 231 813 naiores,
256 739 343 801 mode
371 741 428 799 nisi
455 740 503 800 vel
529 741 618 800 nimio
642 742 822 819 tempestate
848 735 895 797 rel
953 735 1090 797 studiose
1112 735 1252 795 detentus
1277 741 1340 806 est,
1366 740 1400 795 ut
1419 736 1587 799 tardissime
1607 737 1753 805 Oesilisn

94 836 184 894 etiam
202 832 270 911 gelu
291 833 417 893 aseritis
436 831 664 912 depellerentur,
684 830 764 910 qued
783 830 833 890 nbi
853 830 895 888 in·
953 828 1119 906 attingeret.
1139 843 1199 902 qne
1218 826 1269 886 ubi
1293 826 1413 889 tandem
1438 830 1638 908 pervenisset,
1665 854 1753 915 nego·

94 926 252 1002 rolligeret,
277 925 377 1005 ajebat
401 925 569 984 consultum
597 943 684 994 esse,
710 928 743 983 nt
766 921 895 983 indicem
953 922 1068 1000 ciisque
1086 921 1128 981 ibi
1147 920 1294 1001 expositis
1302 919 1480 981 Pernoviam
1498 922 1677 1000 repetiisset,
1694 928 1753 1007 ipsi

94 1020 221 1096 aliquem
251 1017 523 1097 praemittercmus,
557 1018 744 1077 nunciantem
778 1035 834 1075 nos
865 1015 894 1074 in
953 1012 1078 1074 ulterius
1098 1012 1235 1094 progredi
1254 1014 1302 1073 vix
1321 1011 1376 1074 fuit
1394 1010 1515 1084 lieltun,
1534 1011 1592 1075 sed
1608 1036 1705 1097 usqae
1723 1020 1753 1077 ln

95 1112 198 1169 itinere
216 1129 298 1178 esse.
318 1108 475 1189 indiaeque
485 1107 633 1170 0esiliam
647 1128 816 1190 properare,
836 1126 896 1187 qno
955 1104 1032 1167 dien
1050 1105 1196 1167 adventus
1217 1106 1310 1166 nostri
1330 1106 1428 1184 ipsum
1452 1112 1672 1179 reservassent,
1697 1109 1755 1169 nisi

94 1201 200 1261 melius
219 1203 326 1271 omnia,
352 1222 430 1281 qnae
445 1200 489 1281 nd
508 1221 596 1261 ason
621 1207 753 1261 nostrum
778 1198 896 1260 suffice·
953 1197 1755 1280 teupnsintantumnobis'l'arlretiluissetproductum.

93 1300 171 1363 rent,
199 1295 239 1355 ibi
265 1296 520 1375 prospicerentur,
545 1299 577 1354 et
602 1293 748 1363 elidem,
774 1293 897 1370 negocio
1030 1289 1109 1350 llinc
1128 1292 1296 1371 conjectare
1322 1292 1393 1353 licet
1417 1290 1562 1373 perfidum
1588 1290 1670 1353 illum
1694 1313 1754 1355 mo·

93 1385 208 1455 allecto,
228 1388 316 1447 nobis
335 1408 441 1447 rursus
463 1387 511 1446 vel
532 1386 654 1448 Tamari
680 1385 727 1445 vel
751 1386 822 1445 alibi
847 1384 897 1444 ob-
955 1381 1092 1441 uoculum
1116 1381 1198 1443 istud
1221 1383 1251 1443 in
1276 1382 1357 1445 bunc
1382 1384 1469 1445 boen
1494 1382 1657 1447 Slsbodiae
1685 1405 1755 1449 sua·

94 1481 170 1538 riam
197 1481 325 1549 reniret,
357 1486 523 1539 annectens
552 1476 602 1538 bis
633 1476 837 1538 Praestablios
868 1477 897 1535 in
956 1475 1052 1545 sisse,
1077 1481 1110 1535 ut
1127 1480 1268 1536 terrestre
1285 1477 1373 1537 nobis
1398 1478 1454 1539 iter
1473 1477 1679 1559 impediretur,
1705 1500 1754 1543 na·

93 1569 242 1631 mandatis
267 1570 393 1643 habere,
426 1578 460 1632 nt
484 1590 552 1631 cnm
579 1570 666 1630 nobis
691 1572 787 1630 visum
813 1568 898 1637 leret,
957 1586 1071 1645 vesque
1101 1566 1278 1628 Pernoviam
1311 1573 1497 1641 vocatentur,
1527 1570 1607 1649 qnod
1635 1572 1755 1633 silentio

93 1664 134 1722 illi
163 1662 316 1723 ductorem
342 1663 552 1745 adjungerent,
581 1669 615 1723 nt
645 1661 704 1723 boc
730 1664 822 1724 tutius
849 1681 898 1722 res
955 1666 1015 1719 tum
1039 1661 1181 1740 temporis
1212 1661 1476 1740 praetermittebat,
1507 1682 1566 1723 nen
1590 1668 1624 1724 nt
1651 1682 1756 1727 revers

93 1776 168 1815 snas
193 1756 360 1836 expediret,
392 1777 490 1836 eoque
514 1757 603 1816 citius
627 1755 666 1816 ad
693 1776 749 1815 nos
780 1755 898 1825 rediret,
956 1752 1046 1811 rebus
1065 1753 1175 1812 nostris
1195 1753 1413 1821 consuleretur,
1433 1752 1513 1831 quod
1530 1755 1754 1834 praetendebat·

94 1847 173 1927 quod
196 1850 352 1909 consilinm
371 1849 469 1909 animo
489 1854 572 1928 grato
592 1868 629 1909 ac
648 1849 795 1908 benevolo
813 1864 897 1908 eecce¹
1033 1843 1122 1905 Plura
1144 1844 1182 1905 de
1207 1845 1256 1906 lris
1280 1846 1380 1907 dicere
1408 1845 1508 1906 medie
1538 1866 1662 1928 prorsus
1692 1848 1755 1911 effi·

94 1943 207 2021 pimus,
243 1947 325 2001 certo
355 1944 467 2003 eortius
498 1941 585 2001 nobis
615 1940 832 2019 persuadentes
857 1958 897 1999 ex
956 1937 1031 1996 ciera
1051 1938 1170 1999 unicum
1189 1938 1247 1999 boc
1264 1944 1363 2000 tamen
1384 1938 1463 2017 quod
1480 1938 1676 2001 acciditseitu
1696 1962 1756 2003 non

95 2033 184 2094 corde
204 2034 329 2095 candido
351 2041 440 2114 atque
460 2037 577 2095 sineem
597 2035 635 2094 ab
656 2035 723 2115 ipso
740 2032 898 2115 proticisci,
956 2029 1104 2107 indignum
1122 2030 1250 2091 addama
1282 2032 1444 2111 Postquam
1466 2034 1531 2114 jam
1556 2054 1610 2114 per
1634 2034 1755 2097 vereda·

93 2126 150 2187 sed
176 2126 274 2188 lucum
303 2128 330 2186 ei
355 2128 525 2198 subfuisse,
556 2132 665 2208 postea
691 2125 898 2195 intelleximus,
956 2121 1029 2180 rium
1061 2128 1193 2184 nostrum
1224 2143 1317 2185 naves
1351 2126 1546 2205 triremesque
1580 2128 1755 2189 Peraoviaur

95 2226 128 2280 nt
143 2221 232 2301 paulo
252 2226 323 2301 post
342 2220 465 2281 dicetur.
956 2220 1079 2274 vocatas
1102 2224 1208 2277 meent
1232 2222 1412 2298 tempusque
1436 2225 1648 2298 prorogaretur
1672 2227 1755 2283 ante-

175 2313 251 2373 Cnm
277 2315 363 2390 igitur
382 2312 581 2390 Nengardiam
607 2313 757 2382 venimus,
781 2311 812 2371 in
837 2328 897 2369 me·
956 2325 1044 2384 quam
1061 2307 1268 2388 Arnsbnrgum
1286 2311 1519 2391 perveniremus,
1538 2314 1635 2374 vismn
1654 2320 1756 2377 estar-

95 2406 216 2465 moriam
242 2407 329 2465 nobis
362 2410 539 2465 revocantes
569 2406 608 2465 ab
640 2407 708 2486 ipso
733 2401 896 2465 Slabodiae
957 2398 1002 2459 cis
1022 2398 1113 2483 bajus
1132 2402 1284 2482 praelecto
1303 2404 1441 2465 nuncium
1466 2403 1554 2466 nobis
1578 2406 1711 2481 mittere,
1735 2427 1757 2471 a

94 2498 183 2568 dicto,
217 2518 284 2557 eum
319 2496 514 2559 Praestabliis
549 2500 666 2576 egimus
701 2496 740 2557 de
775 2496 898 2556 duetore
955 2510 1014 2570 quo
1034 2494 1175 2555 certiores
1195 2495 1385 2557 redderemur
1395 2514 1489 2557 nares
1501 2498 1569 2559 vela
1581 2500 1756 2565 Pernoviam

96 2590 242 2670 equisque
262 2589 350 2651 indici
372 2596 472 2651 nostro
492 2591 696 2672 procurandis,
717 2589 747 2650 bi
766 2608 839 2649 sese
858 2585 897 2649 ad
955 2605 1059 2646 versas
1078 2587 1234 2659 direxisse,
1252 2608 1290 2650 ac
1307 2588 1445 2659 suadere,
1464 2596 1498 2649 ut
1509 2609 1598 2669 quan
1609 2594 1755 2659 eibssime

95 2704 132 2744 ca
152 2682 327 2764 exequenda
346 2689 500 2765 promptos
517 2684 720 2753 ostenderunt,
739 2701 831 2761 quaro
850 2699 897 2741 sc·
956 2696 1183 2757 properaremus
1213 2699 1252 2740 ne
1282 2685 1403 2761 propter
1433 2679 1550 2759 hyemis
1580 2683 1756 2747 velociore·

95 2777 192 2856 ceptis
223 2778 310 2856 equis
335 2797 401 2836 cum
433 2776 571 2846 duetore,
601 2775 705 2835 relicta
727 2772 899 2851 Neugardie
955 2769 1115 2831 adventum
1134 2780 1212 2849 quae
1230 2774 1370 2833 maturius
1395 2773 1425 2832 in
1451 2773 1502 2834 illa
1520 2772 1642 2836 Boreali
1667 2776 1756 2857 plaga

96 2869 142 2928 tn.
165 2867 214 2928 dic
225 2869 379 2948 Septemb.
399 2871 454 2928 iter
473 2888 636 2947 aggressus
656 2872 720 2926 est:
738 2871 898 2945 antequem
957 2862 1064 2923 exoriri
1083 2863 1171 2934 solet,
1191 2866 1333 2946 trajectus
1353 2866 1440 2925 nobis
1455 2865 1656 2946 impediretur.

95 2982 165 3020 rem
185 2961 296 3020 abitum
316 2969 447 3040 pararet,
472 2959 651 3021 Praestablii
678 2959 765 3018 nobis
787 2978 824 3018 se
848 2957 898 3017 ob
1032 2954 1110 3014 Huic
1129 2958 1236 3016 nuncio
1256 2956 1415 3039 adjunctus
1435 2955 1490 3017 suit
1511 2979 1547 3019 ex
1568 2959 1755 3040 preelectum

93 3053 233 3123 talemnt,
253 3058 372 3133 etpost
391 3050 521 3113 habitum
548 3051 586 3111 de
605 3052 697 3113 variis
722 3051 813 3111 rebus
837 3069 898 3111 ser·
955 3045 1141 3109 Pernoriana
1159 3050 1277 3122 somus,
1301 3051 1353 3130 qui
1377 3057 1460 3113 recta
1477 3052 1576 3131 ipsum
1597 3052 1755 3117 Turbata·

97 3165 215 3205 monem
235 3144 273 3205 ad
295 3146 411 3205 navium
431 3146 610 3205 mentionem
629 3143 738 3225 dilapsi
751 3141 898 3213 dixerunt,
956 3136 1088 3211 duceret,
1108 3162 1235 3220 quocum
1260 3143 1366 3205 ambos
1392 3143 1441 3207 lo.
1461 3143 1511 3206 die
1531 3143 1640 3205 Octeb.
1666 3146 1754 3209 adve-

96 3240 288 3318 lmperateris
307 3259 379 3298 esse
400 3237 577 3308 mandatum,
597 3244 630 3297 ut
650 3241 769 3296 nostrae
787 3233 899 3297 Perae·
957 3232 1019 3291 nire
1039 3230 1171 3293 llbuteni
1190 3237 1349 3307 sentirent,
1372 3235 1524 3299 ductorem
1543 3238 1695 3299 obducunt
1713 3246 1756 3303 at·

96 3331 174 3390 viam
195 3331 423 3411 appellerentnr,
443 3332 543 3410 ibique
570 3351 626 3391 nes
652 3326 789 3410 ejusdem
809 3326 898 3406 legati
956 3344 1015 3403 que
1035 3326 1064 3385 in
1085 3345 1232 3388 carcere·
1250 3330 1381 3400 mittunt,
1401 3349 1439 3390 eo
1457 3329 1537 3409 quod
1556 3352 1592 3392 se
1611 3333 1669 3414 ipsi
1688 3334 1756 3397 vise

99 3424 253 3484 nobiscnm
274 3424 341 3482 ituri
361 3443 415 3483 eas
435 3422 668 3501 ingrederemur:
697 3418 766 3491 Quo
787 3419 898 3491 audito,
957 3418 1095 3478 comitem
1115 3419 1375 3502 indagatoremque
1393 3422 1591 3504 praebuisset.
1618 3424 1678 3487 llic
1689 3448 1754 3508 per·

99 3516 298 3595 maximopere
330 3516 467 3575 commoti
504 3514 728 3594 respondimus,
768 3512 898 3573 ebenum
956 3509 1072 3591 pendas
1091 3531 1220 3590 quaeso,
1243 3535 1331 3595 quam
1348 3536 1521 3599 perversu·
1545 3536 1642 3596 genus
1665 3519 1755 3581 lroni-

98 3609 185 3667 nobis
210 3607 303 3667 rideri
328 3608 400 3669 talia
424 3628 459 3667 se
485 3608 514 3667 in
539 3607 670 3667 medium
695 3604 815 3676 offerre,
842 3625 899 3667 nos
958 3623 1026 3663 num
1050 3605 1092 3664 sit
1116 3602 1174 3666 boc
1198 3605 1412 3679 Rutlrenicum,
1435 3614 1603 3687 quanteque
1628 3610 1698 3672 odio
1724 3614 1754 3673 in

97 3700 236 3779 equidem
261 3706 393 3761 statuere
419 3698 577 3780 probibere
602 3718 661 3759 non
686 3717 796 3779 posse,
827 3699 899 3778 quin
957 3716 1013 3759 nos
1032 3696 1206 3775 flagraverit,
1225 3701 1392 3780 quibusque
1416 3720 1482 3761 cum
1506 3702 1651 3762 nolestiis
1679 3705 1755 3766 inter

98 3793 279 3872 provinciam
303 3792 401 3871 Regis
426 3790 573 3853 Oesiliam
598 3792 765 3868 ingressam
789 3792 899 3851 revise·
957 3787 1028 3849 illud
1047 3808 1101 3869 per
1119 3798 1265 3853 semestre
1285 3793 1397 3856 versari
1415 3793 1528 3853 simnsa
1546 3814 1613 3853 nan
1632 3814 1689 3855 nec
1707 3816 1754 3859 se·

97 3906 207 3955 remus,
227 3885 277 3943 ubi
298 3884 436 3945 victumis
453 3890 556 3945 nestra
569 3885 598 3943 in
608 3883 804 3962 navigationis
813 3902 899 3943 usu·
957 3879 1053 3942 aldais
1073 3883 1184 3943 nostris
1202 3887 1342 3964 precibus
1355 3884 1406 3945 ille
1425 3902 1544 3945 carcere
1561 3883 1679 3946 liberari
1697 3907 1755 3949 nee
1851 3930 1858 3945 .

97 3982 202 4035 essent
227 3982 395 4046 resemata,
425 3976 477 4037 nbi
506 3994 626 4056 quoqne
649 3974 748 4053 Regia
774 3976 900 4053 negocia
956 3975 1080 4051 gratiam
1098 3995 1275 4055 recuperare
1293 3977 1399 4057 potuit.

98 4069 185 4127 nobis
205 4069 365 4128 commissa
384 4073 490 4129 essent
508 4067 710 4149 expedienda,
733 4085 830 4145 seque
850 4086 898 4129 na·
1033 4065 1113 4127 Dum
1132 4067 1184 4127 lric
1200 4065 1374 4137 detinemur,
1394 4066 1432 4127 ad
1451 4088 1540 4129 auree
1559 4075 1678 4131 nomme
1691 4092 1754 4152 per·

98 4158 216 4236 rigandi
237 4159 422 4219 conditiones
439 4160 590 4238 ignorare,
615 4159 801 4242 impossibile
820 4159 899 4219 enim
957 4156 1088 4219 feruntur
1115 4178 1265 4229 rumores,
1294 4159 1460 4221 Succorum
1493 4160 1644 4241 praesidia
1668 4165 1755 4227 nobis

97 4271 170 4312 esse
190 4271 283 4311 nares
296 4257 395 4312 tantas
422 4259 523 4313 nosbo
548 4255 618 4315 usui
644 4253 808 4313 destinatas
833 4270 898 4332 pro·
957 4270 1016 4309 non
1036 4249 1153 4328 longius
1171 4250 1297 4321 abesse,
1321 4251 1378 4313 sed
1402 4259 1496 4315 totum
1520 4254 1612 4316 ferme
1631 4262 1756 4319 tractu

98 4351 164 4425 pter
190 4344 306 4423 mpinm
332 4345 534 4424 montiumque
560 4344 771 4426 impedimenta
790 4342 899 4405 Perna-
956 4342 1144 4404 aPernovia
1167 4343 1327 4405 Tarbabsm
1351 4344 1538 4427 depopulari,
1564 4369 1700 4429 noemae
1724 4350 1756 4411 il·

96 4439 174 4498 riam
194 4455 288 4516 posse
309 4437 472 4516 pervenire,
492 4458 548 4499 nos
568 4440 656 4516 igitur
674 4436 714 4500 ad
733 4436 899 4519 impossibi·
956 4437 1015 4499 lam
1041 4456 1119 4498 nnnc
1137 4434 1273 4498 velino·
1298 4437 1400 4499 urben
1420 4441 1484 4521 jam
1508 4460 1596 4503 arces
1617 4441 1755 4514 Amen,

97 4529 138 4591 lia
155 4528 278 4607 obligari
299 4549 357 4588 non
378 4548 481 4608 posse.
956 4530 1073 4593 Korkr‘s
1093 4534 1124 4590 et
1141 4530 1263 4610 Ruspe,
1283 4529 1399 4610 alisque
1418 4530 1485 4593 loca
1502 4553 1522 4593 a
1540 4531 1691 4593 Rutbenis
1706 4532 1756 4593 de·

174 4621 237 4682 Sed
257 4620 333 4682 baec
353 4642 411 4681 non
430 4640 524 4682 scene
543 4628 737 4703 acceperunt,
762 4643 851 4703 quarn
870 4624 898 4685 sl
956 4626 1033 4686 ricta
1051 4621 1205 4685 invadere:
1225 4642 1301 4703 quoe
1320 4642 1393 4685 esse
1412 4631 1512 4685 certos
1531 4645 1570 4685 ex
1591 4623 1657 4683 l'ortl
1676 4626 1756 4685 bem·

99 4712 190 4773 surdo
218 4720 334 4774 narrata
357 4714 467 4773 tuisset
488 4711 604 4772 fabula:
635 4720 666 4773 et
692 4722 726 4775 nt
744 4715 837 4777 semel
856 4715 898 4776 di·
957 4718 1112 4780 bardarum
1131 4717 1246 4787 sonim,
1271 4717 1321 4795 qui
1348 4736 1401 4795 per
1421 4722 1484 4777 tres
1503 4717 1632 4792 integros
1651 4716 1719 4777 dies
1736 4736 1757 4779 a

97 4807 155 4866 ctis
174 4806 259 4867 linem
281 4807 442 4888 inponam,
462 4811 532 4886 pest
551 4806 656 4881 longas
681 4809 899 4869 controversias
957 4812 1043 4871 nobis
1063 4808 1245 4879 audiebatur,
1271 4808 1328 4888 ipsi
1350 4806 1501 4868 Rutbenis
1526 4807 1657 4869 revelare
1682 4807 1756 4871 illud

97 4898 394 4979 disceptationesqne
414 4897 533 4959 tandem
553 4899 648 4958 coacti
669 4918 775 4959 sumns
792 4920 847 4979 per
866 4901 898 4959 li·
957 4902 1135 4970 nolentibus,
1154 4901 1351 4983 conjecimus,
1377 4900 1554 4961 arbitrantes
1580 4901 1628 4962 rel
1652 4902 1756 4964 urbem

95 4997 177 5051 teras
208 5011 299 5053 naves
330 4993 527 5053 mercenarius
563 4990 758 5069 triremesque
788 4991 898 5052 Perae
956 4994 1083 5054 velinnn
1101 4992 1148 5053 vel
1169 4992 1296 5070 aliqua·
1320 4992 1408 5051 ιιίιιιιι
1431 4993 1552 5053 istarum
1577 4993 1681 5055 artium
1705 5014 1756 5057 ex·

95 5085 172 5143 via·
197 5084 236 5143 ab
256 5082 374 5146 Oesilia
398 5105 553 5156 revocare,
577 5082 654 5145 alias
679 5088 818 5145 terrestre
844 5085 899 5145 iter
956 5094 1114 5166 pugnatum
1133 5086 1179 5147 iri.

93 5176 214 5236 minime
233 5176 454 5253 ingrediendus
474 5175 693 5241 nonnionem·
728 5174 794 5237 Nec
813 5174 898 5239 bisce
1031 5176 1192 5237 Exercitus
1211 5175 1301 5257 lrujus
1318 5179 1489 5259 praesentia
1513 5184 1595 5241 metu
1619 5179 1701 5241 dnbii
1725 5185 1756 5239 et
