<?xml version="1.0" encoding="UTF-8"?>
<!DOCTYPE html PUBLIC "-//W3C//DTD XHTML 1.0 Transitional//EN"
    "http://www.w3.org/TR/xhtml1/DTD/xhtml1-transitional.dtd">
<html xmlns="http://www.w3.org/1999/xhtml" xml:lang="en" lang="en">
 <head>
  <title>
</title>
<meta http-equiv="Content-Type" content="text/html;charset=utf-8" />
  <meta name='ocr-system' content='tesseract 3.04.00' />
  <meta name='ocr-capabilities' content='ocr_page ocr_carea ocr_par ocr_line ocrx_word'/>
</head>
<body>
  <div class='ocr_page' id='page_1' title='image "./historiaeruthen00stargoog/historiaeruthen00stargoog_0379.png"; bbox 0 0 3742 5626; ppageno 0'>
   <div class='ocr_carea' id='block_1_1' title="bbox 144 184 1335 255">
    <p class='ocr_par' dir='ltr' id='par_1_1' title="bbox 144 184 1335 255">
     <span class='ocr_line' id='line_1_1' title="bbox 144 184 1335 255; baseline 0.003 -6"><span class='ocrx_word' id='word_1_1' title='bbox 144 184 181 251; x_wconf 60' lang='lat' dir='ltr'>iri</span> <span class='ocrx_word' id='word_1_2' title='bbox 610 190 726 255; x_wconf 77' lang='lat' dir='ltr'>ACTA</span> <span class='ocrx_word' id='word_1_3' title='bbox 747 190 790 253; x_wconf 72' lang='grc' dir='ltr'>ΙΝ</span> <span class='ocrx_word' id='word_1_4' title='bbox 811 188 1046 255; x_wconf 74' lang='lat' dir='ltr'>CONVENTL&#39;</span> <span class='ocrx_word' id='word_1_5' title='bbox 1067 190 1149 254; x_wconf 80' lang='lat' dir='ltr'>LEG</span> <span class='ocrx_word' id='word_1_6' title='bbox 1154 190 1335 253; x_wconf 73' lang='lat' dir='ltr'>,truncti</span> 
     </span>
    </p>
   </div>
   <div class='ocr_carea' id='block_1_2' title="bbox 148 346 1834 3495">
    <p class='ocr_par' dir='ltr' id='par_1_2' title="bbox 148 346 1834 3495">
     <span class='ocr_line' id='line_1_2' title="bbox 148 346 1822 455; baseline -0.004 -41"><span class='ocrx_word' id='word_1_7' title='bbox 148 354 306 435; x_wconf 84' lang='lat' dir='ltr'>expedire,</span> <span class='ocrx_word' id='word_1_8' title='bbox 333 352 429 414; x_wconf 83' lang='lat' dir='ltr'>insius</span> <span class='ocrx_word' id='word_1_9' title='bbox 451 354 568 415; x_wconf 81' lang='lat' dir='ltr'>celerat.</span> <span class='ocrx_word' id='word_1_10' title='bbox 613 352 662 413; x_wconf 79' lang='lat' dir='ltr'>Ad</span> <span class='ocrx_word' id='word_1_11' title='bbox 683 374 761 435; x_wconf 87' lang='lat' dir='ltr'>quan</span> <span class='ocrx_word' id='word_1_12' title='bbox 781 350 868 413; x_wconf 77' lang='lat' dir='ltr'>siv,</span> <span class='ocrx_word' id='word_1_13' title='bbox 889 350 984 414; x_wconf 65' lang='lat' dir='ltr'>tis:</span> <span class='ocrx_word' id='word_1_14' title='bbox 980 352 1126 455; x_wconf 56' lang='lat' dir='ltr'>&#39;rideret</span> <span class='ocrx_word' id='word_1_15' title='bbox 1143 360 1259 429; x_wconf 89' lang='lat' dir='ltr'>autern,</span> <span class='ocrx_word' id='word_1_16' title='bbox 1279 374 1317 413; x_wconf 86' lang='lat' dir='ltr'>err</span> <span class='ocrx_word' id='word_1_17' title='bbox 1342 352 1484 413; x_wconf 88' lang='lat' dir='ltr'>dilatione</span> <span class='ocrx_word' id='word_1_18' title='bbox 1503 346 1725 413; x_wconf 74' lang='lat' dir='ltr'>reddendarum</span> <span class='ocrx_word' id='word_1_19' title='bbox 1747 349 1822 409; x_wconf 90' lang='lat' dir='ltr'>litte</span> 
     </span>
     <span class='ocr_line' id='line_1_3' title="bbox 149 426 1822 533; baseline -0.003 -27"><span class='ocrx_word' id='word_1_20' title='bbox 149 446 222 527; x_wconf 66' lang='lat' dir='ltr'>goii.</span> <span class='ocrx_word' id='word_1_21' title='bbox 243 446 401 527; x_wconf 85' lang='lat' dir='ltr'>scriptum,</span> <span class='ocrx_word' id='word_1_22' title='bbox 420 444 632 528; x_wconf 78' lang='lat' dir='ltr'>cbirograpbo,</span> <span class='ocrx_word' id='word_1_23' title='bbox 659 446 806 525; x_wconf 83' lang='lat' dir='ltr'>signoque</span> <span class='ocrx_word' id='word_1_24' title='bbox 826 466 883 507; x_wconf 86' lang='lat' dir='ltr'>suo</span> <span class='ocrx_word' id='word_1_25' title='bbox 902 426 984 503; x_wconf 74' lang='lat' dir='ltr'>‹rb-¹</span> <span class='ocrx_word' id='word_1_26' title='bbox 979 466 1118 533; x_wconf 75' lang='lat' dir='ltr'>¹rarnrn,</span> <span class='ocrx_word' id='word_1_27' title='bbox 1138 466 1205 508; x_wconf 89' lang='lat' dir='ltr'>curn</span> <span class='ocrx_word' id='word_1_28' title='bbox 1221 446 1268 507; x_wconf 90' lang='lat' dir='ltr'>rel</span> <span class='ocrx_word' id='word_1_29' title='bbox 1277 446 1358 517; x_wconf 84' lang='lat' dir='ltr'>Rex</span> <span class='ocrx_word' id='word_1_30' title='bbox 1377 446 1425 506; x_wconf 82' lang='lat' dir='ltr'>vel</span> <span class='ocrx_word' id='word_1_31' title='bbox 1436 446 1561 507; x_wconf 85' lang='lat' dir='ltr'>blesens</span> <span class='ocrx_word' id='word_1_32' title='bbox 1581 442 1695 524; x_wconf 86' lang='lat' dir='ltr'>aliquid</span> <span class='ocrx_word' id='word_1_33' title='bbox 1717 452 1822 503; x_wconf 75' lang='lat' dir='ltr'>essem</span> 
     </span>
     <span class='ocr_line' id='line_1_4' title="bbox 149 536 1823 649; baseline -0.004 -48"><span class='ocrx_word' id='word_1_34' title='bbox 149 542 318 619; x_wconf 76' lang='lat' dir='ltr'>signabrnr,</span> <span class='ocrx_word' id='word_1_35' title='bbox 343 541 429 601; x_wconf 87' lang='lat' dir='ltr'>nobis</span> <span class='ocrx_word' id='word_1_36' title='bbox 455 542 581 613; x_wconf 77' lang='lat' dir='ltr'>miserit,</span> <span class='ocrx_word' id='word_1_37' title='bbox 609 536 864 621; x_wconf 76' lang='lat' dir='ltr'>progrediemur</span> <span class='ocrx_word' id='word_1_38' title='bbox 856 560 885 600; x_wconf 94' lang='lat' dir='ltr'>rn</span> <span class='ocrx_word' id='word_1_39' title='bbox 912 538 954 597; x_wconf 93' lang='lat' dir='ltr'>in·</span> <span class='ocrx_word' id='word_1_40' title='bbox 981 541 1168 623; x_wconf 88' lang='lat' dir='ltr'>scripturi,</span> <span class='ocrx_word' id='word_1_41' title='bbox 1187 560 1292 621; x_wconf 80' lang='lat' dir='ltr'>magno</span> <span class='ocrx_word' id='word_1_42' title='bbox 1315 540 1434 649; x_wconf 81' lang='lat' dir='ltr'>pegntio</span> <span class='ocrx_word' id='word_1_43' title='bbox 1455 536 1672 598; x_wconf 72' lang='lat' dir='ltr'>conficiendo·</span> <span class='ocrx_word' id='word_1_44' title='bbox 1663 554 1823 596; x_wconf 82' lang='lat' dir='ltr'>recono-</span> 
     </span>
     <span class='ocr_line' id='line_1_5' title="bbox 151 628 1823 716; baseline -0.004 -21"><span class='ocrx_word' id='word_1_45' title='bbox 151 638 251 715; x_wconf 88' lang='lat' dir='ltr'>eepto,</span> <span class='ocrx_word' id='word_1_46' title='bbox 272 654 330 693; x_wconf 92' lang='lat' dir='ltr'>non</span> <span class='ocrx_word' id='word_1_47' title='bbox 349 634 417 693; x_wconf 90' lang='lat' dir='ltr'>sine</span> <span class='ocrx_word' id='word_1_48' title='bbox 435 654 493 716; x_wconf 86' lang='lat' dir='ltr'>spe</span> <span class='ocrx_word' id='word_1_49' title='bbox 511 630 745 715; x_wconf 80' lang='lat' dir='ltr'>perhonorificae</span> <span class='ocrx_word' id='word_1_50' title='bbox 765 632 860 713; x_wconf 85' lang='lat' dir='ltr'>pacis.</span> <span class='ocrx_word' id='word_1_51' title='bbox 899 628 955 690; x_wconf 90' lang='lat' dir='ltr'>Sin</span> <span class='ocrx_word' id='word_1_52' title='bbox 981 670 984 675; x_wconf 93' lang='lat'>-</span> <span class='ocrx_word' id='word_1_53' title='bbox 1012 632 1081 693; x_wconf 91' lang='lat' dir='ltr'>durn</span> <span class='ocrx_word' id='word_1_54' title='bbox 1107 652 1202 713; x_wconf 88' lang='lat' dir='ltr'>pesse</span> <span class='ocrx_word' id='word_1_55' title='bbox 1232 634 1342 694; x_wconf 89' lang='lat' dir='ltr'>ereari:</span> <span class='ocrx_word' id='word_1_56' title='bbox 1372 652 1409 692; x_wconf 91' lang='lat' dir='ltr'>se</span> <span class='ocrx_word' id='word_1_57' title='bbox 1435 634 1513 713; x_wconf 81' lang='lat' dir='ltr'>jem,</span> <span class='ocrx_word' id='word_1_58' title='bbox 1543 630 1656 711; x_wconf 91' lang='lat' dir='ltr'>inquit,</span> <span class='ocrx_word' id='word_1_59' title='bbox 1687 628 1823 707; x_wconf 76' lang='lat' dir='ltr'><strong>Legatos</strong></span> 
     </span>
     <span class='ocr_line' id='line_1_6' title="bbox 152 721 1822 813; baseline -0.004 -24"><span class='ocrx_word' id='word_1_60' title='bbox 152 728 268 795; x_wconf 79' lang='lat' dir='ltr'>minus,</span> <span class='ocrx_word' id='word_1_61' title='bbox 296 726 326 786; x_wconf 93' lang='lat' dir='ltr'>in</span> <span class='ocrx_word' id='word_1_62' title='bbox 350 726 490 807; x_wconf 80' lang='lat' dir='ltr'>eptimam</span> <span class='ocrx_word' id='word_1_63' title='bbox 511 730 621 807; x_wconf 89' lang='lat' dir='ltr'>partem</span> <span class='ocrx_word' id='word_1_64' title='bbox 640 726 784 801; x_wconf 74' lang='lat' dir='ltr'><strong>accipiet,</strong></span> <span class='ocrx_word' id='word_1_65' title='bbox 814 723 956 805; x_wconf 88' lang='lat' dir='ltr'>quicquid</span> <span class='ocrx_word' id='word_1_66' title='bbox 983 792 986 813; x_wconf 64' lang='grc' dir='ltr'>Ι</span> <span class='ocrx_word' id='word_1_67' title='bbox 1012 734 1158 805; x_wconf 90' lang='lat' dir='ltr'>utrosque</span> <span class='ocrx_word' id='word_1_68' title='bbox 1196 747 1255 787; x_wconf 92' lang='lat' dir='ltr'>non</span> <span class='ocrx_word' id='word_1_69' title='bbox 1283 730 1396 786; x_wconf 77' lang='lat' dir='ltr'>tantuna</span> <span class='ocrx_word' id='word_1_70' title='bbox 1433 725 1472 783; x_wconf 90' lang='lat' dir='ltr'>ob</span> <span class='ocrx_word' id='word_1_71' title='bbox 1511 722 1668 783; x_wconf 80' lang='grc' dir='ltr'>Ροιιιιιιιι</span> <span class='ocrx_word' id='word_1_72' title='bbox 1699 721 1822 783; x_wconf 78' lang='lat' dir='ltr'>blulmi</span> 
     </span>
     <span class='ocr_line' id='line_1_7' title="bbox 152 816 1823 898; baseline -0.004 -17"><span class='ocrx_word' id='word_1_73' title='bbox 152 820 208 881; x_wconf 88' lang='lat' dir='ltr'>crit</span> <span class='ocrx_word' id='word_1_74' title='bbox 233 816 453 879; x_wconf 86' lang='lat' dir='ltr'>deliberandum</span> <span class='ocrx_word' id='word_1_75' title='bbox 479 840 498 879; x_wconf 90' lang='lat' dir='ltr'>a</span> <span class='ocrx_word' id='word_1_76' title='bbox 525 818 629 892; x_wconf 85' lang='lat' dir='ltr'>nobis,</span> <span class='ocrx_word' id='word_1_77' title='bbox 659 836 726 877; x_wconf 87' lang='lat' dir='ltr'>cum</span> <span class='ocrx_word' id='word_1_78' title='bbox 757 818 845 878; x_wconf 89' lang='lat' dir='ltr'>etiam</span> <span class='ocrx_word' id='word_1_79' title='bbox 870 816 958 877; x_wconf 90' lang='lat' dir='ltr'>nobis</span> <span class='ocrx_word' id='word_1_80' title='bbox 983 842 987 861; x_wconf 87' lang='grc'><strong><em>·</em></strong></span> <span class='ocrx_word' id='word_1_81' title='bbox 1013 820 1218 879; x_wconf 85' lang='lat' dir='ltr'>auctoritatem</span> <span class='ocrx_word' id='word_1_82' title='bbox 1245 819 1305 893; x_wconf 91' lang='lat' dir='ltr'>(cui</span> <span class='ocrx_word' id='word_1_83' title='bbox 1331 816 1471 898; x_wconf 86' lang='lat' dir='ltr'>quicquid</span> <span class='ocrx_word' id='word_1_84' title='bbox 1497 834 1533 875; x_wconf 85' lang='lat' dir='ltr'>sc</span> <span class='ocrx_word' id='word_1_85' title='bbox 1558 816 1679 876; x_wconf 80' lang='lat' dir='ltr'>deterre</span> <span class='ocrx_word' id='word_1_86' title='bbox 1700 816 1823 897; x_wconf 81' lang='lat' dir='ltr'>saepius</span> 
     </span>
     <span class='ocr_line' id='line_1_8' title="bbox 152 900 1822 991; baseline -0.001 -18"><span class='ocrx_word' id='word_1_87' title='bbox 152 912 228 973; x_wconf 89' lang='lat' dir='ltr'>ratio</span> <span class='ocrx_word' id='word_1_88' title='bbox 248 908 401 971; x_wconf 88' lang='lat' dir='ltr'>reddenda</span> <span class='ocrx_word' id='word_1_89' title='bbox 425 911 466 971; x_wconf 89' lang='lat' dir='ltr'>sit</span> <span class='ocrx_word' id='word_1_90' title='bbox 491 900 638 973; x_wconf 82' lang='lat' dir='ltr'>actionum</span> <span class='ocrx_word' id='word_1_91' title='bbox 659 916 825 971; x_wconf 84' lang='lat' dir='ltr'>nostrarum</span> <span class='ocrx_word' id='word_1_92' title='bbox 845 908 958 991; x_wconf 86' lang='lat' dir='ltr'>Reipu·</span> <span class='ocrx_word' id='word_1_93' title='bbox 1014 910 1162 983; x_wconf 87' lang='lat' dir='ltr'>dicebant,</span> <span class='ocrx_word' id='word_1_94' title='bbox 1183 911 1212 971; x_wconf 90' lang='lat' dir='ltr'>id</span> <span class='ocrx_word' id='word_1_95' title='bbox 1233 910 1348 991; x_wconf 85' lang='lat' dir='ltr'>quidem</span> <span class='ocrx_word' id='word_1_96' title='bbox 1360 910 1427 970; x_wconf 80' lang='lat' dir='ltr'>lico</span> <span class='ocrx_word' id='word_1_97' title='bbox 1447 920 1603 991; x_wconf 89' lang='lat' dir='ltr'>acceptum</span> <span class='ocrx_word' id='word_1_98' title='bbox 1623 928 1711 980; x_wconf 84' lang='lat' dir='ltr'>csse,</span> <span class='ocrx_word' id='word_1_99' title='bbox 1730 928 1753 971; x_wconf 85' lang='lat' dir='ltr'>a</span> <span class='ocrx_word' id='word_1_100' title='bbox 1768 930 1822 989; x_wconf 82' lang='lat' dir='ltr'>quo</span> 
     </span>
     <span class='ocr_line' id='line_1_9' title="bbox 152 1002 1823 1089; baseline -0.001 -24"><span class='ocrx_word' id='word_1_101' title='bbox 152 1004 249 1065; x_wconf 88' lang='lat' dir='ltr'>blicae</span> <span class='ocrx_word' id='word_1_102' title='bbox 268 1003 330 1074; x_wconf 87' lang='lat' dir='ltr'>isti,</span> <span class='ocrx_word' id='word_1_103' title='bbox 352 1005 486 1065; x_wconf 78' lang='lat' dir='ltr'>Pontifici</span> <span class='ocrx_word' id='word_1_104' title='bbox 499 1005 621 1066; x_wconf 81' lang='lat' dir='ltr'>blaxirni</span> <span class='ocrx_word' id='word_1_105' title='bbox 633 1002 744 1083; x_wconf 78' lang='lat' dir='ltr'>blegne</span> <span class='ocrx_word' id='word_1_106' title='bbox 764 1004 821 1081; x_wconf 90' lang='lat' dir='ltr'>ipsi</span> <span class='ocrx_word' id='word_1_107' title='bbox 841 1002 958 1065; x_wconf 82' lang='lat' dir='ltr'>diosce-</span> <span class='ocrx_word' id='word_1_108' title='bbox 984 1064 988 1089; x_wconf 41' lang='grc' dir='ltr'>Ι</span> <span class='ocrx_word' id='word_1_109' title='bbox 1015 1024 1081 1063; x_wconf 90' lang='lat' dir='ltr'>enrn</span> <span class='ocrx_word' id='word_1_110' title='bbox 1102 1005 1305 1064; x_wconf 70' lang='lat' dir='ltr'>audacitatem</span> <span class='ocrx_word' id='word_1_111' title='bbox 1326 1004 1513 1083; x_wconf 72' lang='lat' dir='ltr'>accepisset)</span> <span class='ocrx_word' id='word_1_112' title='bbox 1539 1022 1641 1063; x_wconf 83' lang='lat' dir='ltr'>rerum</span> <span class='ocrx_word' id='word_1_113' title='bbox 1669 1002 1702 1063; x_wconf 90' lang='lat' dir='ltr'>in</span> <span class='ocrx_word' id='word_1_114' title='bbox 1723 1004 1823 1085; x_wconf 77' lang='lat' dir='ltr'>prinis</span> 
     </span>
     <span class='ocr_line' id='line_1_10' title="bbox 151 1094 1824 1179; baseline 0 -24"><span class='ocrx_word' id='word_1_115' title='bbox 151 1096 218 1158; x_wconf 79' lang='lat' dir='ltr'>riae</span> <span class='ocrx_word' id='word_1_116' title='bbox 244 1094 337 1167; x_wconf 84' lang='lat' dir='ltr'>Daci,</span> <span class='ocrx_word' id='word_1_117' title='bbox 366 1100 534 1179; x_wconf 89' lang='lat' dir='ltr'>ceterisque</span> <span class='ocrx_word' id='word_1_118' title='bbox 560 1096 662 1157; x_wconf 91' lang='lat' dir='ltr'>t&#39;orsan</span> <span class='ocrx_word' id='word_1_119' title='bbox 688 1096 895 1179; x_wconf 73' lang='lat' dir='ltr'>Principibus:</span> <span class='ocrx_word' id='word_1_120' title='bbox 921 1114 959 1153; x_wconf 91' lang='lat' dir='ltr'>ne</span> <span class='ocrx_word' id='word_1_121' title='bbox 985 1130 989 1137; x_wconf 91' lang='lat'>·</span> <span class='ocrx_word' id='word_1_122' title='bbox 1015 1097 1054 1156; x_wconf 94' lang='lat' dir='ltr'>ob</span> <span class='ocrx_word' id='word_1_123' title='bbox 1075 1094 1189 1156; x_wconf 82' lang='lat' dir='ltr'>Cbristi</span> <span class='ocrx_word' id='word_1_124' title='bbox 1209 1096 1383 1175; x_wconf 79' lang='lat' dir='ltr'>sanguinem</span> <span class='ocrx_word' id='word_1_125' title='bbox 1403 1097 1511 1156; x_wconf 76' lang='lat' dir='ltr'>obnixe</span> <span class='ocrx_word' id='word_1_126' title='bbox 1532 1114 1654 1175; x_wconf 79' lang='lat' dir='ltr'>rogare,</span> <span class='ocrx_word' id='word_1_127' title='bbox 1676 1116 1717 1156; x_wconf 92' lang='lat' dir='ltr'>ne</span> <span class='ocrx_word' id='word_1_128' title='bbox 1738 1096 1824 1157; x_wconf 86' lang='lat' dir='ltr'>rariir</span> 
     </span>
     <span class='ocr_line' id='line_1_11' title="bbox 151 1186 1825 1271; baseline 0 -22"><span class='ocrx_word' id='word_1_129' title='bbox 151 1188 223 1271; x_wconf 87' lang='lat' dir='ltr'>quid</span> <span class='ocrx_word' id='word_1_130' title='bbox 242 1188 340 1251; x_wconf 87' lang='lat' dir='ltr'>dicam</span> <span class='ocrx_word' id='word_1_131' title='bbox 368 1188 407 1249; x_wconf 91' lang='lat' dir='ltr'>de</span> <span class='ocrx_word' id='word_1_132' title='bbox 428 1198 529 1251; x_wconf 90' lang='lat' dir='ltr'>nostro</span> <span class='ocrx_word' id='word_1_133' title='bbox 555 1190 676 1259; x_wconf 90' lang='lat' dir='ltr'>ordine,</span> <span class='ocrx_word' id='word_1_134' title='bbox 702 1191 790 1269; x_wconf 87' lang='lat' dir='ltr'>cujus</span> <span class='ocrx_word' id='word_1_135' title='bbox 814 1194 858 1249; x_wconf 88' lang='grc' dir='ltr'>ιιι</span> <span class='ocrx_word' id='word_1_136' title='bbox 878 1192 960 1247; x_wconf 90' lang='lat' dir='ltr'>certe</span> <span class='ocrx_word' id='word_1_137' title='bbox 1016 1188 1194 1259; x_wconf 74' lang='lat' dir='ltr'>eventibus,</span> <span class='ocrx_word' id='word_1_138' title='bbox 1215 1210 1291 1269; x_wconf 88' lang='lat' dir='ltr'>quos</span> <span class='ocrx_word' id='word_1_139' title='bbox 1310 1186 1438 1249; x_wconf 89' lang='lat' dir='ltr'>subinde</span> <span class='ocrx_word' id='word_1_140' title='bbox 1464 1192 1588 1248; x_wconf 86' lang='lat' dir='ltr'>satanas</span> <span class='ocrx_word' id='word_1_141' title='bbox 1609 1194 1698 1249; x_wconf 85' lang='lat' dir='ltr'>esset</span> <span class='ocrx_word' id='word_1_142' title='bbox 1718 1190 1825 1249; x_wconf 82' lang='lat' dir='ltr'>excita·</span> 
     </span>
     <span class='ocr_line' id='line_1_12' title="bbox 149 1280 1826 1363; baseline 0.001 -21"><span class='ocrx_word' id='word_1_143' title='bbox 149 1284 287 1363; x_wconf 74' lang='lat' dir='ltr'>pignora,</span> <span class='ocrx_word' id='word_1_144' title='bbox 312 1288 344 1343; x_wconf 91' lang='lat' dir='ltr'>et</span> <span class='ocrx_word' id='word_1_145' title='bbox 368 1282 493 1343; x_wconf 90' lang='lat' dir='ltr'>obsides</span> <span class='ocrx_word' id='word_1_146' title='bbox 517 1280 610 1343; x_wconf 86' lang='lat' dir='ltr'>babet</span> <span class='ocrx_word' id='word_1_147' title='bbox 638 1280 779 1351; x_wconf 83' lang='lat' dir='ltr'>Paionia,</span> <span class='ocrx_word' id='word_1_148' title='bbox 812 1284 845 1341; x_wconf 92' lang='lat' dir='ltr'>nt</span> <span class='ocrx_word' id='word_1_149' title='bbox 871 1280 961 1341; x_wconf 88' lang='lat' dir='ltr'>etianr</span> <span class='ocrx_word' id='word_1_150' title='bbox 1017 1288 1118 1353; x_wconf 91' lang='lat' dir='ltr'>turus,</span> <span class='ocrx_word' id='word_1_151' title='bbox 1143 1300 1206 1342; x_wconf 89' lang='lat' dir='ltr'>reor</span> <span class='ocrx_word' id='word_1_152' title='bbox 1227 1282 1322 1361; x_wconf 89' lang='lat' dir='ltr'>ipsam</span> <span class='ocrx_word' id='word_1_153' title='bbox 1343 1282 1509 1362; x_wconf 84' lang='lat' dir='ltr'>expositam</span> <span class='ocrx_word' id='word_1_154' title='bbox 1530 1280 1726 1343; x_wconf 86' lang='lat' dir='ltr'>desererent:</span> <span class='ocrx_word' id='word_1_155' title='bbox 1753 1302 1826 1362; x_wconf 84' lang='lat' dir='ltr'>qnae</span> 
     </span>
     <span class='ocr_line' id='line_1_13' title="bbox 151 1372 1827 1457; baseline 0 -22"><span class='ocrx_word' id='word_1_156' title='bbox 151 1376 205 1449; x_wconf 83' lang='lat' dir='ltr'>iis,</span> <span class='ocrx_word' id='word_1_157' title='bbox 235 1394 398 1457; x_wconf 85' lang='lat' dir='ltr'>corumque</span> <span class='ocrx_word' id='word_1_158' title='bbox 418 1376 497 1436; x_wconf 91' lang='lat' dir='ltr'>bene</span> <span class='ocrx_word' id='word_1_159' title='bbox 517 1376 627 1436; x_wconf 90' lang='lat' dir='ltr'>nomini</span> <span class='ocrx_word' id='word_1_160' title='bbox 655 1374 783 1436; x_wconf 79' lang='grc' dir='ltr'>ιιιιιιιι</span> <span class='ocrx_word' id='word_1_161' title='bbox 804 1372 961 1434; x_wconf 88' lang='lat' dir='ltr'>consulen·</span> <span class='ocrx_word' id='word_1_162' title='bbox 987 1406 990 1421; x_wconf 84' lang='lat'><em>=</em></span> <span class='ocrx_word' id='word_1_163' title='bbox 1016 1380 1126 1457; x_wconf 88' lang='lat' dir='ltr'>quanto</span> <span class='ocrx_word' id='word_1_164' title='bbox 1152 1375 1249 1453; x_wconf 78' lang='lat' dir='ltr'>magis</span> <span class='ocrx_word' id='word_1_165' title='bbox 1272 1372 1504 1457; x_wconf 80' lang='lat' dir='ltr'>protraheretur,</span> <span class='ocrx_word' id='word_1_166' title='bbox 1536 1378 1618 1433; x_wconf 81' lang='lat' dir='ltr'>tanto</span> <span class='ocrx_word' id='word_1_167' title='bbox 1643 1374 1720 1455; x_wconf 86' lang='lat' dir='ltr'>plus</span> <span class='ocrx_word' id='word_1_168' title='bbox 1746 1374 1827 1435; x_wconf 75' lang='lat' dir='ltr'>cbri-</span> 
     </span>
     <span class='ocr_line' id='line_1_14' title="bbox 152 1466 1826 1549; baseline -0.001 -21"><span class='ocrx_word' id='word_1_169' title='bbox 152 1466 222 1529; x_wconf 84' lang='lat' dir='ltr'>dum</span> <span class='ocrx_word' id='word_1_170' title='bbox 242 1471 292 1528; x_wconf 85' lang='lat' dir='ltr'>sit.</span> <span class='ocrx_word' id='word_1_171' title='bbox 986 1478 990 1547; x_wconf 63' lang='grc' dir='ltr'>Ι</span> <span class='ocrx_word' id='word_1_172' title='bbox 1018 1468 1108 1529; x_wconf 84' lang='grc' dir='ltr'>ιιιιιιι</span> <span class='ocrx_word' id='word_1_173' title='bbox 1120 1466 1498 1545; x_wconf 79' lang='lat' dir='ltr'>sanguirriseffunderetur:</span> <span class='ocrx_word' id='word_1_174' title='bbox 1520 1486 1608 1547; x_wconf 91' lang='lat' dir='ltr'>porro</span> <span class='ocrx_word' id='word_1_175' title='bbox 1627 1467 1660 1525; x_wconf 94' lang='lat' dir='ltr'>in</span> <span class='ocrx_word' id='word_1_176' title='bbox 1673 1486 1712 1527; x_wconf 84' lang='lat' dir='ltr'>se</span> <span class='ocrx_word' id='word_1_177' title='bbox 1730 1467 1826 1549; x_wconf 75' lang='lat' dir='ltr'>ipsun</span> 
     </span>
     <span class='ocr_line' id='line_1_15' title="bbox 229 1552 1828 1643; baseline 0 -22"><span class='ocrx_word' id='word_1_178' title='bbox 229 1560 321 1621; x_wconf 82' lang='lat' dir='ltr'>Porro</span> <span class='ocrx_word' id='word_1_179' title='bbox 341 1562 406 1621; x_wconf 88' lang='lat' dir='ltr'>scio</span> <span class='ocrx_word' id='word_1_180' title='bbox 427 1558 465 1618; x_wconf 67' lang='grc' dir='ltr'>ι’.</span> <span class='ocrx_word' id='word_1_181' title='bbox 486 1558 610 1641; x_wconf 73' lang='lat' dir='ltr'>blegnii.</span> <span class='ocrx_word' id='word_1_182' title='bbox 638 1580 690 1640; x_wconf 91' lang='lat' dir='ltr'>pro</span> <span class='ocrx_word' id='word_1_183' title='bbox 716 1580 773 1623; x_wconf 85' lang='lat' dir='ltr'>aua</span> <span class='ocrx_word' id='word_1_184' title='bbox 794 1556 991 1643; x_wconf 80' lang='lat' dir='ltr'>perspicaciJ</span> <span class='ocrx_word' id='word_1_185' title='bbox 986 1552 990 1571; x_wconf 96' lang='lat'>&#39;</span> <span class='ocrx_word' id='word_1_186' title='bbox 987 1566 1111 1621; x_wconf 89' lang='lat' dir='ltr'>rtoturn</span> <span class='ocrx_word' id='word_1_187' title='bbox 1141 1559 1186 1631; x_wconf 93' lang='lat' dir='ltr'>id,</span> <span class='ocrx_word' id='word_1_188' title='bbox 1218 1560 1298 1640; x_wconf 90' lang='lat' dir='ltr'>quod</span> <span class='ocrx_word' id='word_1_189' title='bbox 1328 1558 1477 1621; x_wconf 88' lang='lat' dir='ltr'>acciderat</span> <span class='ocrx_word' id='word_1_190' title='bbox 1506 1558 1549 1634; x_wconf 87' lang='lat' dir='ltr'>(si</span> <span class='ocrx_word' id='word_1_191' title='bbox 1574 1558 1649 1639; x_wconf 91' lang='lat' dir='ltr'>qnid</span> <span class='ocrx_word' id='word_1_192' title='bbox 1681 1560 1828 1642; x_wconf 86' lang='lat' dir='ltr'>ejusmodi</span> 
     </span>
     <span class='ocr_line' id='line_1_16' title="bbox 153 1652 1829 1737; baseline -0.001 -23"><span class='ocrx_word' id='word_1_193' title='bbox 153 1653 325 1737; x_wconf 89' lang='lat' dir='ltr'>prudentia,</span> <span class='ocrx_word' id='word_1_194' title='bbox 357 1656 468 1735; x_wconf 89' lang='lat' dir='ltr'>optirne</span> <span class='ocrx_word' id='word_1_195' title='bbox 492 1654 556 1737; x_wconf 82' lang='lat' dir='ltr'>J‘anr</span> <span class='ocrx_word' id='word_1_196' title='bbox 594 1652 799 1727; x_wconf 77' lang='lat' dir='ltr'>intellexisse,</span> <span class='ocrx_word' id='word_1_197' title='bbox 838 1654 991 1731; x_wconf 85' lang='lat' dir='ltr'>quanto·¹</span> <span class='ocrx_word' id='word_1_198' title='bbox 1017 1654 1142 1729; x_wconf 81' lang='lat' dir='ltr'>luisset,</span> <span class='ocrx_word' id='word_1_199' title='bbox 1172 1653 1261 1732; x_wconf 83' lang='lat' dir='ltr'>quale</span> <span class='ocrx_word' id='word_1_200' title='bbox 1286 1653 1384 1714; x_wconf 87' lang='lat' dir='ltr'>blesci</span> <span class='ocrx_word' id='word_1_201' title='bbox 1411 1652 1562 1725; x_wconf 89' lang='lat' dir='ltr'>dicebant)</span> <span class='ocrx_word' id='word_1_202' title='bbox 1586 1653 1634 1712; x_wconf 85' lang='lat' dir='ltr'>sie</span> <span class='ocrx_word' id='word_1_203' title='bbox 1662 1654 1829 1735; x_wconf 77' lang='lat' dir='ltr'>suscipere,</span> 
     </span>
     <span class='ocr_line' id='line_1_17' title="bbox 154 1742 1828 1829; baseline -0.001 -22"><span class='ocrx_word' id='word_1_204' title='bbox 154 1768 224 1829; x_wconf 90' lang='lat' dir='ltr'>pere</span> <span class='ocrx_word' id='word_1_205' title='bbox 244 1744 438 1829; x_wconf 76' lang='lat' dir='ltr'>expediebat,</span> <span class='ocrx_word' id='word_1_206' title='bbox 458 1755 492 1807; x_wconf 90' lang='lat' dir='ltr'>ut</span> <span class='ocrx_word' id='word_1_207' title='bbox 511 1766 599 1827; x_wconf 88' lang='lat' dir='ltr'>quarn</span> <span class='ocrx_word' id='word_1_208' title='bbox 623 1746 848 1807; x_wconf 79' lang='lat' dir='ltr'>instructionem</span> <span class='ocrx_word' id='word_1_209' title='bbox 872 1762 961 1803; x_wconf 86' lang='lat' dir='ltr'>manu</span> <span class='ocrx_word' id='word_1_210' title='bbox 987 1758 1050 1817; x_wconf 93' lang='lat' dir='ltr'>ut</span> <span class='ocrx_word' id='word_1_211' title='bbox 1070 1747 1117 1807; x_wconf 89' lang='lat' dir='ltr'>rel</span> <span class='ocrx_word' id='word_1_212' title='bbox 1137 1766 1202 1806; x_wconf 87' lang='lat' dir='ltr'>cnm</span> <span class='ocrx_word' id='word_1_213' title='bbox 1224 1744 1323 1824; x_wconf 80' lang='lat' dir='ltr'>Rege,</span> <span class='ocrx_word' id='word_1_214' title='bbox 1351 1746 1399 1807; x_wconf 90' lang='lat' dir='ltr'>rel</span> <span class='ocrx_word' id='word_1_215' title='bbox 1419 1765 1485 1805; x_wconf 91' lang='lat' dir='ltr'>eum</span> <span class='ocrx_word' id='word_1_216' title='bbox 1506 1743 1618 1821; x_wconf 75' lang='lat' dir='ltr'>blegne</span> <span class='ocrx_word' id='word_1_217' title='bbox 1639 1742 1731 1805; x_wconf 86' lang='lat' dir='ltr'>Duce</span> <span class='ocrx_word' id='word_1_218' title='bbox 1751 1746 1828 1805; x_wconf 93' lang='lat' dir='ltr'>debi-</span> 
     </span>
     <span class='ocr_line' id='line_1_18' title="bbox 153 1836 1828 1921; baseline 0 -20"><span class='ocrx_word' id='word_1_219' title='bbox 153 1860 210 1901; x_wconf 85' lang='lat' dir='ltr'>sua</span> <span class='ocrx_word' id='word_1_220' title='bbox 229 1842 369 1921; x_wconf 88' lang='lat' dir='ltr'>scriptam</span> <span class='ocrx_word' id='word_1_221' title='bbox 388 1838 515 1917; x_wconf 79' lang='lat' dir='ltr'>Legatis</span> <span class='ocrx_word' id='word_1_222' title='bbox 535 1838 602 1899; x_wconf 81' lang='lat' dir='ltr'>Rex</span> <span class='ocrx_word' id='word_1_223' title='bbox 622 1838 773 1921; x_wconf 81' lang='lat' dir='ltr'>pellicitus</span> <span class='ocrx_word' id='word_1_224' title='bbox 792 1836 904 1912; x_wconf 86' lang='lat' dir='ltr'>luerat,</span> <span class='ocrx_word' id='word_1_225' title='bbox 924 1856 961 1896; x_wconf 86' lang='lat' dir='ltr'>ea</span> <span class='ocrx_word' id='word_1_226' title='bbox 1016 1846 1077 1901; x_wconf 84' lang='lat' dir='ltr'>tum</span> <span class='ocrx_word' id='word_1_227' title='bbox 1098 1860 1185 1900; x_wconf 88' lang='lat' dir='ltr'>earne</span> <span class='ocrx_word' id='word_1_228' title='bbox 1204 1838 1348 1910; x_wconf 82' lang='lat' dir='ltr'>cilicium,</span> <span class='ocrx_word' id='word_1_229' title='bbox 1368 1840 1395 1899; x_wconf 85' lang='lat' dir='ltr'>si</span> <span class='ocrx_word' id='word_1_230' title='bbox 1415 1856 1545 1898; x_wconf 84' lang='lat' dir='ltr'>necesse</span> <span class='ocrx_word' id='word_1_231' title='bbox 1565 1836 1740 1909; x_wconf 65' lang='lat' dir='ltr'>fuissetne</span> <span class='ocrx_word' id='word_1_232' title='bbox 1759 1844 1828 1901; x_wconf 87' lang='lat' dir='ltr'>lem·</span> 
     </span>
     <span class='ocr_line' id='line_1_19' title="bbox 153 1929 1422 2017; baseline 0 -24"><span class='ocrx_word' id='word_1_233' title='bbox 153 1932 214 1993; x_wconf 92' lang='grc' dir='ltr'>ιιι</span> <span class='ocrx_word' id='word_1_234' title='bbox 206 1934 283 2017; x_wconf 85' lang='lat' dir='ltr'>rpsis</span> <span class='ocrx_word' id='word_1_235' title='bbox 302 1930 483 2003; x_wconf 78' lang='lat' dir='ltr'>traderetur:</span> <span class='ocrx_word' id='word_1_236' title='bbox 503 1932 550 1991; x_wconf 89' lang='lat' dir='ltr'>sie</span> <span class='ocrx_word' id='word_1_237' title='bbox 569 1952 639 1993; x_wconf 84' lang='lat' dir='ltr'>rere</span> <span class='ocrx_word' id='word_1_238' title='bbox 654 1932 766 2012; x_wconf 87' lang='lat' dir='ltr'>reliqua</span> <span class='ocrx_word' id='word_1_239' title='bbox 779 1929 960 1990; x_wconf 87' lang='lat' dir='ltr'>discuteren·</span> <span class='ocrx_word' id='word_1_240' title='bbox 1017 1952 1089 2011; x_wconf 88' lang='lat' dir='ltr'>pere</span> <span class='ocrx_word' id='word_1_241' title='bbox 1107 1937 1193 1993; x_wconf 84' lang='lat' dir='ltr'>esset</span> <span class='ocrx_word' id='word_1_242' title='bbox 1214 1934 1422 2010; x_wconf 84' lang='lat' dir='ltr'>praestiturus.</span> 
     </span>
     <span class='ocr_line' id='line_1_20' title="bbox 152 2020 1828 2111; baseline 0.001 -26"><span class='ocrx_word' id='word_1_243' title='bbox 152 2028 210 2095; x_wconf 88' lang='lat' dir='ltr'>tur,</span> <span class='ocrx_word' id='word_1_244' title='bbox 228 2032 261 2085; x_wconf 93' lang='lat' dir='ltr'>ut</span> <span class='ocrx_word' id='word_1_245' title='bbox 280 2025 338 2087; x_wconf 91' lang='lat' dir='ltr'>boc</span> <span class='ocrx_word' id='word_1_246' title='bbox 358 2024 538 2103; x_wconf 80' lang='lat' dir='ltr'>rigidissimo</span> <span class='ocrx_word' id='word_1_247' title='bbox 556 2031 688 2105; x_wconf 85' lang='lat' dir='ltr'>tempore</span> <span class='ocrx_word' id='word_1_248' title='bbox 707 2025 781 2084; x_wconf 89' lang='lat' dir='ltr'>tanti</span> <span class='ocrx_word' id='word_1_249' title='bbox 800 2024 872 2083; x_wconf 94' lang='lat' dir='ltr'>boni</span> <span class='ocrx_word' id='word_1_250' title='bbox 892 2042 962 2083; x_wconf 88' lang='lat' dir='ltr'>con·</span> <span class='ocrx_word' id='word_1_251' title='bbox 985 2084 990 2111; x_wconf 75' lang='grc' dir='ltr'>Ι</span> <span class='ocrx_word' id='word_1_252' title='bbox 1094 2022 1170 2085; x_wconf 85' lang='lat' dir='ltr'>Tum</span> <span class='ocrx_word' id='word_1_253' title='bbox 1197 2027 1400 2105; x_wconf 87' lang='lat' dir='ltr'>pacatioribus</span> <span class='ocrx_word' id='word_1_254' title='bbox 1425 2024 1536 2086; x_wconf 84' lang='lat' dir='ltr'>animis</span> <span class='ocrx_word' id='word_1_255' title='bbox 1556 2020 1597 2085; x_wconf 89' lang='lat' dir='ltr'>ad</span> <span class='ocrx_word' id='word_1_256' title='bbox 1622 2044 1690 2085; x_wconf 85' lang='lat' dir='ltr'>rem</span> <span class='ocrx_word' id='word_1_257' title='bbox 1709 2030 1828 2087; x_wconf 86' lang='lat' dir='ltr'>rentum</span> 
     </span>
     <span class='ocr_line' id='line_1_21' title="bbox 155 2114 1831 2205; baseline 0.001 -28"><span class='ocrx_word' id='word_1_258' title='bbox 155 2118 245 2179; x_wconf 85' lang='lat' dir='ltr'>lectio</span> <span class='ocrx_word' id='word_1_259' title='bbox 265 2118 344 2179; x_wconf 81' lang='lat' dir='ltr'>nulle</span> <span class='ocrx_word' id='word_1_260' title='bbox 365 2120 556 2178; x_wconf 76' lang='lat' dir='ltr'>cunctatione</span> <span class='ocrx_word' id='word_1_261' title='bbox 576 2118 828 2178; x_wconf 78' lang='lat' dir='ltr'>interturbaretur.</span> <span class='ocrx_word' id='word_1_262' title='bbox 859 2114 961 2176; x_wconf 89' lang='lat' dir='ltr'>lllcanr</span> <span class='ocrx_word' id='word_1_263' title='bbox 985 2114 990 2205; x_wconf 65' lang='lat' dir='ltr'>i</span> <span class='ocrx_word' id='word_1_264' title='bbox 1017 2122 1080 2188; x_wconf 88' lang='lat' dir='ltr'>est,</span> <span class='ocrx_word' id='word_1_265' title='bbox 1112 2120 1200 2199; x_wconf 87' lang='lat' dir='ltr'>cujus</span> <span class='ocrx_word' id='word_1_266' title='bbox 1234 2138 1272 2177; x_wconf 88' lang='lat' dir='ltr'>ca</span> <span class='ocrx_word' id='word_1_267' title='bbox 1303 2138 1416 2178; x_wconf 85' lang='lat' dir='ltr'>summa</span> <span class='ocrx_word' id='word_1_268' title='bbox 1448 2117 1521 2189; x_wconf 90' lang='lat' dir='ltr'>luit,</span> <span class='ocrx_word' id='word_1_269' title='bbox 1552 2116 1690 2196; x_wconf 72' lang='lat' dir='ltr'>Legatos</span> <span class='ocrx_word' id='word_1_270' title='bbox 1715 2116 1831 2199; x_wconf 76' lang='lat' dir='ltr'>Regios</span> 
     </span>
     <span class='ocr_line' id='line_1_22' title="bbox 155 2208 1830 2293; baseline -0.001 -23"><span class='ocrx_word' id='word_1_271' title='bbox 155 2210 241 2271; x_wconf 87' lang='lat' dir='ltr'>tidem</span> <span class='ocrx_word' id='word_1_272' title='bbox 263 2212 379 2293; x_wconf 89' lang='lat' dir='ltr'>probari</span> <span class='ocrx_word' id='word_1_273' title='bbox 401 2209 439 2271; x_wconf 88' lang='lat' dir='ltr'>V.</span> <span class='ocrx_word' id='word_1_274' title='bbox 462 2210 586 2291; x_wconf 81' lang='lat' dir='ltr'>diagnii.</span> <span class='ocrx_word' id='word_1_275' title='bbox 614 2212 660 2271; x_wconf 89' lang='lat' dir='ltr'>sic</span> <span class='ocrx_word' id='word_1_276' title='bbox 680 2209 813 2289; x_wconf 85' lang='lat' dir='ltr'>gaudeo,</span> <span class='ocrx_word' id='word_1_277' title='bbox 838 2214 872 2270; x_wconf 91' lang='lat' dir='ltr'>ut</span> <span class='ocrx_word' id='word_1_278' title='bbox 893 2229 960 2290; x_wconf 91' lang='lat' dir='ltr'>spe·</span> <span class='ocrx_word' id='word_1_279' title='bbox 984 2212 989 2283; x_wconf 94' lang='grc' dir='ltr'>Ι</span> <span class='ocrx_word' id='word_1_280' title='bbox 1017 2212 1124 2281; x_wconf 90' lang='lat' dir='ltr'>unica,</span> <span class='ocrx_word' id='word_1_281' title='bbox 1154 2216 1185 2270; x_wconf 90' lang='lat' dir='ltr'>et</span> <span class='ocrx_word' id='word_1_282' title='bbox 1210 2216 1340 2270; x_wconf 82' lang='lat' dir='ltr'>extrema</span> <span class='ocrx_word' id='word_1_283' title='bbox 1361 2210 1565 2291; x_wconf 82' lang='lat' dir='ltr'>propositione</span> <span class='ocrx_word' id='word_1_284' title='bbox 1591 2210 1640 2285; x_wconf 86' lang='lat' dir='ltr'>(ut</span> <span class='ocrx_word' id='word_1_285' title='bbox 1661 2208 1763 2271; x_wconf 74' lang='lat' dir='ltr'>blnsci</span> <span class='ocrx_word' id='word_1_286' title='bbox 1783 2233 1830 2273; x_wconf 90' lang='lat' dir='ltr'>co-</span> 
     </span>
     <span class='ocr_line' id='line_1_23' title="bbox 156 2300 1830 2387; baseline 0.001 -24"><span class='ocrx_word' id='word_1_287' title='bbox 156 2322 234 2373; x_wconf 92' lang='lat' dir='ltr'>renr,</span> <span class='ocrx_word' id='word_1_288' title='bbox 260 2324 407 2383; x_wconf 86' lang='lat' dir='ltr'>nunqunnr</span> <span class='ocrx_word' id='word_1_289' title='bbox 428 2304 470 2363; x_wconf 91' lang='lat' dir='ltr'>illi</span> <span class='ocrx_word' id='word_1_290' title='bbox 488 2308 558 2387; x_wconf 91' lang='lat' dir='ltr'>jnre</span> <span class='ocrx_word' id='word_1_291' title='bbox 581 2304 774 2383; x_wconf 87' lang='lat' dir='ltr'>improbatum</span> <span class='ocrx_word' id='word_1_292' title='bbox 794 2303 840 2361; x_wconf 93' lang='lat' dir='ltr'>iri.</span> <span class='ocrx_word' id='word_1_293' title='bbox 867 2301 962 2362; x_wconf 86' lang='lat' dir='ltr'>Jesus</span> <span class='ocrx_word' id='word_1_294' title='bbox 1017 2308 1214 2383; x_wconf 77' lang='lat' dir='ltr'>gnosccrcnt,</span> <span class='ocrx_word' id='word_1_295' title='bbox 1247 2309 1431 2382; x_wconf 80' lang='lat' dir='ltr'>quantopere</span> <span class='ocrx_word' id='word_1_296' title='bbox 1455 2324 1474 2362; x_wconf 87' lang='lat' dir='ltr'>a</span> <span class='ocrx_word' id='word_1_297' title='bbox 1500 2300 1657 2362; x_wconf 79' lang='lat' dir='ltr'>tundendo</span> <span class='ocrx_word' id='word_1_298' title='bbox 1684 2308 1830 2383; x_wconf 75' lang='lat' dir='ltr'>sanguine</span> 
     </span>
     <span class='ocr_line' id='line_1_24' title="bbox 157 2394 1829 2503; baseline 0.002 -50"><span class='ocrx_word' id='word_1_299' title='bbox 157 2394 318 2471; x_wconf 81' lang='lat' dir='ltr'>dexteram,</span> <span class='ocrx_word' id='word_1_300' title='bbox 339 2406 370 2455; x_wconf 90' lang='lat' dir='ltr'>et</span> <span class='ocrx_word' id='word_1_301' title='bbox 391 2416 443 2455; x_wconf 91' lang='lat' dir='ltr'>cor</span> <span class='ocrx_word' id='word_1_302' title='bbox 454 2396 492 2455; x_wconf 86' lang='lat' dir='ltr'>V.</span> <span class='ocrx_word' id='word_1_303' title='bbox 514 2396 638 2475; x_wconf 73' lang='lat' dir='ltr'>Magnis.</span> <span class='ocrx_word' id='word_1_304' title='bbox 661 2394 883 2455; x_wconf 86' lang='lat' dir='ltr'>illustrissimae</span> <span class='ocrx_word' id='word_1_305' title='bbox 896 2414 961 2455; x_wconf 89' lang='lat' dir='ltr'>ccc·</span> <span class='ocrx_word' id='word_1_306' title='bbox 986 2438 990 2503; x_wconf 91' lang='grc' dir='ltr'>Ι</span> <span class='ocrx_word' id='word_1_307' title='bbox 1018 2394 1086 2457; x_wconf 85' lang='lat' dir='ltr'>Rex</span> <span class='ocrx_word' id='word_1_308' title='bbox 1107 2394 1289 2468; x_wconf 85' lang='lat' dir='ltr'>alrborrerct)</span> <span class='ocrx_word' id='word_1_309' title='bbox 1311 2416 1328 2455; x_wconf 91' lang='lat' dir='ltr'>e</span> <span class='ocrx_word' id='word_1_310' title='bbox 1348 2401 1474 2474; x_wconf 83' lang='lat' dir='ltr'>quatuor</span> <span class='ocrx_word' id='word_1_311' title='bbox 1492 2394 1622 2465; x_wconf 86' lang='lat' dir='ltr'>arcibus,</span> <span class='ocrx_word' id='word_1_312' title='bbox 1641 2416 1722 2477; x_wconf 86' lang='lat' dir='ltr'>quae</span> <span class='ocrx_word' id='word_1_313' title='bbox 1742 2418 1829 2479; x_wconf 81' lang='lat' dir='ltr'>supe</span> 
     </span>
     <span class='ocr_line' id='line_1_25' title="bbox 158 2485 1830 2569; baseline 0.002 -22"><span class='ocrx_word' id='word_1_314' title='bbox 158 2486 227 2547; x_wconf 84' lang='lat' dir='ltr'>lesti</span> <span class='ocrx_word' id='word_1_315' title='bbox 252 2487 402 2569; x_wconf 82' lang='lat' dir='ltr'>praesidio</span> <span class='ocrx_word' id='word_1_316' title='bbox 422 2488 541 2548; x_wconf 88' lang='lat' dir='ltr'>muniat.</span> <span class='ocrx_word' id='word_1_317' title='bbox 581 2486 630 2548; x_wconf 83' lang='lat' dir='ltr'>Ex</span> <span class='ocrx_word' id='word_1_318' title='bbox 657 2486 827 2548; x_wconf 81' lang='lat' dir='ltr'>Cbirerora</span> <span class='ocrx_word' id='word_1_319' title='bbox 850 2486 961 2558; x_wconf 82' lang='lat' dir='ltr'>Hercu,</span> <span class='ocrx_word' id='word_1_320' title='bbox 1019 2491 1096 2550; x_wconf 91' lang='lat' dir='ltr'>riore</span> <span class='ocrx_word' id='word_1_321' title='bbox 1115 2490 1236 2549; x_wconf 90' lang='lat' dir='ltr'>biennio</span> <span class='ocrx_word' id='word_1_322' title='bbox 1256 2488 1295 2547; x_wconf 91' lang='lat' dir='ltr'>de</span> <span class='ocrx_word' id='word_1_323' title='bbox 1315 2486 1422 2548; x_wconf 86' lang='lat' dir='ltr'>blosco</span> <span class='ocrx_word' id='word_1_324' title='bbox 1449 2485 1567 2547; x_wconf 79' lang='lat' dir='ltr'>fucrant</span> <span class='ocrx_word' id='word_1_325' title='bbox 1585 2494 1713 2569; x_wconf 81' lang='lat' dir='ltr'>captae,</span> <span class='ocrx_word' id='word_1_326' title='bbox 1741 2510 1830 2551; x_wconf 89' lang='lat' dir='ltr'>unam</span> 
     </span>
     <span class='ocr_line' id='line_1_26' title="bbox 159 2577 1832 2663; baseline 0.002 -24"><span class='ocrx_word' id='word_1_327' title='bbox 159 2578 210 2639; x_wconf 93' lang='lat' dir='ltr'>die</span> <span class='ocrx_word' id='word_1_328' title='bbox 228 2582 268 2637; x_wconf 69' lang='grc' dir='ltr'>ιιι</span> <span class='ocrx_word' id='word_1_329' title='bbox 287 2580 474 2651; x_wconf 83' lang='lat' dir='ltr'>Decembris,</span> <span class='ocrx_word' id='word_1_330' title='bbox 494 2586 582 2641; x_wconf 90' lang='lat' dir='ltr'>nocte</span> <span class='ocrx_word' id='word_1_331' title='bbox 603 2577 688 2641; x_wconf 73' lang='lat'>1581.</span> <span class='ocrx_word' id='word_1_332' title='bbox 1019 2582 1135 2655; x_wconf 90' lang='lat' dir='ltr'>adbuc,</span> <span class='ocrx_word' id='word_1_333' title='bbox 1162 2601 1247 2663; x_wconf 86' lang='lat' dir='ltr'>quarn</span> <span class='ocrx_word' id='word_1_334' title='bbox 1263 2578 1436 2662; x_wconf 86' lang='lat' dir='ltr'>judicasset</span> <span class='ocrx_word' id='word_1_335' title='bbox 1455 2580 1619 2649; x_wconf 81' lang='lat' dir='ltr'>Antonius,</span> <span class='ocrx_word' id='word_1_336' title='bbox 1643 2598 1721 2641; x_wconf 86' lang='lat' dir='ltr'>sese</span> <span class='ocrx_word' id='word_1_337' title='bbox 1741 2584 1832 2645; x_wconf 86' lang='lat' dir='ltr'>tradi·</span> 
     </span>
     <span class='ocr_line' id='line_1_27' title="bbox 236 2670 1834 2751; baseline 0.002 -18"><span class='ocrx_word' id='word_1_338' title='bbox 236 2672 330 2733; x_wconf 85' lang='lat' dir='ltr'>Porro</span> <span class='ocrx_word' id='word_1_339' title='bbox 355 2676 470 2735; x_wconf 78' lang='lat' dir='ltr'>evocati</span> <span class='ocrx_word' id='word_1_340' title='bbox 494 2672 534 2733; x_wconf 89' lang='lat' dir='ltr'>ad</span> <span class='ocrx_word' id='word_1_341' title='bbox 564 2676 743 2733; x_wconf 81' lang='lat' dir='ltr'>conventura</span> <span class='ocrx_word' id='word_1_342' title='bbox 763 2670 877 2743; x_wconf 81' lang='lat' dir='ltr'>blosci,</span> <span class='ocrx_word' id='word_1_343' title='bbox 901 2691 965 2751; x_wconf 76' lang='lat' dir='ltr'>grn-</span> <span class='ocrx_word' id='word_1_344' title='bbox 1020 2680 1118 2749; x_wconf 82' lang='lat' dir='ltr'>turos3</span> <span class='ocrx_word' id='word_1_345' title='bbox 1145 2674 1215 2735; x_wconf 87' lang='lat' dir='ltr'>dura</span> <span class='ocrx_word' id='word_1_346' title='bbox 1234 2672 1276 2731; x_wconf 92' lang='lat' dir='ltr'>illi</span> <span class='ocrx_word' id='word_1_347' title='bbox 1296 2682 1362 2733; x_wconf 86' lang='lat' dir='ltr'>tota</span> <span class='ocrx_word' id='word_1_348' title='bbox 1381 2671 1506 2733; x_wconf 84' lang='lat' dir='ltr'>Lirenia</span> <span class='ocrx_word' id='word_1_349' title='bbox 1524 2670 1680 2741; x_wconf 81' lang='lat' dir='ltr'>cederent,</span> <span class='ocrx_word' id='word_1_350' title='bbox 1701 2672 1834 2736; x_wconf 76' lang='lat' dir='ltr'>Sebics</span> 
     </span>
     <span class='ocr_line' id='line_1_28' title="bbox 159 2762 1832 2847; baseline 0.001 -20"><span class='ocrx_word' id='word_1_351' title='bbox 159 2766 283 2827; x_wconf 75' lang='lat' dir='ltr'>sissimo</span> <span class='ocrx_word' id='word_1_352' title='bbox 314 2768 471 2847; x_wconf 83' lang='lat' dir='ltr'>conquesti</span> <span class='ocrx_word' id='word_1_353' title='bbox 499 2772 570 2825; x_wconf 85' lang='lat' dir='ltr'>sunt</span> <span class='ocrx_word' id='word_1_354' title='bbox 600 2764 646 2841; x_wconf 88' lang='lat' dir='ltr'>(id</span> <span class='ocrx_word' id='word_1_355' title='bbox 673 2764 752 2845; x_wconf 91' lang='lat' dir='ltr'>quod</span> <span class='ocrx_word' id='word_1_356' title='bbox 776 2785 871 2847; x_wconf 88' lang='lat' dir='ltr'>saepe</span> <span class='ocrx_word' id='word_1_357' title='bbox 897 2765 966 2825; x_wconf 88' lang='lat' dir='ltr'>aliis</span> <span class='ocrx_word' id='word_1_358' title='bbox 1020 2784 1268 2847; x_wconf 85' lang='lat' dir='ltr'>auraquearcern,</span> <span class='ocrx_word' id='word_1_359' title='bbox 1288 2764 1430 2825; x_wconf 88' lang='lat' dir='ltr'>Polociae</span> <span class='ocrx_word' id='word_1_360' title='bbox 1443 2764 1638 2846; x_wconf 74' lang='lat' dir='ltr'>propinquam,</span> <span class='ocrx_word' id='word_1_361' title='bbox 1658 2762 1832 2830; x_wconf 88' lang='lat' dir='ltr'>traderent.</span> 
     </span>
     <span class='ocr_line' id='line_1_29' title="bbox 159 2854 1834 2941; baseline 0.001 -24"><span class='ocrx_word' id='word_1_362' title='bbox 159 2880 278 2939; x_wconf 88' lang='lat' dir='ltr'>quoque</span> <span class='ocrx_word' id='word_1_363' title='bbox 304 2860 334 2919; x_wconf 95' lang='lat' dir='ltr'>in</span> <span class='ocrx_word' id='word_1_364' title='bbox 360 2862 451 2921; x_wconf 85' lang='lat' dir='ltr'>rebus</span> <span class='ocrx_word' id='word_1_365' title='bbox 477 2859 605 2937; x_wconf 83' lang='lat' dir='ltr'>lecerat)</span> <span class='ocrx_word' id='word_1_366' title='bbox 630 2858 709 2939; x_wconf 90' lang='lat' dir='ltr'>quod</span> <span class='ocrx_word' id='word_1_367' title='bbox 734 2859 764 2917; x_wconf 92' lang='lat' dir='ltr'>in</span> <span class='ocrx_word' id='word_1_368' title='bbox 789 2859 858 2941; x_wconf 86' lang='lat' dir='ltr'>ipsa</span> <span class='ocrx_word' id='word_1_369' title='bbox 882 2859 966 2936; x_wconf 88' lang='lat' dir='ltr'>pacis</span> <span class='ocrx_word' id='word_1_370' title='bbox 1022 2858 1078 2922; x_wconf 76' lang='lat' dir='ltr'>cut</span> <span class='ocrx_word' id='word_1_371' title='bbox 1108 2859 1147 2919; x_wconf 91' lang='lat' dir='ltr'>de</span> <span class='ocrx_word' id='word_1_372' title='bbox 1168 2858 1316 2919; x_wconf 86' lang='lat' dir='ltr'>Scbicsao</span> <span class='ocrx_word' id='word_1_373' title='bbox 1335 2858 1470 2941; x_wconf 84' lang='lat' dir='ltr'>petitioni</span> <span class='ocrx_word' id='word_1_374' title='bbox 1494 2876 1559 2919; x_wconf 85' lang='grc' dir='ltr'>ιιι</span> <span class='ocrx_word' id='word_1_375' title='bbox 1582 2876 1619 2917; x_wconf 87' lang='lat' dir='ltr'>ae</span> <span class='ocrx_word' id='word_1_376' title='bbox 1642 2854 1751 2917; x_wconf 77' lang='lat' dir='ltr'>blnsci</span> <span class='ocrx_word' id='word_1_377' title='bbox 1773 2880 1834 2919; x_wconf 90' lang='lat' dir='ltr'>uon</span> 
     </span>
     <span class='ocr_line' id='line_1_30' title="bbox 159 2948 1833 3034; baseline 0.001 -23"><span class='ocrx_word' id='word_1_378' title='bbox 159 2954 336 3013; x_wconf 74' lang='lat' dir='ltr'>tractatione</span> <span class='ocrx_word' id='word_1_379' title='bbox 369 2962 509 3033; x_wconf 79' lang='lat' dir='ltr'>tanquam</span> <span class='ocrx_word' id='word_1_380' title='bbox 546 2954 658 3034; x_wconf 75' lang='lat' dir='ltr'>captivi</span> <span class='ocrx_word' id='word_1_381' title='bbox 683 2957 867 3025; x_wconf 77' lang='lat' dir='ltr'>tenerentur:</span> <span class='ocrx_word' id='word_1_382' title='bbox 898 2971 965 3010; x_wconf 88' lang='lat' dir='ltr'>san-</span> <span class='ocrx_word' id='word_1_383' title='bbox 1022 2972 1205 3013; x_wconf 88' lang='lat' dir='ltr'>assensuros</span> <span class='ocrx_word' id='word_1_384' title='bbox 1226 2950 1375 3023; x_wconf 78' lang='lat' dir='ltr'>dicerent,</span> <span class='ocrx_word' id='word_1_385' title='bbox 1402 2948 1482 3031; x_wconf 85' lang='lat' dir='ltr'>quod</span> <span class='ocrx_word' id='word_1_386' title='bbox 1501 2970 1553 3013; x_wconf 79' lang='lat' dir='ltr'>ara</span> <span class='ocrx_word' id='word_1_387' title='bbox 1571 2970 1611 3011; x_wconf 89' lang='lat' dir='ltr'>ea</span> <span class='ocrx_word' id='word_1_388' title='bbox 1629 2970 1692 3010; x_wconf 91' lang='lat' dir='ltr'>uon</span> <span class='ocrx_word' id='word_1_389' title='bbox 1714 2958 1833 3033; x_wconf 87' lang='lat' dir='ltr'>speeta-</span> 
     </span>
     <span class='ocr_line' id='line_1_31' title="bbox 160 3042 1833 3125; baseline 0.002 -22"><span class='ocrx_word' id='word_1_390' title='bbox 160 3046 229 3123; x_wconf 70' lang='lat' dir='ltr'>puis</span> <span class='ocrx_word' id='word_1_391' title='bbox 250 3046 364 3124; x_wconf 84' lang='lat' dir='ltr'>Jrnssirn</span> <span class='ocrx_word' id='word_1_392' title='bbox 385 3044 570 3117; x_wconf 84' lang='lat' dir='ltr'>lurrderetur3</span> <span class='ocrx_word' id='word_1_393' title='bbox 590 3046 648 3105; x_wconf 87' lang='lat' dir='ltr'>sibi</span> <span class='ocrx_word' id='word_1_394' title='bbox 663 3046 751 3119; x_wconf 86' lang='lat' dir='ltr'>bona,</span> <span class='ocrx_word' id='word_1_395' title='bbox 771 3043 967 3123; x_wconf 74' lang='lat' dir='ltr'>hominesque</span> <span class='ocrx_word' id='word_1_396' title='bbox 1024 3056 1069 3106; x_wconf 89' lang='lat' dir='ltr'>ret</span> <span class='ocrx_word' id='word_1_397' title='bbox 1088 3044 1126 3106; x_wconf 89' lang='lat' dir='ltr'>nd</span> <span class='ocrx_word' id='word_1_398' title='bbox 1144 3044 1316 3104; x_wconf 83' lang='lat' dir='ltr'>Lirouianr:</span> <span class='ocrx_word' id='word_1_399' title='bbox 1337 3064 1463 3125; x_wconf 89' lang='lat' dir='ltr'>cumque</span> <span class='ocrx_word' id='word_1_400' title='bbox 1482 3062 1589 3105; x_wconf 82' lang='lat' dir='ltr'>omnes</span> <span class='ocrx_word' id='word_1_401' title='bbox 1608 3062 1698 3105; x_wconf 78' lang='grc' dir='ltr'>ιιοιιιι</span> <span class='ocrx_word' id='word_1_402' title='bbox 1717 3064 1737 3105; x_wconf 87' lang='lat' dir='ltr'>a</span> <span class='ocrx_word' id='word_1_403' title='bbox 1749 3042 1833 3123; x_wconf 80' lang='lat' dir='ltr'>[lege</span> 
     </span>
     <span class='ocr_line' id='line_1_32' title="bbox 162 3134 1832 3219; baseline 0 -23"><span class='ocrx_word' id='word_1_404' title='bbox 162 3143 349 3217; x_wconf 83' lang='lat' dir='ltr'>raperentur:</span> <span class='ocrx_word' id='word_1_405' title='bbox 374 3136 514 3217; x_wconf 87' lang='lat' dir='ltr'>quodque</span> <span class='ocrx_word' id='word_1_406' title='bbox 540 3138 641 3216; x_wconf 80' lang='lat' dir='ltr'>blagni</span> <span class='ocrx_word' id='word_1_407' title='bbox 662 3136 758 3196; x_wconf 86' lang='lat' dir='ltr'>Ducis</span> <span class='ocrx_word' id='word_1_408' title='bbox 785 3135 968 3209; x_wconf 84' lang='lat' dir='ltr'>tabellarius,</span> <span class='ocrx_word' id='word_1_409' title='bbox 1025 3144 1129 3219; x_wconf 79' lang='lat' dir='ltr'>captas</span> <span class='ocrx_word' id='word_1_410' title='bbox 1155 3142 1341 3219; x_wconf 86' lang='lat' dir='ltr'>repeterent,</span> <span class='ocrx_word' id='word_1_411' title='bbox 1369 3156 1407 3198; x_wconf 91' lang='lat' dir='ltr'>ac</span> <span class='ocrx_word' id='word_1_412' title='bbox 1432 3156 1470 3197; x_wconf 88' lang='lat' dir='ltr'>se</span> <span class='ocrx_word' id='word_1_413' title='bbox 1488 3134 1610 3217; x_wconf 86' lang='lat' dir='ltr'>quidem</span> <span class='ocrx_word' id='word_1_414' title='bbox 1637 3138 1725 3197; x_wconf 76' lang='lat' dir='ltr'>eliam</span> <span class='ocrx_word' id='word_1_415' title='bbox 1745 3158 1832 3199; x_wconf 84' lang='lat' dir='ltr'>unam</span> 
     </span>
     <span class='ocr_line' id='line_1_33' title="bbox 161 3228 1833 3311; baseline 0.001 -22"><span class='ocrx_word' id='word_1_416' title='bbox 161 3230 211 3309; x_wconf 87' lang='lat' dir='ltr'>qui</span> <span class='ocrx_word' id='word_1_417' title='bbox 233 3228 348 3290; x_wconf 85' lang='lat' dir='ltr'>litteras</span> <span class='ocrx_word' id='word_1_418' title='bbox 366 3228 406 3291; x_wconf 90' lang='lat' dir='ltr'>ad</span> <span class='ocrx_word' id='word_1_419' title='bbox 427 3230 603 3304; x_wconf 82' lang='lat' dir='ltr'>Antonium,</span> <span class='ocrx_word' id='word_1_420' title='bbox 624 3228 711 3289; x_wconf 86' lang='lat' dir='ltr'>etad</span> <span class='ocrx_word' id='word_1_421' title='bbox 732 3248 788 3288; x_wconf 89' lang='lat' dir='ltr'>eos</span> <span class='ocrx_word' id='word_1_422' title='bbox 807 3228 968 3296; x_wconf 78' lang='lat' dir='ltr'>attulisset,</span> <span class='ocrx_word' id='word_1_423' title='bbox 1023 3232 1110 3291; x_wconf 81' lang='lat' dir='ltr'>aliam</span> <span class='ocrx_word' id='word_1_424' title='bbox 1129 3231 1274 3292; x_wconf 73' lang='lat' dir='ltr'>Lir&#39;oniac</span> <span class='ocrx_word' id='word_1_425' title='bbox 1295 3250 1393 3291; x_wconf 83' lang='lat' dir='ltr'>arcem</span> <span class='ocrx_word' id='word_1_426' title='bbox 1415 3228 1572 3290; x_wconf 85' lang='lat' dir='ltr'>additurus</span> <span class='ocrx_word' id='word_1_427' title='bbox 1592 3228 1737 3301; x_wconf 88' lang='lat' dir='ltr'>dicerent,</span> <span class='ocrx_word' id='word_1_428' title='bbox 1756 3250 1833 3311; x_wconf 83' lang='lat' dir='ltr'>quae</span> 
     </span>
     <span class='ocr_line' id='line_1_34' title="bbox 162 3320 1834 3405; baseline 0.001 -23"><span class='ocrx_word' id='word_1_429' title='bbox 162 3326 192 3382; x_wconf 88' lang='lat' dir='ltr'>in</span> <span class='ocrx_word' id='word_1_430' title='bbox 212 3328 312 3383; x_wconf 82' lang='lat' dir='ltr'>eastra</span> <span class='ocrx_word' id='word_1_431' title='bbox 332 3322 455 3382; x_wconf 86' lang='lat' dir='ltr'>doctus:</span> <span class='ocrx_word' id='word_1_432' title='bbox 477 3326 544 3405; x_wconf 76' lang='lat' dir='ltr'>ejus</span> <span class='ocrx_word' id='word_1_433' title='bbox 527 3344 636 3384; x_wconf 76' lang='lat' dir='ltr'>suero</span> <span class='ocrx_word' id='word_1_434' title='bbox 656 3323 780 3381; x_wconf 84' lang='lat' dir='ltr'>comites</span> <span class='ocrx_word' id='word_1_435' title='bbox 792 3322 907 3402; x_wconf 83' lang='lat' dir='ltr'>passim</span> <span class='ocrx_word' id='word_1_436' title='bbox 927 3322 968 3378; x_wconf 92' lang='lat' dir='ltr'>in·</span> <span class='ocrx_word' id='word_1_437' title='bbox 1024 3324 1098 3385; x_wconf 84' lang='lat' dir='ltr'>Lais</span> <span class='ocrx_word' id='word_1_438' title='bbox 1118 3332 1288 3385; x_wconf 78' lang='lat' dir='ltr'>noceretur:</span> <span class='ocrx_word' id='word_1_439' title='bbox 1314 3322 1403 3401; x_wconf 78' lang='lat' dir='ltr'>Regii</span> <span class='ocrx_word' id='word_1_440' title='bbox 1430 3342 1496 3383; x_wconf 87' lang='lat' dir='ltr'>cara</span> <span class='ocrx_word' id='word_1_441' title='bbox 1522 3322 1552 3381; x_wconf 93' lang='lat' dir='ltr'>in</span> <span class='ocrx_word' id='word_1_442' title='bbox 1580 3320 1724 3385; x_wconf 83' lang='lat' dir='ltr'>manibus</span> <span class='ocrx_word' id='word_1_443' title='bbox 1743 3324 1834 3385; x_wconf 88' lang='lat' dir='ltr'>Sneci</span> 
     </span>
     <span class='ocr_line' id='line_1_35' title="bbox 161 3412 1834 3495; baseline 0.004 -22"><span class='ocrx_word' id='word_1_444' title='bbox 161 3412 294 3487; x_wconf 76' lang='lat' dir='ltr'>terfecti,</span> <span class='ocrx_word' id='word_1_445' title='bbox 321 3416 435 3475; x_wconf 86' lang='lat' dir='ltr'>itineris</span> <span class='ocrx_word' id='word_1_446' title='bbox 454 3422 553 3475; x_wconf 76' lang='lat' dir='ltr'>autent</span> <span class='ocrx_word' id='word_1_447' title='bbox 573 3414 705 3475; x_wconf 88' lang='lat' dir='ltr'>ductoris</span> <span class='ocrx_word' id='word_1_448' title='bbox 724 3434 840 3483; x_wconf 92' lang='lat' dir='ltr'>eorunr,</span> <span class='ocrx_word' id='word_1_449' title='bbox 866 3413 967 3472; x_wconf 88' lang='lat' dir='ltr'>rustici</span> <span class='ocrx_word' id='word_1_450' title='bbox 1024 3438 1096 3479; x_wconf 88' lang='lat' dir='ltr'>esse</span> <span class='ocrx_word' id='word_1_451' title='bbox 1108 3422 1292 3489; x_wconf 85' lang='lat' dir='ltr'>asserentes</span> <span class='ocrx_word' id='word_1_452' title='bbox 1306 3418 1447 3477; x_wconf 84' lang='lat' dir='ltr'>ncrcrbo</span> <span class='ocrx_word' id='word_1_453' title='bbox 1457 3412 1579 3495; x_wconf 85' lang='lat' dir='ltr'>quidem</span> <span class='ocrx_word' id='word_1_454' title='bbox 1588 3414 1695 3477; x_wconf 87' lang='lat' dir='ltr'>addrto</span> <span class='ocrx_word' id='word_1_455' title='bbox 1696 3436 1834 3495; x_wconf 74' lang='lat' dir='ltr'>,·surgen</span> 
     </span>
    </p>
   </div>
   <div class='ocr_carea' id='block_1_3' title="bbox 155 3504 1834 3679">
    <p class='ocr_par' dir='ltr' id='par_1_3' title="bbox 155 3504 1834 3679">
     <span class='ocr_line' id='line_1_36' title="bbox 155 3504 1834 3605; baseline 0.004 -40.029"><span class='ocrx_word' id='word_1_456' title='bbox 155 3504 334 3605; x_wconf 34' lang='lat' dir='ltr'>ueniundum,</span> <span class='ocrx_word' id='word_1_457' title='bbox 354 3506 498 3568; x_wconf 85' lang='lat' dir='ltr'>luteribus</span> <span class='ocrx_word' id='word_1_458' title='bbox 524 3510 571 3583; x_wconf 91' lang='lat' dir='ltr'>(ut</span> <span class='ocrx_word' id='word_1_459' title='bbox 591 3508 702 3583; x_wconf 87' lang='lat' dir='ltr'>solent)</span> <span class='ocrx_word' id='word_1_460' title='bbox 729 3508 812 3567; x_wconf 86' lang='lat' dir='ltr'>taces</span> <span class='ocrx_word' id='word_1_461' title='bbox 839 3505 878 3566; x_wconf 90' lang='lat' dir='ltr'>ad</span> <span class='ocrx_word' id='word_1_462' title='bbox 901 3526 968 3565; x_wconf 91' lang='lat' dir='ltr'>con·</span> <span class='ocrx_word' id='word_1_463' title='bbox 1023 3520 1073 3571; x_wconf 90' lang='lat' dir='ltr'>tes</span> <span class='ocrx_word' id='word_1_464' title='bbox 1094 3510 1309 3586; x_wconf 88' lang='lat' dir='ltr'>discesserunt,</span> <span class='ocrx_word' id='word_1_465' title='bbox 1329 3511 1456 3592; x_wconf 88' lang='lat' dir='ltr'>ejusque</span> <span class='ocrx_word' id='word_1_466' title='bbox 1471 3506 1834 3572; x_wconf 83' lang='lat' dir='ltr'>diciScssienolutacst.</span> 
     </span>
     <span class='ocr_line' id='line_1_37' title="bbox 155 3590 968 3679; baseline -0.001 -19.991"><span class='ocrx_word' id='word_1_467' title='bbox 155 3590 325 3659; x_wconf 81' lang='lat' dir='ltr'>sessionem</span> <span class='ocrx_word' id='word_1_468' title='bbox 368 3598 600 3679; x_wconf 77' lang='lat' dir='ltr'>extorquendam</span> <span class='ocrx_word' id='word_1_469' title='bbox 645 3598 783 3660; x_wconf 85' lang='lat' dir='ltr'>admotae</span> <span class='ocrx_word' id='word_1_470' title='bbox 825 3599 968 3659; x_wconf 81' lang='lat' dir='ltr'>luissent:</span> 
     </span>
    </p>
   </div>
   <div class='ocr_carea' id='block_1_4' title="bbox 158 3690 1840 5263">
    <p class='ocr_par' dir='ltr' id='par_1_4' title="bbox 162 3690 1564 3763">
     <span class='ocr_line' id='line_1_38' title="bbox 162 3690 1564 3763; baseline 0.002 -11"><span class='ocrx_word' id='word_1_471' title='bbox 162 3690 286 3763; x_wconf 93' lang='lat' dir='ltr'>deinde,</span> <span class='ocrx_word' id='word_1_472' title='bbox 306 3712 373 3752; x_wconf 84' lang='lat' dir='ltr'>cunr</span> <span class='ocrx_word' id='word_1_473' title='bbox 399 3714 417 3751; x_wconf 92' lang='grc' dir='ltr'>ι</span> <span class='ocrx_word' id='word_1_474' title='bbox 437 3693 546 3752; x_wconf 85' lang='lat' dir='ltr'>castris</span> <span class='ocrx_word' id='word_1_475' title='bbox 572 3693 629 3753; x_wconf 92' lang='lat' dir='ltr'>buc</span> <span class='ocrx_word' id='word_1_476' title='bbox 649 3692 687 3753; x_wconf 93' lang='lat' dir='ltr'>ad</span> <span class='ocrx_word' id='word_1_477' title='bbox 707 3694 867 3754; x_wconf 80' lang='lat' dir='ltr'>Antonium</span> <span class='ocrx_word' id='word_1_478' title='bbox 886 3699 969 3753; x_wconf 88' lang='lat' dir='ltr'>recta</span> <span class='ocrx_word' id='word_1_479' title='bbox 1559 3736 1564 3745; x_wconf 87' lang='lat'><em>·</em></span> 
     </span>
    </p>

    <p class='ocr_par' dir='ltr' id='par_1_5' title="bbox 159 3730 1800 3959">
     <span class='ocr_line' id='line_1_39' title="bbox 160 3730 1800 3862; baseline 0.002 -16"><span class='ocrx_word' id='word_1_480' title='bbox 160 3806 181 3847; x_wconf 89' lang='lat' dir='ltr'>a</span> <span class='ocrx_word' id='word_1_481' title='bbox 199 3784 358 3846; x_wconf 78' lang='lat' dir='ltr'>Zanescio</span> <span class='ocrx_word' id='word_1_482' title='bbox 379 3786 492 3845; x_wconf 84' lang='lat' dir='ltr'>nrissus</span> <span class='ocrx_word' id='word_1_483' title='bbox 513 3794 544 3847; x_wconf 91' lang='lat' dir='ltr'>ct</span> <span class='ocrx_word' id='word_1_484' title='bbox 562 3788 750 3862; x_wconf 82' lang='lat' dir='ltr'>scriberetur,</span> <span class='ocrx_word' id='word_1_485' title='bbox 771 3786 968 3857; x_wconf 90' lang='lat' dir='ltr'>etdiceretur,</span> <span class='ocrx_word' id='word_1_486' title='bbox 1055 3734 1171 3809; x_wconf 70' lang='lat' dir='ltr'>DIE</span> <span class='ocrx_word' id='word_1_487' title='bbox 1201 3733 1354 3810; x_wconf 72' lang='lat' dir='ltr'>XXH</span> <span class='ocrx_word' id='word_1_488' title='bbox 1383 3730 1800 3833; x_wconf 67' lang='lat' dir='ltr'><em>DECEMBMS’</em></span> 
     </span>
     <span class='ocr_line' id='line_1_40' title="bbox 159 3876 1529 3959; baseline 0.001 -20"><span class='ocrx_word' id='word_1_489' title='bbox 159 3878 286 3940; x_wconf 86' lang='lat' dir='ltr'>triduum</span> <span class='ocrx_word' id='word_1_490' title='bbox 306 3884 405 3940; x_wconf 85' lang='lat' dir='ltr'>tamen</span> <span class='ocrx_word' id='word_1_491' title='bbox 426 3878 505 3959; x_wconf 84' lang='lat' dir='ltr'>opud</span> <span class='ocrx_word' id='word_1_492' title='bbox 526 3878 713 3940; x_wconf 79' lang='lat' dir='ltr'>Praefectum</span> <span class='ocrx_word' id='word_1_493' title='bbox 740 3880 872 3959; x_wconf 90' lang='lat' dir='ltr'>equiturn</span> <span class='ocrx_word' id='word_1_494' title='bbox 891 3879 968 3939; x_wconf 87' lang='lat' dir='ltr'>Zcb·</span> <span class='ocrx_word' id='word_1_495' title='bbox 1327 3876 1459 3923; x_wconf 69' lang='lat'><strong>⁸¹⁵⁸¹⁰</strong></span> <span class='ocrx_word' id='word_1_496' title='bbox 1485 3876 1529 3923; x_wconf 66' lang='grc' dir='ltr'>Ἢ·</span> 
     </span>
    </p>

    <p class='ocr_par' dir='ltr' id='par_1_6' title="bbox 159 3970 966 4052">
     <span class='ocr_line' id='line_1_41' title="bbox 159 3970 966 4052; baseline 0 -20"><span class='ocrx_word' id='word_1_497' title='bbox 159 3972 304 4033; x_wconf 77' lang='lat' dir='ltr'>ridor-iura</span> <span class='ocrx_word' id='word_1_498' title='bbox 324 3970 412 4032; x_wconf 79' lang='lat' dir='ltr'>valde</span> <span class='ocrx_word' id='word_1_499' title='bbox 433 3973 577 4044; x_wconf 84' lang='lat' dir='ltr'>nobilem,</span> <span class='ocrx_word' id='word_1_500' title='bbox 599 3994 635 4033; x_wconf 87' lang='lat' dir='ltr'>oc</span> <span class='ocrx_word' id='word_1_501' title='bbox 656 3974 789 4052; x_wconf 86' lang='lat' dir='ltr'>probum,</span> <span class='ocrx_word' id='word_1_502' title='bbox 810 3978 841 4032; x_wconf 92' lang='lat' dir='ltr'>et</span> <span class='ocrx_word' id='word_1_503' title='bbox 861 3972 966 4032; x_wconf 84' lang='lat' dir='ltr'>sortem</span> 
     </span>
    </p>

    <p class='ocr_par' dir='ltr' id='par_1_7' title="bbox 158 4064 1840 5263">
     <span class='ocr_line' id='line_1_42' title="bbox 161 4064 1838 4151; baseline 0.001 -26"><span class='ocrx_word' id='word_1_504' title='bbox 161 4064 314 4136; x_wconf 83' lang='lat' dir='ltr'>Polonunr,</span> <span class='ocrx_word' id='word_1_505' title='bbox 335 4064 474 4125; x_wconf 84' lang='lat' dir='ltr'>nrnnrlato</span> <span class='ocrx_word' id='word_1_506' title='bbox 494 4067 673 4144; x_wconf 81' lang='lat' dir='ltr'>Legatornrrr</span> <span class='ocrx_word' id='word_1_507' title='bbox 695 4068 852 4143; x_wconf 79' lang='lat' dir='ltr'>regiorum,</span> <span class='ocrx_word' id='word_1_508' title='bbox 871 4065 968 4127; x_wconf 85' lang='lat' dir='ltr'>luisse</span> <span class='ocrx_word' id='word_1_509' title='bbox 993 4102 998 4145; x_wconf 79' lang='grc' dir='ltr'>Ι</span> <span class='ocrx_word' id='word_1_510' title='bbox 1104 4064 1178 4126; x_wconf 73' lang='lat' dir='ltr'>(lum</span> <span class='ocrx_word' id='word_1_511' title='bbox 1210 4064 1345 4148; x_wconf 87' lang='lat' dir='ltr'>ejusdcm</span> <span class='ocrx_word' id='word_1_512' title='bbox 1376 4068 1497 4145; x_wconf 80' lang='lat' dir='ltr'>generis</span> <span class='ocrx_word' id='word_1_513' title='bbox 1528 4066 1680 4151; x_wconf 82' lang='lat' dir='ltr'>pleraque</span> <span class='ocrx_word' id='word_1_514' title='bbox 1709 4066 1838 4131; x_wconf 78' lang='lat' dir='ltr'>fuissent</span> 
     </span>
     <span class='ocr_line' id='line_1_43' title="bbox 161 4156 1838 4247; baseline 0.004 -32"><span class='ocrx_word' id='word_1_515' title='bbox 161 4156 332 4217; x_wconf 84' lang='lat' dir='ltr'>detentum:</span> <span class='ocrx_word' id='word_1_516' title='bbox 354 4158 482 4237; x_wconf 89' lang='lat' dir='ltr'>deniqne</span> <span class='ocrx_word' id='word_1_517' title='bbox 495 4168 619 4238; x_wconf 86' lang='lat' dir='ltr'>posttot</span> <span class='ocrx_word' id='word_1_518' title='bbox 640 4159 716 4229; x_wconf 90' lang='lat' dir='ltr'>dics,</span> <span class='ocrx_word' id='word_1_519' title='bbox 737 4158 851 4219; x_wconf 90' lang='lat' dir='ltr'>litteras</span> <span class='ocrx_word' id='word_1_520' title='bbox 866 4159 968 4238; x_wconf 84' lang='lat' dir='ltr'>blagni</span> <span class='ocrx_word' id='word_1_521' title='bbox 993 4156 998 4247; x_wconf 69' lang='lat' dir='ltr'>l</span> <span class='ocrx_word' id='word_1_522' title='bbox 1025 4157 1114 4228; x_wconf 89' lang='lat' dir='ltr'>dicta,</span> <span class='ocrx_word' id='word_1_523' title='bbox 1134 4179 1210 4237; x_wconf 82' lang='lat' dir='ltr'>quae</span> <span class='ocrx_word' id='word_1_524' title='bbox 1230 4160 1435 4240; x_wconf 86' lang='lat' dir='ltr'>superioribus</span> <span class='ocrx_word' id='word_1_525' title='bbox 1455 4160 1563 4221; x_wconf 87' lang='lat' dir='ltr'>diebus</span> <span class='ocrx_word' id='word_1_526' title='bbox 1576 4159 1692 4239; x_wconf 80' lang='lat' dir='ltr'>Legati</span> <span class='ocrx_word' id='word_1_527' title='bbox 1713 4164 1838 4225; x_wconf 82' lang='lat' dir='ltr'>laricem</span> 
     </span>
     <span class='ocr_line' id='line_1_44' title="bbox 160 4248 1840 4335; baseline 0.004 -27"><span class='ocrx_word' id='word_1_528' title='bbox 160 4248 258 4309; x_wconf 84' lang='lat' dir='ltr'>Ducis</span> <span class='ocrx_word' id='word_1_529' title='bbox 279 4251 327 4307; x_wconf 82' lang='lat' dir='ltr'>rix</span> <span class='ocrx_word' id='word_1_530' title='bbox 349 4251 482 4311; x_wconf 84' lang='lat' dir='ltr'>redditas</span> <span class='ocrx_word' id='word_1_531' title='bbox 502 4274 584 4313; x_wconf 85' lang='lat' dir='ltr'>esse.</span> <span class='ocrx_word' id='word_1_532' title='bbox 607 4255 719 4335; x_wconf 90' lang='lat' dir='ltr'>ltaque,</span> <span class='ocrx_word' id='word_1_533' title='bbox 740 4273 806 4312; x_wconf 91' lang='lat' dir='ltr'>curn</span> <span class='ocrx_word' id='word_1_534' title='bbox 821 4273 968 4332; x_wconf 86' lang='lat' dir='ltr'>nunquam</span> <span class='ocrx_word' id='word_1_535' title='bbox 1026 4252 1211 4333; x_wconf 83' lang='lat' dir='ltr'>objecereut3</span> <span class='ocrx_word' id='word_1_536' title='bbox 1238 4272 1293 4312; x_wconf 93' lang='lat' dir='ltr'>nec</span> <span class='ocrx_word' id='word_1_537' title='bbox 1320 4254 1415 4314; x_wconf 83' lang='lat' dir='ltr'>senrcl</span> <span class='ocrx_word' id='word_1_538' title='bbox 1435 4254 1534 4315; x_wconf 82' lang='lat' dir='ltr'>blosci</span> <span class='ocrx_word' id='word_1_539' title='bbox 1553 4252 1721 4317; x_wconf 79' lang='lat' dir='ltr'>Lironiam</span> <span class='ocrx_word' id='word_1_540' title='bbox 1747 4276 1804 4317; x_wconf 87' lang='lat' dir='ltr'>non</span> <span class='ocrx_word' id='word_1_541' title='bbox 1822 4275 1840 4315; x_wconf 85' lang='grc' dir='ltr'>ι</span> 
     </span>
     <span class='ocr_line' id='line_1_45' title="bbox 160 4340 1840 4429; baseline 0.005 -28"><span class='ocrx_word' id='word_1_542' title='bbox 160 4363 197 4401; x_wconf 89' lang='lat' dir='ltr'>se</span> <span class='ocrx_word' id='word_1_543' title='bbox 216 4340 255 4400; x_wconf 92' lang='lat' dir='ltr'>ad</span> <span class='ocrx_word' id='word_1_544' title='bbox 277 4340 462 4402; x_wconf 80' lang='lat' dir='ltr'>Conventnm</span> <span class='ocrx_word' id='word_1_545' title='bbox 483 4364 521 4403; x_wconf 82' lang='lat' dir='ltr'>cx</span> <span class='ocrx_word' id='word_1_546' title='bbox 534 4344 689 4405; x_wconf 70' lang='lat' dir='ltr'>blesensia</span> <span class='ocrx_word' id='word_1_547' title='bbox 709 4356 852 4405; x_wconf 79' lang='lat' dir='ltr'>venturos</span> <span class='ocrx_word' id='word_1_548' title='bbox 874 4347 969 4406; x_wconf 83' lang='lat' dir='ltr'>luisse</span> <span class='ocrx_word' id='word_1_549' title='bbox 1025 4342 1164 4422; x_wconf 81' lang='lat' dir='ltr'>Regibus</span> <span class='ocrx_word' id='word_1_550' title='bbox 1183 4344 1333 4416; x_wconf 87' lang='lat' dir='ltr'>Polnniac,</span> <span class='ocrx_word' id='word_1_551' title='bbox 1355 4347 1411 4407; x_wconf 91' lang='lat' dir='ltr'>scd</span> <span class='ocrx_word' id='word_1_552' title='bbox 1432 4346 1658 4429; x_wconf 85' lang='lat' dir='ltr'>abEpiscnpis‚</span> <span class='ocrx_word' id='word_1_553' title='bbox 1680 4358 1718 4409; x_wconf 88' lang='lat' dir='ltr'>et</span> <span class='ocrx_word' id='word_1_554' title='bbox 1731 4348 1840 4409; x_wconf 82' lang='lat' dir='ltr'>Ordine</span> 
     </span>
     <span class='ocr_line' id='line_1_46' title="bbox 160 4434 1840 4522; baseline 0.003 -27"><span class='ocrx_word' id='word_1_555' title='bbox 160 4434 306 4503; x_wconf 83' lang='lat' dir='ltr'>dicerent,</span> <span class='ocrx_word' id='word_1_556' title='bbox 327 4436 383 4493; x_wconf 90' lang='lat' dir='ltr'>nisi</span> <span class='ocrx_word' id='word_1_557' title='bbox 403 4436 558 4497; x_wconf 83' lang='lat' dir='ltr'>l’ontilicis</span> <span class='ocrx_word' id='word_1_558' title='bbox 582 4438 704 4498; x_wconf 82' lang='lat' dir='ltr'>lileximi</span> <span class='ocrx_word' id='word_1_559' title='bbox 725 4442 861 4519; x_wconf 86' lang='lat' dir='ltr'>ejusque,</span> <span class='ocrx_word' id='word_1_560' title='bbox 881 4460 968 4518; x_wconf 89' lang='lat' dir='ltr'>qucnr</span> <span class='ocrx_word' id='word_1_561' title='bbox 1027 4434 1193 4497; x_wconf 80' lang='lat' dir='ltr'>Teutonico</span> <span class='ocrx_word' id='word_1_562' title='bbox 1214 4440 1334 4520; x_wconf 79' lang='lat' dir='ltr'>cepisse</span> <span class='ocrx_word' id='word_1_563' title='bbox 1355 4462 1455 4501; x_wconf 87' lang='lat' dir='ltr'>eorum</span> <span class='ocrx_word' id='word_1_564' title='bbox 1471 4441 1653 4522; x_wconf 81' lang='lat' dir='ltr'>Principem,</span> <span class='ocrx_word' id='word_1_565' title='bbox 1673 4442 1840 4503; x_wconf 78' lang='lat' dir='ltr'>dixissent:</span> 
     </span>
     <span class='ocr_line' id='line_1_47' title="bbox 160 4528 1839 4617; baseline 0.005 -30"><span class='ocrx_word' id='word_1_566' title='bbox 160 4530 291 4597; x_wconf 83' lang='lat' dir='ltr'>miserat,</span> <span class='ocrx_word' id='word_1_567' title='bbox 311 4528 432 4587; x_wconf 77' lang='lat' dir='ltr'>Antonii</span> <span class='ocrx_word' id='word_1_568' title='bbox 455 4528 522 4588; x_wconf 88' lang='lat' dir='ltr'>lirlei</span> <span class='ocrx_word' id='word_1_569' title='bbox 539 4530 670 4609; x_wconf 79' lang='lat' dir='ltr'>Magnus</span> <span class='ocrx_word' id='word_1_570' title='bbox 691 4529 761 4588; x_wconf 86' lang='lat' dir='ltr'>Dux</span> <span class='ocrx_word' id='word_1_571' title='bbox 782 4532 969 4609; x_wconf 80' lang='lat' dir='ltr'>credidisset,</span> <span class='ocrx_word' id='word_1_572' title='bbox 1026 4528 1116 4608; x_wconf 79' lang='lat' dir='ltr'>liegii</span> <span class='ocrx_word' id='word_1_573' title='bbox 1144 4550 1213 4589; x_wconf 83' lang='lat' dir='ltr'>rere</span> <span class='ocrx_word' id='word_1_574' title='bbox 1238 4532 1335 4611; x_wconf 88' lang='lat' dir='ltr'>(quod</span> <span class='ocrx_word' id='word_1_575' title='bbox 1361 4546 1393 4593; x_wconf 90' lang='lat' dir='ltr'>ct</span> <span class='ocrx_word' id='word_1_576' title='bbox 1418 4532 1515 4596; x_wconf 86' lang='lat' dir='ltr'>illosci</span> <span class='ocrx_word' id='word_1_577' title='bbox 1543 4534 1722 4613; x_wconf 75' lang='lat' dir='ltr'>faciebant)</span> <span class='ocrx_word' id='word_1_578' title='bbox 1752 4538 1839 4617; x_wconf 76' lang='lat' dir='ltr'>ipra·</span> 
     </span>
     <span class='ocr_line' id='line_1_48' title="bbox 159 4622 1839 4709; baseline 0.004 -27"><span class='ocrx_word' id='word_1_579' title='bbox 159 4642 271 4703; x_wconf 91' lang='lat' dir='ltr'>cupere</span> <span class='ocrx_word' id='word_1_580' title='bbox 292 4640 327 4679; x_wconf 88' lang='lat' dir='ltr'>se</span> <span class='ocrx_word' id='word_1_581' title='bbox 348 4622 468 4702; x_wconf 81' lang='lat' dir='ltr'>nJ&#39;ebnnt</span> <span class='ocrx_word' id='word_1_582' title='bbox 490 4624 591 4702; x_wconf 87' lang='lat' dir='ltr'>potins</span> <span class='ocrx_word' id='word_1_583' title='bbox 611 4622 781 4692; x_wconf 85' lang='lat' dir='ltr'>discedere,</span> <span class='ocrx_word' id='word_1_584' title='bbox 803 4646 889 4703; x_wconf 86' lang='lat' dir='ltr'>quarn</span> <span class='ocrx_word' id='word_1_585' title='bbox 911 4628 969 4687; x_wconf 85' lang='lat' dir='ltr'>iste</span> <span class='ocrx_word' id='word_1_586' title='bbox 1027 4624 1064 4683; x_wconf 92' lang='lat' dir='ltr'>ob</span> <span class='ocrx_word' id='word_1_587' title='bbox 1097 4622 1189 4684; x_wconf 84' lang='lat' dir='ltr'>Sedis</span> <span class='ocrx_word' id='word_1_588' title='bbox 1219 4624 1431 4706; x_wconf 86' lang='lat' dir='ltr'>AJrnstolicae,</span> <span class='ocrx_word' id='word_1_589' title='bbox 1467 4626 1689 4709; x_wconf 81' lang='lat' dir='ltr'>Pontificisqnc</span> <span class='ocrx_word' id='word_1_590' title='bbox 1724 4628 1839 4691; x_wconf 73' lang='lat' dir='ltr'>Maximi</span> 
     </span>
     <span class='ocr_line' id='line_1_49' title="bbox 158 4714 1839 4799; baseline 0.006 -24"><span class='ocrx_word' id='word_1_591' title='bbox 158 4714 351 4793; x_wconf 81' lang='lat' dir='ltr'>indignitate,</span> <span class='ocrx_word' id='word_1_592' title='bbox 384 4714 607 4793; x_wconf 79' lang='lat' dir='ltr'>hostilibusque</span> <span class='ocrx_word' id='word_1_593' title='bbox 632 4715 729 4775; x_wconf 87' lang='lat' dir='ltr'>orodis</span> <span class='ocrx_word' id='word_1_594' title='bbox 754 4736 813 4775; x_wconf 90' lang='lat' dir='ltr'>rern</span> <span class='ocrx_word' id='word_1_595' title='bbox 841 4720 968 4795; x_wconf 84' lang='lat' dir='ltr'>amplius</span> <span class='ocrx_word' id='word_1_596' title='bbox 1026 4718 1230 4785; x_wconf 79' lang='lat' dir='ltr'>reverentiam,</span> <span class='ocrx_word' id='word_1_597' title='bbox 1246 4720 1309 4799; x_wconf 85' lang='lat' dir='ltr'>jann</span> <span class='ocrx_word' id='word_1_598' title='bbox 1320 4718 1420 4779; x_wconf 80' lang='lat' dir='ltr'>multis</span> <span class='ocrx_word' id='word_1_599' title='bbox 1434 4720 1525 4782; x_wconf 89' lang='lat' dir='ltr'>rebus</span> <span class='ocrx_word' id='word_1_600' title='bbox 1539 4723 1682 4783; x_wconf 86' lang='lat' dir='ltr'>cessisse</span> <span class='ocrx_word' id='word_1_601' title='bbox 1694 4721 1839 4791; x_wconf 76' lang='lat' dir='ltr'>dicerent:</span> 
     </span>
     <span class='ocr_line' id='line_1_50' title="bbox 159 4808 1839 4893; baseline 0.007 -24"><span class='ocrx_word' id='word_1_602' title='bbox 159 4828 257 4885; x_wconf 76' lang='lat' dir='ltr'>agere.</span> <span class='ocrx_word' id='word_1_603' title='bbox 300 4808 374 4865; x_wconf 62' lang='lat' dir='ltr'>(forn</span> <span class='ocrx_word' id='word_1_604' title='bbox 395 4816 492 4868; x_wconf 86' lang='lat' dir='ltr'>autem</span> <span class='ocrx_word' id='word_1_605' title='bbox 519 4808 591 4885; x_wconf 84' lang='lat' dir='ltr'>regii</span> <span class='ocrx_word' id='word_1_606' title='bbox 613 4829 672 4868; x_wconf 92' lang='lat' dir='ltr'>rern</span> <span class='ocrx_word' id='word_1_607' title='bbox 694 4830 856 4885; x_wconf 83' lang='lat' dir='ltr'>excusare,</span> <span class='ocrx_word' id='word_1_608' title='bbox 883 4815 967 4871; x_wconf 87' lang='lat' dir='ltr'>ratio·</span> <span class='ocrx_word' id='word_1_609' title='bbox 1025 4812 1148 4869; x_wconf 84' lang='lat' dir='ltr'>Antonii</span> <span class='ocrx_word' id='word_1_610' title='bbox 1169 4810 1284 4893; x_wconf 92' lang='lat' dir='ltr'>jndicio</span> <span class='ocrx_word' id='word_1_611' title='bbox 1310 4814 1346 4871; x_wconf 74' lang='grc' dir='ltr'>ιι</span> <span class='ocrx_word' id='word_1_612' title='bbox 1368 4818 1516 4891; x_wconf 85' lang='lat' dir='ltr'>staturos,</span> <span class='ocrx_word' id='word_1_613' title='bbox 1540 4822 1575 4874; x_wconf 92' lang='lat' dir='ltr'>ut</span> <span class='ocrx_word' id='word_1_614' title='bbox 1600 4834 1665 4877; x_wconf 87' lang='lat' dir='ltr'>una</span> <span class='ocrx_word' id='word_1_615' title='bbox 1687 4837 1709 4878; x_wconf 87' lang='lat' dir='ltr'>e</span> <span class='ocrx_word' id='word_1_616' title='bbox 1731 4814 1839 4879; x_wconf 69' lang='lat' dir='ltr'>duabu</span> 
     </span>
     <span class='ocr_line' id='line_1_51' title="bbox 161 4900 1838 4982; baseline 0.008 -21"><span class='ocrx_word' id='word_1_617' title='bbox 161 4922 275 4979; x_wconf 77' lang='lat' dir='ltr'>tresque</span> <span class='ocrx_word' id='word_1_618' title='bbox 296 4900 467 4961; x_wconf 85' lang='lat' dir='ltr'>ensnlierre</span> <span class='ocrx_word' id='word_1_619' title='bbox 489 4902 683 4982; x_wconf 83' lang='lat' dir='ltr'>incepissent,</span> <span class='ocrx_word' id='word_1_620' title='bbox 703 4922 779 4981; x_wconf 86' lang='lat' dir='ltr'>quas</span> <span class='ocrx_word' id='word_1_621' title='bbox 792 4900 968 4965; x_wconf 86' lang='lat' dir='ltr'>Zamoscius</span> <span class='ocrx_word' id='word_1_622' title='bbox 1026 4904 1146 4963; x_wconf 84' lang='lat' dir='ltr'>arcibus</span> <span class='ocrx_word' id='word_1_623' title='bbox 1173 4902 1363 4975; x_wconf 71' lang='lat' dir='ltr'>l&#39;clicoluco,</span> <span class='ocrx_word' id='word_1_624' title='bbox 1390 4913 1421 4966; x_wconf 90' lang='lat' dir='ltr'>et</span> <span class='ocrx_word' id='word_1_625' title='bbox 1448 4904 1628 4980; x_wconf 83' lang='lat' dir='ltr'>Zavolocia,</span> <span class='ocrx_word' id='word_1_626' title='bbox 1656 4910 1767 4973; x_wconf 87' lang='lat' dir='ltr'>adbuc</span> <span class='ocrx_word' id='word_1_627' title='bbox 1786 4910 1838 4973; x_wconf 69' lang='lat' dir='ltr'>bln-</span> 
     </span>
     <span class='ocr_line' id='line_1_52' title="bbox 158 4994 1837 5081; baseline 0.006 -28"><span class='ocrx_word' id='word_1_628' title='bbox 158 4994 200 5053; x_wconf 87' lang='lat' dir='ltr'>ad</span> <span class='ocrx_word' id='word_1_629' title='bbox 221 4994 381 5053; x_wconf 80' lang='lat' dir='ltr'>Antonium</span> <span class='ocrx_word' id='word_1_630' title='bbox 402 4996 582 5075; x_wconf 82' lang='lat' dir='ltr'>scripserat:</span> <span class='ocrx_word' id='word_1_631' title='bbox 612 4996 777 5064; x_wconf 75' lang='lat' dir='ltr'>Antonius,</span> <span class='ocrx_word' id='word_1_632' title='bbox 805 4997 853 5074; x_wconf 92' lang='lat' dir='ltr'>qui</span> <span class='ocrx_word' id='word_1_633' title='bbox 876 5002 906 5056; x_wconf 92' lang='lat' dir='ltr'>et</span> <span class='ocrx_word' id='word_1_634' title='bbox 926 5003 967 5057; x_wconf 87' lang='lat' dir='ltr'>ta·</span> <span class='ocrx_word' id='word_1_635' title='bbox 1025 5016 1082 5073; x_wconf 82' lang='lat' dir='ltr'>gno</span> <span class='ocrx_word' id='word_1_636' title='bbox 1103 4996 1182 5056; x_wconf 85' lang='lat' dir='ltr'>Duci</span> <span class='ocrx_word' id='word_1_637' title='bbox 1203 4997 1391 5072; x_wconf 87' lang='lat' dir='ltr'>redderetur,</span> <span class='ocrx_word' id='word_1_638' title='bbox 1411 5002 1586 5081; x_wconf 79' lang='lat' dir='ltr'>supervenit</span> <span class='ocrx_word' id='word_1_639' title='bbox 1605 5000 1780 5067; x_wconf 80' lang='lat' dir='ltr'>Petronius</span> <span class='ocrx_word' id='word_1_640' title='bbox 1798 5022 1837 5063; x_wconf 78' lang='lat' dir='ltr'>ae</span> 
     </span>
     <span class='ocr_line' id='line_1_53' title="bbox 160 5086 1835 5168; baseline 0.006 -21"><span class='ocrx_word' id='word_1_641' title='bbox 160 5086 316 5147; x_wconf 85' lang='lat' dir='ltr'>bellariunr</span> <span class='ocrx_word' id='word_1_642' title='bbox 343 5088 425 5168; x_wconf 81' lang='lat' dir='ltr'>prius</span> <span class='ocrx_word' id='word_1_643' title='bbox 450 5088 680 5161; x_wconf 77' lang='lat' dir='ltr'>interrogasset,</span> <span class='ocrx_word' id='word_1_644' title='bbox 706 5094 735 5147; x_wconf 92' lang='lat' dir='ltr'>et</span> <span class='ocrx_word' id='word_1_645' title='bbox 761 5086 909 5148; x_wconf 86' lang='lat' dir='ltr'>octiduum</span> <span class='ocrx_word' id='word_1_646' title='bbox 938 5092 966 5149; x_wconf 92' lang='lat' dir='ltr'>in</span> <span class='ocrx_word' id='word_1_647' title='bbox 1025 5090 1094 5149; x_wconf 84' lang='lat' dir='ltr'>bilis</span> <span class='ocrx_word' id='word_1_648' title='bbox 1114 5090 1261 5162; x_wconf 85' lang='lat' dir='ltr'>Polonus,</span> <span class='ocrx_word' id='word_1_649' title='bbox 1286 5091 1401 5151; x_wconf 86' lang='lat' dir='ltr'>nrissus</span> <span class='ocrx_word' id='word_1_650' title='bbox 1426 5112 1445 5151; x_wconf 89' lang='lat' dir='ltr'>a</span> <span class='ocrx_word' id='word_1_651' title='bbox 1463 5091 1627 5155; x_wconf 89' lang='lat' dir='ltr'>Zamosclo</span> <span class='ocrx_word' id='word_1_652' title='bbox 1656 5118 1701 5159; x_wconf 82' lang='lat' dir='ltr'>ex</span> <span class='ocrx_word' id='word_1_653' title='bbox 1729 5098 1835 5160; x_wconf 79' lang='lat' dir='ltr'>eastris</span> 
     </span>
     <span class='ocr_line' id='line_1_54' title="bbox 163 5180 1783 5263; baseline 0.006 -22"><span class='ocrx_word' id='word_1_654' title='bbox 163 5182 269 5241; x_wconf 86' lang='lat' dir='ltr'>itincre</span> <span class='ocrx_word' id='word_1_655' title='bbox 290 5180 439 5239; x_wconf 89' lang='lat' dir='ltr'>detenturn</span> <span class='ocrx_word' id='word_1_656' title='bbox 460 5180 565 5253; x_wconf 78' lang='lat' dir='ltr'>(causa</span> <span class='ocrx_word' id='word_1_657' title='bbox 590 5182 736 5257; x_wconf 83' lang='lat' dir='ltr'>nescitur)</span> <span class='ocrx_word' id='word_1_658' title='bbox 759 5183 967 5259; x_wconf 72' lang='lat' dir='ltr'>cognorisset:</span> <span class='ocrx_word' id='word_1_659' title='bbox 1025 5183 1110 5244; x_wconf 80' lang='lat' dir='ltr'>lriscc</span> <span class='ocrx_word' id='word_1_660' title='bbox 1130 5204 1197 5245; x_wconf 91' lang='lat' dir='ltr'>cunr</span> <span class='ocrx_word' id='word_1_661' title='bbox 1218 5184 1341 5256; x_wconf 85' lang='lat' dir='ltr'>litteris,</span> <span class='ocrx_word' id='word_1_662' title='bbox 1360 5204 1437 5263; x_wconf 87' lang='lat' dir='ltr'>quas</span> <span class='ocrx_word' id='word_1_663' title='bbox 1458 5186 1589 5249; x_wconf 82' lang='lat' dir='ltr'>Antonio</span> <span class='ocrx_word' id='word_1_664' title='bbox 1610 5190 1783 5255; x_wconf 79' lang='lat' dir='ltr'>scribebat.</span> 
     </span>
    </p>
   </div>
   <div class='ocr_carea' id='block_1_5' title="bbox 0 0 1883 5626">
    <p class='ocr_par' dir='ltr' id='par_1_8' title="bbox 0 0 1883 5626">
     <span class='ocr_line' id='line_1_55' title="bbox 0 0 1883 5626; baseline 0 0"><span class='ocrx_word' id='word_1_665' title='bbox 0 0 1883 5626; x_wconf 95' lang='lat' dir='ltr'> </span> 
     </span>
    </p>
   </div>
  </div>
 </body>
</html>
