3742 5626
92 188 153 253 m
715 184 846 253 PAffl
865 186 1134 257 outzttttottntt

99 358 180 421 alere
200 366 428 423 consueverunt,
449 366 481 413 nt
491 352 675 433 equitatione
687 354 827 435 uarioque
846 372 907 413 mo·
930 364 937 411 t
964 358 1169 417 munus
1191 358 1356 433 μίμοις
1382 356 1428 416 bis
1454 366 1551 417 tamen
1584 352 1771 433 imspiisim's

99 464 133 515 tn
153 452 288 531 eorporis
314 457 366 508 aut
386 442 587 507 valetudinem
612 454 766 519 tueantur,
785 454 837 505 aut
856 464 907 505 no·
964 448 1130 509 sceleribus
1160 452 1331 511 memoriam
1361 452 1487 511 nominis
1517 450 1565 509 sni
1600 446 1770 527 posteritsu'

100 550 167 610 nias
185 546 275 607 stiam
296 541 413 601 bestias
434 537 473 599 de
492 535 716 609 mediotollsnt,
736 548 788 599 aut
805 557 906 619 spera·
964 538 1167 601 deserendam
1187 544 1389 623 propinasset.
1428 541 1561 603 Pellices
1581 549 1613 599 et
1633 537 1769 599 concubi-

100 652 151 705 tu
170 638 289 699 culinae
308 652 385 693 suae
404 629 530 693 delicias
550 630 688 693 inferant
727 630 782 693 lile
807 640 906 693 autem
964 652 1020 693 nas
1037 652 1104 693 cum
1124 632 1195 695 ntus
1213 632 1342 696 subinde
1361 635 1549 714 permutavit,
1568 654 1607 695 es
1624 632 1677 693 bis
1690 650 1769 713 qnae

101 734 142 799 ab
163 730 282 793 immani
301 724 429 787 audacia
441 724 627 787 nuenlmtus
646 730 723 787 inter
741 721 907 785 renaudum
964 725 1033 787 dam
1053 724 1092 787 ad
1104 725 1225 789 inanum
1245 738 1316 789 natu
1336 728 1476 805 majorem
1497 728 1694 797 mosminse,
1712 744 1769 785 esa

103 826 241 889 innoxios
260 822 397 900 captivos
417 816 614 881 ferocissimis
633 822 714 881 ursis
732 818 907 899 objiciebat,
965 816 1005 879 ab
1025 818 1092 881 aliis
1113 820 1287 881 mulieribus
1307 819 1461 881 verborum
1488 818 1689 881 corita-eliis
1711 816 1769 881 ale

102 920 205 985 tonsi
224 917 274 995 qui
294 916 323 972 in
338 910 434 971 frusta
454 910 705 993 discerperentur,
723 911 908 973 avidissimis
966 922 1015 973 cta
1035 922 1066 973 et
1084 910 1184 975 derisa
1195 924 1290 986 esset,
1310 910 1390 993 quod
1403 910 1576 994 pudicitiam
1589 932 1683 973 suam
1698 909 1770 973 l'r'm

105 1013 202 1075 oeulis
227 1026 293 1068 eam
320 1005 521 1067 calamitatem
552 1004 727 1087 spectabat:
766 1006 834 1065 aliis
858 1006 909 1085 qui
967 1008 1044 1084 cipis
1069 1003 1130 1065 filio
1155 1004 1357 1068 audacissime
1387 1008 1613 1086 prostituisset,
1633 1004 1688 1067 illa
1707 1002 1770 1063 iadi-

101 1108 232 1169 feearum
253 1104 394 1180 impetum
415 1097 578 1161 fortissime
597 1101 829 1168 nuntiavissent,
850 1116 910 1159 mu·
967 1100 1111 1177 gnusime
1136 1118 1202 1159 eam
1229 1101 1366 1178 injuriant
1386 1098 1496 1173 ferens,
1514 1120 1576 1161 rem
1599 1118 1722 1161 omnem
1738 1096 1771 1157 sd

104 1220 177 1263 aera
202 1200 232 1259 in
259 1190 420 1257 remedium
446 1191 647 1255 calamitatum
666 1190 767 1255 dabat.
807 1190 911 1271 ltaque
936 1188 940 1221 ²
967 1188 1136 1273 Principem
1155 1190 1256 1253 multis
1275 1211 1342 1251 cum
1362 1191 1493 1253 lacrimis
1511 1204 1545 1253 et
1563 1193 1713 1271 quiritatu
1730 1188 1772 1253 de·

106 1294 212 1375 pacis
231 1296 301 1349 ante
321 1286 485 1357 mensibus,
503 1305 592 1365 quam
613 1306 631 1347 e
650 1288 711 1347 sita
731 1282 912 1355 diseederet,
968 1282 1042 1353 fert,
1078 1286 1204 1364 ejusque
1230 1280 1317 1343 fidem
1343 1294 1374 1343 et
1399 1282 1609 1347 defesuionern
1632 1284 1773 1365 implorat,

103 1398 138 1451 α
156 1390 235 1447 inter
252 1380 468 1443 acerbissimos
486 1380 577 1439 animi
596 1382 772 1459 etcorporis
790 1376 912 1439 dolom
938 1396 941 1401 ·
969 1374 1148 1437 obtestando
1174 1397 1212 1437 ue
1237 1394 1272 1435 se
1299 1376 1328 1436 iu
1356 1388 1505 1437 contemtu
1533 1378 1691 1439 bominum
1716 1397 1775 1437 rer-

106 1476 235 1565 qoadam
251 1468 442 1556 jucunditate
461 1470 614 1543 froeretur,
635 1471 744 1533 multos
762 1492 800 1533 es
819 1471 913 1552 eapti·
968 1470 1031 1531 sari
1057 1472 1201 1549 patiatur,
1225 1466 1346 1549 quando
1371 1490 1439 1531 moa
1468 1469 1507 1529 ab
1539 1472 1602 1531 ista
1635 1474 1776 1533 condens

104 1580 153 1639 sis
164 1569 293 1635 sinentis
312 1566 431 1627 solutos
450 1584 518 1627 cum
538 1563 612 1627 feris
630 1562 801 1647 depugnare
806 1566 912 1645 jussit,
939 1638 942 1651 Ι
970 1564 1151 1645 poetritentia
1184 1562 1273 1623 simui
1311 1572 1402 1643 atque
1436 1562 1558 1625 infamia
1595 1566 1777 1645 mpiterna
1811 1612 1816 1627 .

107 1678 138 1731 et
162 1670 229 1747 ipse
256 1659 295 1723 de
321 1658 455 1719 fenestra
475 1658 507 1719 ia
525 1657 682 1739 subjectos
702 1678 826 1739 campos
845 1676 913 1737 pru·
970 1658 1097 1715 misem
1117 1652 1310 1716 laborandum
1331 1654 1420 1717 foret.
1457 1658 1568 1719 transm
1589 1660 1776 1719 animata

108 1768 254 1845 spectans
279 1756 474 1835 pugnantium
493 1750 640 1813 fortunam
666 1760 698 1813 et
724 1754 803 1813 sires
822 1753 852 1811 in
871 1749 913 1811 la·
939 1828 943 1841 Ι
970 1748 1562 1829 portuniss'exatiouibuscircumsentam
1575 1748 1776 1831 planedefss

106 1855 230 1919 borioso
255 1843 451 1911 multitudinis
476 1840 615 1909 mmm
640 1842 837 1905 lfflentissime
861 1841 914 1902 'nb-
939 1850 943 1927 J
971 1838 1098 1901 deudarn
1124 1850 1223 1915 ratus,
1244 1850 1353 1903 nactus
1368 1846 1561 1905 occasionem
1580 1854 1775 1925 opportunam

106 1947 248 2013 sumsit
287 1940 370 2003 later
388 1937 445 2001 bos
464 1940 602 2001 Sarmata
617 1934 737 2017 quidam
755 1940 833 1997 inter
843 1956 913 1997 euu-
940 1930 943 1987 ἶ
972 1934 1126 2015 proposito
1138 1954 1268 1995 suorem
1279 1954 1395 1995 mem
1404 1938 1481 2012 patri
1489 1940 1774 2017 commemoratqni

106 2042 178 2107 dnm
202 2032 333 2120 lapidem
358 2052 418 2093 non
442 2050 581 2111 magnam
606 2028 696 2092 bomo
713 2028 866 2095 sublatum
883 2032 914 2095 is
940 2076 944 2109 Ι
970 2025 1774 2107 adeoaegreeamconmmnniamtubtutnefariniasti

107 2154 198 2201 mn
216 2128 350 2212 gerebat,
370 2122 410 2187 ad
429 2127 518 2204 cnjus
538 2134 733 2205 conspectum
762 2144 829 2185 mm
848 2142 915 2205 per·
941 2114 944 2157 :
971 2130 1036 2181 tuto
1053 2138 1158 2181 omnes
1166 2118 1345 2183 dionensiae
1365 2124 1495 2183 eisitatis
1511 2120 1648 2185 feminas
1663 2134 1773 2204 μυρίοι

110 2238 252 2293 teatosan
277 2216 490 2300 magnitudinis
509 2238 600 2279 ursus
620 2222 760 2299 impetam
780 2214 915 2291 inchoet,
940 2230 945 2279 t
971 2214 1073 2275 melus
1085 2231 1245 2294 paucarum
1260 2218 1450 2293 exstinguere
1463 2224 1604 2295 carperet,
1614 2212 1674 2277 sed
1686 2218 1773 2277 rictas

108 2323 159 2385 ille
184 2314 316 2401 lapidem
340 2318 371 2375 in
391 2332 427 2373 os
452 2312 686 2373 immanissimae
707 2308 788 2371 ferae
812 2310 915 2369 statim
940 2292 945 2349 i
971 2306 1375 2389 preeibussuorum,mnltum
1387 2304 1507 2387 quidem
1519 2304 1608 2371 deca
1621 2309 1774 2371 mensu

108 2418 222 2483 mersit.
242 2418 419 2489 arreptaque
429 2405 530 2484 lingna
544 2400 727 2465 fortitudinis
737 2398 914 2482 compendio
941 2376 945 2467 Ι
970 2402 1095 2471 remisit,
1114 2408 1145 2459 et
1164 2400 1290 2461 miseras
1314 2408 1412 2461 umen
1431 2408 1545 2463 matres
1573 2398 1774 2465 acerbbinis

108 2530 176 2575 ωιιι
185 2524 264 2589 pene
273 2500 462 2563 exanimavit.
480 2491 914 2575 Quodcnmllasilidessidis·
941 2472 945 2573 Ι
971 2491 1159 2553 conmmeliis
1179 2494 1322 2554 oneravit.
1362 2492 1483 2575 Quippe
1508 2496 1604 2555 minis
1629 2514 1668 2555 ae
1692 2504 1773 2553 turs

108 2596 379 2675 sst,sdutiratiein
392 2590 631 2657 satisfactionem
643 2592 748 2661 cessit,
759 2589 914 2649 cariorem
940 2576 945 2677 Ι
970 2583 1054 2645 ribus
1074 2584 1247 2664 compulsas
1268 2589 1298 2645 in
1324 2586 1422 2647 sulam
1455 2604 1510 2647 eas
1542 2588 1653 2649 senine
1676 2588 1774 2665 jussit

109 2716 170 2779 qus
183 2712 250 2757 enm
264 2694 387 2772 propter
397 2684 607 2747 exscidendam
624 2688 726 2745 motae
733 2678 915 2743 fortitudinis
941 2680 945 2757 ξ
970 2675 1013 2737 ibi
1031 2678 1062 2739 in
1082 2686 1247 2757 conspectu
1266 2677 1391 2739 filiorum
1409 2686 1441 2741 et
1459 2678 1631 2741 satellitum
1647 2677 1774 2739 nesb'bns

108 2788 224 2859 babuit.
242 2782 350 2849 aleam
363 2782 566 2861 pictarumque
573 2776 770 2839 cbnrtularsa
777 2770 876 2835 ludum
884 2774 914 2831 in
940 2772 945 2861 Ι
972 2776 1105 2841 essetne,
1125 2768 1303 2851 nisibmque
1324 2778 1355 2831 et
1372 2768 1608 2853 frigoresspere
1621 2768 1774 2833 admodum

109 2884 230 2949 delitiis
239 2874 382 2941 babebat.
401 2868 696 2951 eumquealiquando
716 2866 915 2929 subtilissime
940 2868 944 2941 Ι
971 2858 1146 2933 dieculae,
1184 2861 1383 2925 miserandum
1420 2868 1538 2927 mances
1572 2864 1775 2947 spectaculum

110 2992 142 3043 et
159 2974 335 3039 acutissimo
355 2986 421 3027 eum
441 2960 631 3040 magnatibus
642 2962 708 3021 suis
728 2957 913 3027 collusioset,
940 2944 945 3015 l
970 2952 1180 3033 praebuerunt,
1199 2964 1230 3015 et
1248 2954 1403 3017 Basilides
1421 2956 1461 3023 sd
1481 2956 1532 3019 ttit
1552 2970 1690 3021 seem
1711 2976 1774 3019 eon·

110 3076 243 3133 victores
264 3064 374 3143 pariter
393 3076 430 3117 ac
449 3057 548 3115 sietos
567 3062 619 3113 aut
638 3048 844 3121 interficiebat,
862 3054 914 3107 aut
971 3065 1089 3121 sersus,
1102 3058 1285 3123 nuncnunc,
1304 3050 1407 3130 iuquit,
1427 3050 1773 3133 ntovotupfflm

109 3182 165 3227 m
184 3156 332 3221 minentis
351 3144 512 3209 crudeliter
531 3142 689 3216 membris,
707 3141 914 3217 abscissisque
940 3184 944 3209 ,
971 3148 1003 3199 et
1032 3139 1271 3215 wumsiistrices
1299 3152 1369 3205 tuns
1398 3140 1513 3207 dende.
1552 3142 1703 3205 Postbaee
1735 3160 1770 3201 es

109 3252 234 3320 aeribus
246 3268 283 3309 ao
303 3260 388 3313 naso,
400 3238 558 3315 labiisque,
575 3232 708 3297 deforme
726 3232 913 3293 neminem·
941 3278 944 3291 .
972 3235 1050 3291 omni
1071 3230 1258 3295 multitudine
1277 3234 1423 3315 quasdam
1435 3238 1525 3315 virgis
1543 3252 1648 3297 mesas
1666 3236 1769 3295 enani-

109 3348 179 3409 ιω..
199 3334 403 3421 spectaculum
423 3325 580 3389 reddebat.
619 3326 653 3383 Si
675 3328 725 3403 qui
744 3330 861 3397 sutem,
881 3330 914 3382 ut
940 3318 945 3409 Ι
971 3328 1071 3399 mavit,
1091 3344 1251 3405 earumque
1276 3326 1423 3393 cadavera
1455 3330 1528 3391 feris
1547 3323 1692 3389 laniudn
1724 3322 1775 3385 de-

109 3454 163 3501 oas
183 3426 380 3493 contumelias
392 3418 586 3489 declinarent,
604 3417 796 3495 aequissimis
805 3418 913 3477 animis
941 3420 944 3467 :
971 3414 1024 3479 dit
1075 3415 1247 3483 Proditores
1277 3429 1308 3481 et
1336 3441 1391 3483 eon
1418 3422 1469 3503 qui
1498 3422 1635 3501 igneum
1667 3416 1778 3499 oppida

107 3548 143 3593 ῃ
162 3522 241 3583 ,quei
261 3520 443 3597 poterentur,
463 3526 518 3569 eos
527 3506 913 3587 tamquambominesigna·
941 3506 944 3551 Ι
971 3528 1117 3591 arcesque
1143 3513 1402 3575 contrabentium
1434 3514 1657 3594 impressiones
1682 3510 1777 3575 defen·

108 3636 166 3681 vos
185 3624 215 3675 et
236 3606 361 3669 hebetes
383 3600 528 3661 fustuario
548 3608 581 3659 et
600 3599 806 3663 acerbissimis
825 3602 914 3663 baeu·
940 3596 944 3641 t
971 3600 1100 3677 dissent,
1118 3602 1209 3683 longe
1228 3607 1471 3687 exquisitissimis
1489 3606 1658 3688 suppliciis
1677 3602 1776 3667 deme

108 3704 270 3775 lotionibus
290 3691 481 3773 subjiciebat.
521 3690 584 3753 Alii
604 3696 653 3773 qui
673 3697 792 3755 omuino
812 3694 913 3755 ludum
940 3716 944 3763 ι
971 3693 1023 3756 dio
1035 3696 1167 3757 tollebat.
1191 3699 1281 3761 Anno
1294 3720 1400 3780 nempe
1417 3702 1611 3778 sexagesimo
1624 3718 1774 3765 nosocss

108 3798 324 3877 tauricornem,
352 3787 454 3847 statim
480 3782 538 3845 sub
565 3788 668 3864 specie
690 3784 862 3849 insidiarum
882 3796 915 3849 et
940 3772 944 3871 Ι
970 3788 1184 3851 Litbuanornm
1215 3794 1321 3872 copiae
1346 3791 1517 3871 ltsburgnm
1546 3804 1773 3871 expugnassent

108 3898 276 3961 msrttcmtno
297 3874 598 3956 lleqiaeblajestatis
609 3875 833 3941 occidebantur.
863 3880 912 3941 nt·
940 3886 943 3961 ζ
970 3880 1125 3943 Basilides
1144 3880 1357 3947 Polubeusium
1376 3888 1455 3949 arcis
1481 3884 1678 3967 praefectum
1704 3904 1771 3967 pase

109 3978 210 4061 bidiuo
235 3978 362 4033 cursetos
387 3968 529 4029 mortales
554 3967 730 4049 longissimo
756 3973 913 4035 intervallo
939 3968 944 4055 ξ
969 3972 1170 4056 sidiariosquc
1195 3979 1225 4037 in
1244 3974 1433 4039 Illoscovism
1450 3996 1594 4039 racemos
1623 3976 1772 4041 arbosil·

109 4068 258 4143 unnim,
286 4061 545 4143 nobilissimosque
571 4061 697 4127 feminas
724 4075 756 4129 et
780 4070 912 4147 virgines
939 4116 943 4151 Ι
971 4066 1117 4147 ‹inligatos
1132 4069 1244 4148 jaculis
1262 4072 1418 4141 uastabait,
1448 4068 1580 4135 subinde
1605 4070 1771 4135 anthane·

109 4184 163 4249 με
181 4162 240 4219 viso
261 4162 473 4235 constupratos
495 4154 576 4215 beris
589 4156 763 4237 parentibus
784 4162 912 4221 remitto·
971 4164 1207 4235 circumstnutes,
1227 4171 1262 4225 ut
1282 4164 1384 4229 borum
1404 4163 1540 4245 exemplo
1560 4166 1770 4229 territisaise

108 4256 178 4327 bnt,
205 4270 261 4313 eae
279 4258 379 4309 autem
406 4247 434 4309 si
454 4266 542 4328 quam
568 4248 782 4329 indignationis
802 4251 913 4331 siguifi-
970 4257 1034 4315 sius
1054 4276 1107 4337 pro
1127 4258 1222 4338 patria
1243 4255 1396 4323 discerent
1414 4276 1557 4339 pugnare.
1589 4258 1769 4321 attonem·

107 4348 257 4431 μιὶοιιοω
276 4339 353 4405 forte
372 4336 538 4413 dedissent,
557 4340 637 4403 domi
659 4364 732 4405 sune
746 4365 840 4425 supra
859 4366 912 4407 eas
970 4350 1020 4428 qui
1042 4348 1172 4409 Busoum
1192 4368 1291 4411 arcem
1312 4349 1467 4415 laitbuanis
1487 4354 1686 4415 aemunitate
1707 4368 1769 4413 es·-

198 4454 232 4507 nn
247 4430 519 4515 suspendebantur,
539 4436 688 4517 inquibus
707 4436 843 4501 infelices
854 4460 913 4501 ma·
939 4432 942 4457 '
970 4440 1048 4521 pulsi
1070 4438 1256 4515 dediderant,
1275 4444 1385 4521 ingenti
1406 4444 1534 4527 pecunia
1554 4442 1716 4509 redemtos
1730 4462 1769 4503 et·

250 4536 336 4593 atres
356 4524 454 4587 eibum
475 4547 584 4608 capere
604 4540 832 4605 consueverant,
851 4533 911 4611 qui·
970 4530 1038 4593 dem
1056 4535 1175 4593 omnino
1195 4536 1342 4616 supplicio
1362 4534 1480 4599 delevit.
1523 4537 1707 4601 Germanos
1728 4542 1771 4619 μ’·

258 4638 383 4703 naqntam
407 4620 467 4681 alio
493 4622 523 4681 in
549 4620 616 4683 loco
642 4632 694 4683 aut
714 4642 841 4684 coenare
861 4632 913 4685 aut
970 4644 1019 4687 mo
1038 4627 1079 4685 ita
1099 4645 1198 4687 amare
1224 4627 1356 4700 solebat,
1382 4638 1414 4691 ut
1439 4650 1497 4689 non
1523 4636 1650 4693 tantum
1676 4650 1772 4695 mss

272 4716 391 4797 impune
401 4712 547 4785 licuisset,
566 4736 633 4777 nam
644 4716 754 4797 alioqui
766 4719 795 4777 is
807 4713 912 4779 codem
935 4778 938 4783 ,
969 4740 1065 4779 renisu
1086 4728 1117 4781 et
1135 4718 1334 4800 Reipublicae
1358 4720 1656 4785 administrationem
1678 4742 1773 4803 magns

254 4828 307 4875 ern
326 4805 473 4891 profundo
484 4808 692 4871 miserabiliter
710 4813 839 4871 immersi
850 4814 909 4871 vio·
935 4830 937 4835 ·
970 4832 1007 4873 ex
1035 4820 1119 4893 parte
1153 4832 1217 4873 cnm
1251 4812 1309 4873 illis
1341 4817 1594 4889 communicarem
1629 4816 1686 4879 sed
1707 4814 1772 4881 sdes

243 4904 357 4985 incipis
379 4899 533 4983 llfajestnti
554 4922 667 4984 poenus
688 4912 781 4965 morte
801 4900 909 4984 pende·
970 4908 1059 4965 etiam
1072 4902 1211 4967 studiose
1232 4904 1299 4965 illos
1320 4904 1464 4986 dignitate
1484 4916 1516 4967 et
1536 4910 1720 4973 mutieribus
1738 4928 1771 4967 or-

183 5060 186 5063 ,
230 4995 563 5061 concumulatus
589 4994 709 5075 dignum
729 5002 910 5079 sempitenta
969 5007 1061 5069 staret,
1089 5006 1121 5057 ut
1139 4998 1327 5077 magstatibus
1352 5006 1416 5061 suis
1444 5000 1644 5065 vehementer
1670 5016 1772 5065 enters·
