3742 5626
163 182 200 241 lt
784 176 967 240 1035le
993 176 1248 241 (rosunum

161 354 219 405 est.
259 342 299 423 ss
324 344 460 423 quateris
484 340 574 422 aliqui
599 342 793 421 scripserint,
818 346 968 403 nationem
994 338 1001 381 ¹
1106 342 1141 405 ln
1160 342 1357 405 sacrificando
1384 354 1504 407 utuntur
1530 349 1706 407 vestimento
1727 356 1830 405 nostro

162 438 243 501 illam
268 434 357 499 valde
382 436 530 495 inimicam
556 454 626 495 esse
651 434 756 505 nobis,
787 438 838 515 qui
864 432 969 496 sede·
1025 436 1127 497 simili.
1154 438 1280 497 Sacrum
1299 458 1354 498 seu
1375 442 1467 499 missa
1486 442 1617 520 ipsomm
1636 439 1757 517 longior
1777 452 1831 499 est

162 530 371 615 spostolicae·
395 532 601 607 aquiescimus,
632 528 703 587 mihi
733 540 833 589 tamen
861 548 968 591 secure
1027 549 1116 609 quam
1136 530 1214 591 dnae
1233 544 1365 591 nostrae.
1386 534 1511 593 Sacnsm
1531 536 1570 592 sit
1590 532 1690 610 lingna
1706 532 1830 611 vulgari.

160 624 284 685 credere
310 634 423 705 potest,
450 642 511 681 rem
536 642 595 683 non
622 624 663 685 ita
688 642 725 681 se
745 620 864 683 habere.
903 620 967 683 set
1027 624 1155 705 Semper
1180 634 1280 685 astant
1308 622 1368 685 duo
1389 626 1435 686 vel
1462 640 1524 687 tres
1543 626 1672 687 Diacoui
1693 646 1830 707 praesen·

162 720 221 779 lsoe
240 720 438 777 certissinu·
458 724 521 791 est,
551 734 606 777 ess
632 716 721 777 etia-
741 736 808 777 cum
827 718 967 797 suspiriis
1027 728 1089 789 tes,
1119 736 1157 777 ae
1179 716 1319 777 similiter
1342 720 1409 779 sine
1433 720 1653 781 intermissione
1678 730 1829 780 canentes.

161 814 254 873 teneri
276 806 428 869 desiderio
446 806 595 869 videndae
615 808 729 869 Romae
755 818 785 867 et
805 807 967 869 visitando·
1027 808 1173 871 interdum
1194 808 1331 891 llospodi
1357 810 1495 892 pomiluj.
1519 808 1665 872 interdum
1692 832 1767 871 vero
1793 816 1828 872 ln-

160 924 223 967 rum
244 922 395 963 sacrorum
418 902 564 977 locorum,
591 900 641 961 ubi
668 923 704 963 es
729 900 857 962 lectione
877 902 968 963 luisto·
1025 902 1205 983 gemiuando
1229 902 1362 983 Alleluja
1394 904 1539 985 ,lllelujaz
1572 904 1709 965 similiter
1730 924 1827 966 omnes

159 1002 266 1059 riarum
298 996 465 1063 intellieunt
495 1014 606 1077 pasus
633 1006 664 1057 rt
692 994 831 1075 sepultos
858 996 969 1059 multos
1026 998 1256 1059 circumstantes
1280 1008 1404 1067 nuum,
1430 1002 1570 1058 essetinuo
1594 1002 1683 1077 signo
1702 998 1741 1059 S.
1764 998 1825 1060 t'ru-

160 1092 309 1163 Sanum,
330 1110 406 1171 quos
425 1088 468 1149 illi
487 1088 565 1169 plus,
586 1108 673 1169 quam
693 1108 799 1149 omnes
819 1087 967 1151 Catholici
1027 1092 1073 1149 cis
1093 1110 1129 1151 se
1149 1088 1307 1169 signando.

160 1196 338 1245 venerantur
363 1194 394 1243 et
419 1182 581 1241 celelsrant.
628 1178 885 1259 Quemadmodum
916 1184 968 1258 illi,
1103 1182 1137 1245 ln
1165 1203 1222 1243 usu
1250 1182 1360 1244 habent
1388 1182 1533 1245 candelas
1558 1196 1588 1245 et
1608 1188 1770 1265 imagines,
1800 1196 1828 1246 et

159 1282 209 1361 qui
230 1276 300 1337 milri
322 1274 456 1355 adjuncti
478 1274 610 1346 luensnt,
631 1274 800 1355 frequenter
817 1296 855 1336 ea
876 1272 915 1337 de
935 1296 968 1337 re
1026 1276 1085 1337 alia
1111 1280 1210 1339 omrria
1229 1280 1325 1337 instar
1342 1278 1580 1339 t'atlsoliconrm.
1601 1288 1631 1339 et
1659 1279 1827 1359 specialiter

159 1392 274 1433 mecum
294 1368 496 1441 contulerunt,
517 1388 636 1449 semper
654 1368 836 1429 allinnantes
856 1370 886 1429 in
907 1374 968 1431 vita
1027 1382 1148 1429 utuntur
1175 1391 1253 1450 aqua
1287 1368 1451 1431 Benedicta
1482 1382 1511 1431 et
1542 1370 1616 1431 sale.
1673 1370 1827 1433 Postremo

158 1484 195 1527 se
221 1464 293 1525 nilsil
315 1466 411 1539 magis
432 1482 556 1543 rupere,
583 1482 670 1541 quam
691 1482 727 1523 ea
747 1462 814 1523 loca
835 1466 967 1539 visitare,
1026 1462 1178 1523 Sacerdos
1209 1460 1361 1524 distribuit
1391 1476 1472 1524 certa
1501 1463 1594 1524 lrusta
1624 1468 1715 1545 panis
1746 1464 1826 1527 lteue·

159 1568 191 1619 et
217 1562 343 1618 masi-e
368 1554 406 1617 B.
434 1554 588 1631 Virginem
614 1556 830 1631 Lauretanam,
856 1558 968 1617 rectius
1026 1554 1114 1631 dicti,
1136 1576 1217 1637 ¹quae
1236 1556 1365 1637 populus
1386 1577 1451 1617 curn
1471 1576 1577 1633 magna
1597 1562 1766 1619 reverentia
1785 1580 1825 1619 ae·

159 1652 218 1711 illis
239 1662 356 1725 sentam,
384 1668 471 1729 quam
498 1648 600 1709 multis
625 1648 724 1709 Gallis
745 1660 776 1709 et
796 1648 967 1711 Germanis.
1025 1652 1113 1730 cipit,
1140 1648 1258 1709 donum
1284 1648 1439 1721 delerens;
1470 1660 1500 1709 et
1526 1652 1564 1711 iis
1584 1653 1636 1731 qui
1656 1654 1756 1711 sacris
1773 1672 1825 1711 uos

158 1748 207 1807 ,tc
227 1764 281 1825 pro
302 1742 407 1823 majori
420 1752 594 1821 argumento
614 1752 644 1802 et
659 1740 881 1803 confirmatione
901 1744 967 1824 ejus
1026 1742 1231 1817 interfuerunt,
1252 1764 1306 1823 per
1325 1745 1419 1803 micas
1437 1742 1544 1803 saltem
1563 1740 1729 1805 distribuit.

158 1842 201 1899 rei
221 1836 333 1897 l'estra
353 1832 560 1897 lllsstrissima
575 1834 749 1897 Dominstio
768 1838 856 1905 sciat,
875 1834 966 1916 quod,
1103 1834 1138 1897 ln
1171 1840 1360 1898 monasteriis
1396 1832 1529 1917 qnotidie
1564 1840 1594 1897 iu
1624 1836 1709 1899 Galli
1746 1850 1825 1899 cantu

157 1930 227 1991 dum
248 1950 305 2009 eqo
326 1940 457 2010 peterem
478 1925 542 1989 dari
562 1928 633 1989 milri
655 1938 834 2009 potestatem
846 1926 966 1991 videndi
1026 1932 1120 1991 missa
1140 1928 1317 2001 celebratur,
1337 1928 1377 1989 ad
1397 1950 1484 2011 quam
1504 1930 1561 1991 soli
1581 1932 1709 1993 imculi
1730 1922 1826 1993 conv'e-

158 2028 318 2101 imaqinem
340 2022 375 2083 S.
396 2020 533 2095 Nicolai‚
560 2040 647 2101 quam
675 2024 732 2102 ipsi
754 2024 860 2082 eximie
878 2042 967 2083 vene·
1025 2024 1126 2083 niuut.
1151 2020 1398 2103 quemadmodum
1426 2024 1507 2083 multi
1533 2044 1634 2083 eonem
1661 2046 1702 2087 ex
1720 2026 1826 2087 fervore

157 2128 269 2191 mitur,
289 2115 502 2176 humanissime
523 2114 592 2173 milri
613 2112 700 2174 luerit
721 2136 914 2195 responsum,
934 2114 965 2175 id
1026 2112 1193 2176 devotionis
1212 2114 1374 2195 pervigiles
1394 2128 1498 2177 rroctes
1520 2138 1665 2179 unacum
1680 2118 1826 2179 mortariis

158 2210 228 2271 milri
259 2230 318 2269 sion
345 2212 379 2269 iri
408 2220 562 2287 negatum,
593 2210 620 2265 si
646 2210 785 2287 sistiquae
810 2207 966 2270 Romanae
1025 2218 1133 2285 agunt,
1160 2212 1210 2288 qui
1237 2206 1370 2289 quotidie
1397 2208 1560 2291 psallentes
1580 2210 1680 2271 Deum
1702 2210 1825 2283 landant,

157 2304 311 2381 religionis
330 2322 441 2373 essem,
460 2308 492 2361 et
512 2320 570 2359 non
590 2298 779 2361 Lutlseranus
798 2304 885 2381 (quia
906 2306 964 2383 ipsi
1023 2301 1093 2361 aliis
1112 2298 1333 2373 recedentibus,
1353 2301 1421 2363 aliis
1440 2302 1686 2365 succedentibus.
1728 2302 1762 2365 ln
1780 2302 1818 2365 ds

157 2416 276 2477 quoque
303 2394 360 2455 lroc
387 2390 534 2453 vocalrulo
561 2400 695 2465 sstuntur)
719 2402 750 2453 et
770 2397 875 2473 majori
895 2394 965 2455 odio
1024 2392 1123 2453 mibus
1142 2396 1274 2473 ipsomm
1294 2406 1363 2454 stnrt
1385 2398 1531 2473 imagines
1550 2396 1780 2465 devotissimae,
1800 2410 1827 2459 et

157 2510 246 2571 quani
271 2486 388 2549 Tunicas
413 2494 646 2567 prosequendum
671 2488 712 2547 its
734 2486 819 2549 lleus
846 2508 893 2549 me
913 2486 964 2549 ad·
1023 2506 1111 2545 ssemo
1130 2490 1190 2546 exit
1213 2487 1260 2546 rel
1281 2491 1380 2549 intrat.
1400 2492 1571 2569 priusquam
1590 2500 1638 2553 ter
1652 2510 1691 2553 se
1709 2492 1827 2554 inclina·

154 2586 250 2663 juret.
1022 2583 1117 2640 verint
1148 2590 1218 2641 ante
1251 2582 1408 2659 imaginem
1436 2580 1566 2643 crucilisi
1600 2582 1646 2643 vel
1675 2582 1828 2665 lleiparae

235 2670 384 2735 Videntur
412 2671 509 2749 magis
539 2674 752 2745 ceremoniosi,
783 2694 871 2752 qnam
905 2694 963 2735 nos
1023 2670 1166 2751 l'irgiuis.
1199 2674 1286 2749 Quas
1308 2679 1338 2733 in
1356 2674 1454 2735 stubis
1475 2676 1521 2734 vel
1546 2678 1662 2737 rueris
1681 2680 1826 2737 continue

156 2767 314 2833 Catholici.
335 2766 494 2847 Nunquam
515 2774 670 2825 narrsane
690 2770 898 2827 mortasterium
911 2778 964 2829 aut
1022 2784 1088 2825 cum
1109 2766 1218 2827 lumine
1238 2780 1427 2835 conservant,
1447 2780 1477 2829 et
1498 2766 1627 2849 qnotidie
1644 2788 1680 2829 se
1697 2772 1829 2847 siqnant

155 2860 239 2924 aliud
267 2860 409 2941 templum
439 2858 487 2919 vel
516 2858 622 2919 saltem
649 2860 766 2935 signius
793 2860 828 2921 S.
856 2862 965 2921 crescis
1021 2862 1109 2936 signo
1140 2858 1177 2917 S.
1203 2862 1331 2931 Crucis,
1363 2860 1501 2923 dicentes
1533 2858 1668 2943 llospodi
1691 2864 1828 2943 pomilni.

156 2954 283 3037 (quibus
302 2972 408 3013 onmes
427 2950 490 3011 lere
503 2950 622 3031 plateae
635 2960 665 3009 et
678 2950 776 3027 anguli
789 2952 867 3030 pleni
879 2960 965 3027 suist)
1023 2954 1072 3013 Ac
1102 2956 1273 3033 priusquam
1303 2958 1392 3014 istam
1423 2957 1623 3016 ceremoniam
1652 2960 1828 3037 peregerint,

155 3052 236 3111 sicut
257 3056 288 3108 ct
307 3046 367 3119 illi,
396 3048 445 3123 qui
472 3052 706 3117 memmerunt,
737 3042 902 3119 iaciebant,
928 3068 965 3107 es
1023 3066 1120 3124 neque
1147 3049 1272 3107 invicem
1292 3048 1424 3108 salutant
1450 3060 1480 3107 et
1505 3048 1714 3127 alloquuntur,
1736 3070 1827 3131 neque

156 3144 244 3222 equis
271 3148 301 3201 et
327 3138 465 3199 curribus
490 3133 727 3211 descendentes,
758 3148 789 3197 et
815 3142 899 3217 quasi
925 3138 965 3199 ad
1022 3136 1081 3197 sibi
1112 3140 1236 3199 invicem
1269 3139 1447 3201 valedicunt.
1496 3139 1688 3221 Frequenter
1717 3160 1826 3221 quisque

156 3246 265 3297 terrast
292 3252 390 3313 genua
417 3230 589 3301 llectentes,
618 3228 714 3291 trilsus
739 3230 857 3291 vicibus
878 3236 966 3311 signo
1023 3238 1144 3289 utuntur
1171 3234 1258 3311 signo
1285 3234 1320 3293 S.
1342 3237 1448 3295 Cmcis
1468 3232 1506 3294 ad
1525 3254 1675 3295 messsam.
1716 3234 1755 3295 Et
1770 3234 1828 3295 l'e·

156 3328 192 3389 S.
215 3326 322 3387 Crucis
341 3346 377 3386 se
401 3327 559 3404 signantes
587 3326 744 3403 sequentia
770 3324 862 3386 verba
886 3324 965 3387 dice·
1023 3334 1086 3384 stra
1123 3324 1329 3387 lllustrissima
1367 3327 1537 3387 Domiuatio
1572 3346 1688 3390 secure
1722 3326 1828 3391 eredat.

155 3420 245 3483 bant:
295 3416 434 3499 llospodi
473 3416 612 3497 pomiluj‚
651 3416 790 3497 llospodi
831 3418 966 3501 pomilnj,
1023 3416 1103 3497 quod
1129 3418 1179 3479 ille
1203 3418 1335 3498 Magnus
1360 3419 1507 3501 Princeps
1537 3440 1695 3501 nunquam
1720 3420 1828 3483 burrel-

154 3510 293 3595 llospodi
312 3512 433 3593 pomiluj
455 3510 513 3571 lsoc
532 3518 591 3579 est,
623 3520 670 3571 ter
689 3510 787 3583 Κύριε
807 3506 942 3571 iissem.
1023 3510 1081 3569 lam
1107 3515 1194 3591 pasus
1219 3517 1370 3594 acceperit
1397 3524 1449 3575 aut
1470 3512 1564 3575 semel
1585 3512 1704 3577 lsilserit
1722 3516 1829 3597 alteque

231 3608 280 3669 Ac
311 3614 418 3687 postea
448 3602 500 3663 ulti
533 3605 742 3685 pervenissent
770 3602 810 3665 ad
842 3604 964 3686 aliquod
1022 3607 1109 3682 signo
1130 3605 1164 3663 S.
1185 3608 1301 3666 Crucis.
1343 3604 1433 3677 Quod
1459 3626 1516 3686 ego
1534 3606 1738 3671 vehementer
1755 3612 1828 3671 mira

154 3701 315 3783 templum,
335 3698 385 3759 tilii
407 3700 500 3758 sarissa
521 3694 679 3773 diceretur,
699 3718 847 3777 uunquam
868 3710 964 3761 trans·
1022 3706 1071 3757 tus
1090 3717 1166 3767 sum,
1185 3718 1251 3758 euni
1272 3720 1370 3759 essens
1384 3720 1450 3759 curn
1470 3720 1507 3761 co
1520 3698 1560 3759 ad
1580 3720 1735 3763 messsam.
1756 3702 1827 3763 Sciat

153 3801 197 3859 ire
217 3794 330 3868 volunt,
351 3794 410 3853 nisi
430 3795 515 3873 prius
533 3792 708 3851 intraverint
722 3800 753 3851 et
772 3794 893 3853 missam
913 3814 963 3855 au·
1022 3810 1139 3871 quoqne
1175 3790 1346 3852 llonrinatio
1386 3792 1495 3854 Vestra
1533 3792 1751 3857 lllustrissima
1782 3814 1826 3857 ess

153 3888 298 3963 diverint,
320 3906 417 3967 gersus
437 3884 605 3957 flectentes,
624 3894 655 3943 et
674 3883 821 3945 lrontilsns
841 3894 894 3945 aut
912 3906 963 3967 pa·
1022 3886 1237 3945 usitatissimas
1258 3884 1368 3945 trabere
1387 3888 1611 3966 processiones.
1642 3888 1678 3948 ln
1699 3888 1753 3950 die
1770 3888 1824 3969 lip'e

153 3988 313 4045 risnestum
337 3990 390 4041 aut
414 3983 542 4040 vicinum
568 3982 711 4059 parietem
735 3978 907 4059 pulsantem
932 3990 964 4042 et
1021 3976 1194 4057 phaniarum
1225 3976 1362 4051 Domini,
1395 3982 1529 4058 «pirannis
1558 3984 1747 4043 acerrimum
1771 3980 1823 4061 μὴ

154 4078 211 4137 lsoc
233 4078 419 4157 praesertim,
440 4093 506 4133 enm
528 4070 662 4131 elevatur
681 4080 712 4131 et
731 4082 867 4153 promatur
886 4074 962 4135 San-
1023 4070 1127 4143 luerit,
1166 4080 1265 4130 tanrcn
1302 4075 1459 4132 conversus
1497 4070 1606 4133 ttterus
1643 4084 1678 4135 ct
1711 4074 1822 4157 popsh

153 4170 288 4231 ctissime
298 4166 497 4231 Etrcltaristia.
520 4163 698 4245 Principalis
710 4170 962 4231 nreusassistens.
1022 4167 1124 4225 exiens
1144 4167 1292 4225 civitatens
1311 4165 1554 4237 lirolrolsnszam,
1583 4166 1641 4227 nbi
1669 4176 1748 4229 tnnc
1765 4168 1821 4229 lsrtr

152 4264 203 4345 qui
223 4260 280 4323 tstt
298 4260 471 4321 Demetrius
492 4257 629 4331 Alcman,
649 4278 797 4339 nunqnam
818 4264 902 4340 prium
923 4264 961 4320 ei·
1022 4276 1116 4327 eram,
1136 4276 1202 4315 curn
1224 4256 1372 4318 Crinibus
1399 4267 1426 4319 et
1450 4258 1563 4319 vexillis
1591 4258 1636 4319 ad
1662 4264 1763 4341 ripam
1781 4260 1820 4323 de

151 4352 223 4419 but
241 4356 367 4423 sumsit,
392 4372 480 4431 quam
507 4354 628 4410 nsissatn
655 4350 829 4413 audivisset.
869 4354 905 4415 lit
929 4363 962 4415 ut
1021 4348 1263 4429 rvstlrenislluvii
1284 4354 1373 4425 venit,
1393 4350 1443 4410 ubi
1464 4362 1642 4413 marrsernnt
1658 4354 1735 4435 plus
1754 4370 1819 4435 qs·

154 4444 385 4521 muletetur,
411 4464 469 4523 ego
490 4464 638 4523 stusrqusm
665 4444 782 4503 interlui
803 4446 891 4507 alicui
912 4468 961 4507 eo·
1020 4465 1076 4525 pcr
1106 4447 1251 4521 integrans
1280 4442 1381 4503 horam
1407 4440 1535 4503 dicendo
1560 4444 1680 4508 multos
1708 4448 1820 4531 psall·

162 4560 216 4607 1
234 4558 340 4615 sacre,
365 4548 428 4599 tuns
448 4536 489 4597 ols
510 4534 557 4609 id,
583 4556 621 4595 uc
646 4556 713 4595 cum
740 4558 840 4597 cortem
867 4540 960 4601 scitis-
1021 4546 1052 4598 et
1077 4539 1245 4607 orationem
1273 4544 1301 4595 et
1329 4535 1385 4595 lroc
1411 4544 1505 4596 totum
1531 4534 1632 4599 luisse
1664 4539 1819 4602 laetu-'s

162 4644 231 4701 sata
259 4636 488 4717 prticiparem,
517 4638 579 4689 turn
612 4632 683 4710 spuria
715 4627 793 4689 idem
820 4630 888 4691 Dus
914 4654 960 4694 me
1020 4628 1370 4691 memosansatvatorts
1383 4630 1476 4689 nostri
1489 4628 1637 4708 baptizati
1657 4636 1692 4693 in
1706 4630 1819 4695 Jocdsst

149 4723 321 4801 meat,
351 4746 411 4787 non
436 4744 542 4785 omnes
575 4742 622 4782 mc
654 4726 684 4783 in
710 4742 812 4783 eorum
841 4726 960 4807 templis
1019 4723 1161 4785 intellexi.
1202 4722 1235 4783 ln
1257 4722 1458 4783 sanctissimo
1478 4720 1680 4802 baptismate,
1703 4720 1820 4809 qnsdd

149 4816 279 4881 lbnter
297 4822 435 4891 visurum
463 4814 519 4877 sed
540 4814 654 4877 doloris
673 4814 713 4877 ad
734 4820 829 4877 instar
849 4838 960 4881 eorum.
1019 4821 1096 4899 ipsts
1121 4819 1195 4876 tanti
1221 4814 1268 4889 fit,
1295 4818 1396 4895 quanti
1422 4835 1440 4874 a
1466 4814 1568 4885 nobis,
1603 4816 1723 4881 eodem
1753 4822 1819 4881 eth

150 4912 203 4991 qd
222 4928 290 4971 essm
307 4910 481 4973 nalieriltus
496 4914 665 4973 conversati
688 4918 794 4970 essesut
813 4920 841 4972 et
863 4934 959 4994 neque
1019 4909 1108 4971 inodo
1127 4908 1366 4983 srlniinistratnr,
1391 4916 1518 4988 excepto
1543 4928 1582 4968 eo
1610 4911 1701 4991 qnod
1723 4910 1820 4973 died

149 4998 280 5063 tsbsstt
293 5022 389 5083 nequa
398 5002 451 5065 loti
472 5014 585 5069 esseut,
607 5001 666 5063 virli
688 5024 788 5064 eorum
804 5024 890 5066 sacra
911 5028 957 5067 ce·
1019 5006 1192 5086 llaptisetnr
1213 5002 1310 5063 inians
1328 5004 1385 5061 iste
1406 5004 1435 5060 in
1450 5003 1567 5061 tremine
1587 5000 1703 5067 Patris
1722 5016 1754 5067 et
1772 5000 1819 5065 ΓΕ

148 5094 274 5167 hbui,
292 5112 361 5155 crim
380 5116 419 5157 ea
438 5094 614 5157 devotione.
635 5118 692 5175 qua
714 5100 811 5177 strajor
831 5096 890 5158 dici
910 5104 957 5160 vis
1017 5108 1048 5159 et
1067 5099 1198 5175 Spiritus
1220 5096 1340 5168 suncti,
1364 5096 1468 5155 elmen.
1496 5093 1528 5153 ln
1549 5092 1766 5159 Sanctissimae
1781 5096 1818 5155 dr

234 5194 338 5247 'vtul-
982 5224 986 5279 !
1018 5200 1169 5251 erattsento
1184 5190 1385 5269 praesidentiae
1400 5185 1495 5247 idern:
1518 5198 1649 5269 excepto
1675 5190 1816 5271 sqttodrss
