3742 5626
127 146 182 203 roe
666 142 900 207 amandun!
921 141 1241 207 llEdllllNS'l'ElNll

130 305 259 389 orandique
280 303 462 380 circumlato,
482 308 600 385 agitans
618 309 681 388 jara
708 308 805 367 antimo
825 304 934 367 bellum
993 326 1050 366 sna
1069 305 1169 385 lingue
1186 305 1284 367 Mosei
1304 304 1506 385 appellabant:
1526 312 1555 365 et
1574 304 1682 385 oppido
1701 302 1797 385 Zapo-

130 400 354 474 liitbuanicnm,
375 398 553 479 Vilnarnque
581 402 719 481 opinione
747 399 935 479 praecipiens
992 398 1074 459 lotta.
1095 398 1125 458 Α
1146 396 1396 459 meridieDunam
1416 396 1516 471 habet,
1536 399 1585 477 qui
1605 397 1724 457 modico
1737 416 1801 457 rer·

130 490 234 553 sedern
254 491 443 554 bellointuro
457 499 615 573 posuerat:
635 493 735 570 itaque
750 499 855 552 oratura
867 496 936 550 arcte
993 510 1048 552 sus
1068 488 1264 551 Occidentem
1284 489 1380 567 flexu,
1407 494 1491 551 reeta
1515 489 1584 549 iude
1603 489 1712 568 Rigan:
1737 493 1801 549 teu·

108 586 357 647 ⁰rnunitissimanr
377 604 468 665 oqrere
487 585 707 659 communierat,
727 587 866 663 omnique
885 602 935 663 ap·
993 582 1052 654 dit,
1078 583 1116 645 ad
1141 602 1267 662 eamque
1292 603 1373 655 mare
1393 582 1496 645 induit.
1535 582 1654 644 Pololta
1678 590 1762 643 reete
1781 602 1802 642 e

132 686 255 759 qraratns
279 677 380 738 bellici
411 697 520 755 genere
547 679 742 739 instruxerat:
767 696 878 758 panca,
903 682 937 734 ut
994 676 1207 759 septentrione
1237 695 1327 737 eursu
1356 676 1477 758 paulum
1508 695 1615 736 versus
1645 672 1801 736 Oriente·

133 768 282 851 praesidia
302 770 492 830 instructiore
513 788 549 829 co
569 767 703 832 baberet
724 768 780 833 llis
792 768 936 829 Crasnam
994 770 1052 830 sub
1088 788 1156 831 arce
1192 768 1473 849 sclcppctariorom‚
1515 766 1586 828 inde
1620 788 1738 829 rursum
1770 768 1801 829 in

133 860 416 944 superadjunxerot‚
448 863 594 943 superiori
620 866 650 924 in
675 863 742 924 loco
769 858 870 921 itidem
897 856 938 920 ad
994 863 1225 940 septentrionem
1251 860 1421 931 declinans,
1446 859 1625 940 radicesque
1643 860 1748 932 collis,
1771 861 1801 921 in

134 954 323 1016 Litbuanirnn
339 962 506 1036 spectante.
530 954 641 1017 vasaei
660 956 750 1035 igitur
769 953 937 1014 bitbuanioi
994 974 1053 1036 que
1064 955 1200 1036 superior
1218 973 1270 1017 arx
1279 955 1376 1034 posita
1387 960 1445 1025 cst,
1465 953 1644 1032 complexus,
1663 951 1803 1015 madem-

134 1048 296 1109 Franeisco
316 1045 399 1109 Suco
418 1046 506 1109 Duce
526 1045 565 1109 ad
585 1046 656 1109 belli
675 1051 812 1129 suscepit
830 1046 938 1108 buram
995 1068 1054 1130 que
1079 1048 1118 1108 ab
1143 1046 1253 1128 oppido
1278 1064 1441 1128 separans,
1466 1047 1495 1107 iu
1520 1046 1670 1107 meridiem
1695 1065 1803 1107 versus

134 1143 164 1201 in
182 1138 294 1201 linibus
313 1139 404 1219 globo
430 1137 510 1202 iacto
531 1142 676 1201 Crasnarn
701 1148 792 1202 noctu
816 1144 939 1221 repente
996 1140 1084 1222 paulo
1104 1138 1180 1201 inira
1206 1159 1275 1200 curn
1307 1139 1404 1200 locurn
1430 1159 1496 1201 eum
1520 1139 1610 1200 Dnna
1630 1139 1802 1200 commisce·

134 1232 227 1295 scalis
247 1229 377 1295 admotis
396 1230 493 1295 adorti
505 1230 656 1315 praesidio
670 1231 939 1311 munitionibusque
997 1246 1055 1297 tur.
1093 1231 1207 1308 Media,
1228 1252 1317 1313 quam
1337 1232 1482 1302 diximus,
1502 1252 1553 1293 arx
1575 1233 1604 1292 io
1625 1230 1704 1293 colle
1723 1230 1803 1293 altis

135 1346 172 1387 ac
191 1328 269 1388 satis
288 1346 396 1405 magna
416 1333 598 1387 commeatus
619 1328 705 1408 copia
726 1345 785 1386 una
805 1343 872 1384 crim
892 1342 939 1384 ca·
997 1326 1092 1386 simos
1111 1324 1275 1407 despectus
1294 1324 1424 1386 habetne
1445 1326 1552 1404 posita,
1571 1345 1591 1385 a
1608 1324 1749 1395 meridie,
1771 1328 1805 1385 ut

134 1418 222 1481 stello
251 1416 420 1501 potiuntur.'
458 1419 508 1483 Ab
534 1418 628 1481 altera
651 1426 736 1499 parte
761 1417 939 1479 Cossiauunr
997 1422 1152 1479 ostensum
1172 1423 1229 1490 cst,
1249 1418 1336 1481 Duua
1356 1417 1492 1479 flumine:
1516 1417 1756 1497 aseptentrionc
1773 1426 1805 1477 et

137 1508 344 1573 Ultraduuana
377 1532 428 1573 arx
458 1512 548 1572 simili
573 1518 682 1573 eventu
708 1512 864 1591 repentina
893 1528 940 1569 ex·
998 1508 1296 1573 ortuPolottaflurio
1315 1509 1480 1591 oppidoque
1499 1509 1673 1592 Zapolotta:
1692 1510 1733 1570 ab
1746 1507 1805 1571 oe

136 1607 276 1668 cumiano
296 1605 480 1666 Cosaeorurn
500 1606 616 1685 capion
642 1611 673 1665 et
693 1601 817 1665 deletur.
853 1600 941 1664 Pala·
1000 1602 1118 1663 cideuto
1153 1603 1221 1665 sole
1254 1602 1516 1684 scloppetariornm
1552 1621 1636 1674 arce,
1672 1601 1806 1682 nanque

135 1699 216 1759 tinus
235 1701 350 1759 interint
371 1697 525 1759 Vilncnsis
544 1696 693 1759 Polotiam
713 1714 778 1757 οιιιιι
798 1696 846 1767 iis,
866 1712 943 1774 quas
1000 1700 1108 1767 monte,
1127 1697 1176 1757 cui
1195 1696 1326 1756 imminet
1338 1701 1503 1778 praerupto,
1520 1695 1737 1774 altissimisque
1746 1694 1805 1757 tae

137 1792 218 1851 circa
227 1811 263 1852 se
273 1788 413 1865 babebat,
435 1792 530 1872 copiis
541 1797 727 1870 peruenerat:
751 1808 826 1869 quas
836 1786 941 1848 hostes
1001 1789 1046 1851 sis
1066 1809 1103 1849 ac
1123 1789 1211 1862 vallo,
1231 1789 1338 1869 queris
1359 1789 1421 1849 iere
1441 1789 1565 1851 artiticio
1591 1788 1681 1849 lactis
1700 1788 1805 1849 firmio·

137 1883 304 1961 conspicati
321 1881 423 1943 subito
443 1885 548 1964 copias
566 1902 640 1942 suas
660 1890 742 1944 extra
763 1880 942 1941 marritiones
1001 1883 1084 1943 ribus
1104 1882 1327 1945 continebatur:
1352 1901 1453 1943 muros
1478 1892 1510 1942 et
1529 1880 1752 1963 propugnacula
1768 1901 1805 1945 u

136 1973 297 2053 productas
315 1976 373 2035 sub
392 1976 485 2058 portis
504 1975 666 2036 instmctas
685 1973 862 2034 ostendunit
881 1971 942 2033 nul·
1001 1975 1115 2055 aliquot
1133 1978 1210 2036 inter
1228 1995 1265 2035 se
1284 1974 1431 2035 devinctis
1458 1974 1705 2036 ualidissimorum
1723 1974 1805 2035 robe-

138 2070 228 2147 laqne
243 2070 328 2151 justa
346 2068 493 2148 pugnandi
516 2068 657 2129 facultate
677 2066 747 2127 dota
767 2070 841 2127 intra
852 2065 943 2125 muni·
1002 2089 1064 2129 rom
1083 2066 1238 2129 ordinibus
1253 2068 1420 2129 firmissima
1433 2066 1577 2143 babebat:
1595 2066 1806 2147 scloppctario·

139 2160 240 2221 tiones
260 2182 297 2221 so
317 2163 476 2243 rccipinnt3
496 2181 590 2240 eques
607 2167 704 2221 tamen
716 2156 866 2241 pugnandi
886 2158 944 2219 aui·
1002 2182 1065 2221 rum
1084 2181 1138 2223 arx
1159 2161 1289 2221 inferiori
1307 2160 1374 2220 loeo
1394 2180 1533 2221 occasum
1554 2180 1661 2221 versus
1681 2161 1713 2221 in
1731 2158 1807 2221 colle

139 2252 197 2313 dns
216 2251 276 2312 sub
301 2254 368 2335 ipsa
395 2256 510 2315 moenia
532 2256 560 2314 in
581 2274 636 2314 cas
656 2258 829 2331 provectus,
854 2270 945 2310 unum
1002 2263 1102 2315 tamen
1122 2252 1237 2314 modice
1261 2253 1367 2315 ac'cliri
1391 2255 1491 2334 posita
1514 2254 1553 2315 ab
1572 2251 1700 2313 Oriente
1725 2254 1807 2315 brevi

139 2352 230 2428 atque
254 2349 377 2409 alterum
404 2347 501 2407 bostis
531 2347 686 2406 transfixit.
733 2344 848 2407 Eodem
874 2349 945 2403 tem·
1004 2352 1092 2426 poulo
1111 2366 1176 2407 cum
1198 2346 1343 2427 superiori
1369 2366 1439 2407 arce
1463 2347 1707 2429 conjungebatur.
1746 2344 1808 2427 Op·

146 2438 674 2520 poreHnagorietLitbunrriSiloam,
686 2436 947 2516 viaquael‘lesco·
1005 2436 1105 2519 pidum
1125 2458 1193 2500 cum
1214 2439 1283 2499 olim
1303 2440 1349 2499 cis
1369 2438 1518 2500 Polottam
1538 2440 1594 2500 sub
1614 2438 1702 2512 colle,
1721 2460 1808 2521 quem

147 2533 223 2595 riam
241 2533 336 2603 ducit,
363 2532 464 2593 subito
485 2530 600 2591 l’olotia
625 2535 833 2602 excurrentes,
859 2538 890 2589 ut
916 2549 948 2588 rc
1004 2530 1266 2612 scloppetarierum
1286 2538 1392 2612 postea
1410 2552 1479 2593 arce
1497 2530 1626 2595 Mesena
1650 2534 1809 2595 communi·

146 2625 297 2703 mprorisa
323 2634 355 2684 et
384 2625 539 2706 repentino
571 2644 636 2685 cam
662 2622 832 2683 incendunt.
871 2622 946 2682 Cum
1003 2626 1056 2695 rit,
1076 2624 1199 2686 luisset:
1225 2623 1355 2695 deletura
1375 2626 1405 2685 io
1424 2629 1643 2706 oppugnatione
1660 2627 1702 2689 ab
1720 2626 1810 2689 berte

140 2717 288 2779 l'elotiam
308 2715 376 2777 Rex
395 2717 460 2793 iret,
480 2715 803 2797 alacroqucSoeolam
817 2718 946 2775 castrum
1004 2716 1116 2792 suerat:
1136 2724 1244 2799 postea
1263 2738 1329 2779 cum
1349 2718 1518 2781 confirmata
1531 2721 1595 2803 jam
1612 2721 1809 2799 noum

141 2810 252 2873 hostile
271 2810 404 2881 baberet,
423 2809 538 2869 ueritus
558 2829 596 2868 ne
609 2809 770 2891 majoribus
788 2829 808 2870 a
827 2808 945 2869 Plesco·
1003 2818 1122 2891 prcpter
1139 2812 1380 2873 commerciorum
1399 2830 1495 2883 usuum
1520 2832 1643 2893 quom·
1661 2811 1731 2873 loco
1747 2816 1807 2875 tan

142 2905 191 2966 via
216 2903 362 2967 subsidiis
388 2902 573 2973 summissis,
604 2903 782 2964 commeatui
813 2921 851 2963 ac
876 2899 946 2962 sub·
1004 2909 1168 2984 opportuno
1194 2924 1310 2965 summa
1336 2902 1465 2966 secutas
1489 2909 1552 2976 est,
1584 2910 1754 2969 rectamne
1777 2905 1809 2969 id

92 2996 95 3005 '
142 2998 329 3058 coctionibus
359 2996 469 3056 uostris
505 2995 682 3055 incommodi
710 2992 821 3074 aliquid
846 3012 883 3055 ex
908 3013 946 3053 eo
1005 2996 1187 3058 institueret:
1215 2997 1294 3077 qnod
1319 2998 1358 3059 ab
1389 2998 1441 3057 illa
1461 3003 1544 3077 parte
1563 2999 1688 3061 maxine
1706 3020 1810 3082 oppor-

142 3088 240 3151 bostis
258 3089 394 3164 alicrret,
419 3109 457 3148 en
483 3086 522 3147 ad
548 3085 578 3146 id
598 3086 826 3168 oppugnandum
846 3106 884 3149 cx
903 3087 947 3146 iti·
1004 3098 1077 3149 tuna
1096 3090 1273 3171 oppugnatio
1293 3092 1322 3151 cl
1341 3091 1452 3166 lucrat,
1472 3092 1586 3152 veritus
1603 3111 1642 3152 ue
1657 3090 1729 3153 iude
1746 3113 1808 3153 rur·

144 3202 215 3243 nere
235 3182 409 3256 diverteret,
436 3200 500 3240 com
521 3178 653 3240 lllielctio
673 3179 871 3241 deliberabat:
896 3198 946 3239 re·
1003 3200 1069 3242 som
1090 3183 1202 3241 nocuis
1221 3189 1345 3263 pateret,
1363 3189 1446 3244 maus
1466 3182 1608 3245 Polcttan
1625 3182 1740 3243 derium
1759 3190 1804 3244 at-

144 3296 207 3337 rum
226 3281 334 3357 postea
353 3294 445 3353 saepe
465 3275 604 3355 majorum
628 3294 724 3334 rerum
752 3271 947 3350 gerendarum
1005 3294 1063 3353 que
1088 3294 1230 3335 summam
1255 3296 1354 3337 arcem
1380 3276 1409 3335 in
1435 3274 1533 3339 locum
1555 3276 1629 3337 iuter
1645 3280 1807 3356 atrumque

142 3370 389 3450 opportunitatem
409 3369 438 3427 in
459 3366 663 3427 minutioribus
680 3365 948 3445 oppugnationibus
1006 3366 1114 3426 llumcn
1148 3366 1276 3428 medium
1307 3368 1512 3430 transtulerat:
1546 3372 1579 3430 ut
1607 3368 1706 3447 positu
1737 3372 1811 3450 ejus

145 3463 279 3521 consumi
304 3462 454 3538 cogitans:
479 3477 516 3518 ac
539 3456 579 3517 ad
600 3456 744 3517 Polotiam
770 3462 858 3538 caput
882 3478 947 3538 pre·
1006 3460 1094 3537 quasi
1118 3460 1303 3537 triangulari,
1335 3482 1425 3522 uuum
1450 3462 1530 3522 latus
1554 3461 1656 3533 Dona,
1685 3460 1813 3524 alternum

144 3554 260 3613 vinciae
286 3571 461 3631 properans,
490 3549 626 3609 celeriter
655 3549 808 3610 consilium
834 3550 949 3611 omisit:
1006 3572 1113 3613 versus
1132 3572 1276 3614 summam
1295 3574 1394 3615 arcem
1415 3555 1534 3617 l’olotta
1551 3555 1814 3627 bonumamicum

142 3647 295 3726 ternisque
314 3645 432 3715 castris,
450 3640 693 3724 quemadmodum
711 3640 863 3704 Mielctius
882 3662 948 3703 cum
1005 3644 1109 3705 fossae
1135 3652 1290 3727 armosque
1315 3653 1475 3709 tuerentur.
1518 3648 1597 3727 Regi
1621 3647 1816 3713 dubitandum

144 3739 282 3821 expedito
297 3740 397 3818 equite
408 3756 605 3819 praecurrens
616 3756 653 3796 ea
663 3734 843 3815 designarat,
851 3735 947 3798 Diana
1007 3758 1065 3797 non
1086 3737 1248 3810 videbatur,
1268 3740 1339 3819 quin
1356 3760 1376 3799 a
1395 3739 1492 3802 media
1511 3742 1677 3822 eademque
1697 3763 1816 3805 sumna

144 3831 288 3893 l’olotiam
319 3834 462 3914 pervenit.
514 3829 593 3892 Dum
619 3827 764 3891 Polotiam
797 3831 949 3890 exercilus
1005 3852 1042 3892 ao
1062 3833 1258 3893 munitissima
1280 3852 1350 3892 arce
1368 3833 1816 3917 ordiendaoppngnstioessst:

143 3926 309 3995 contendit,
328 3924 426 3986 lllosci
439 3924 572 3985 Polonos
592 3920 815 3997 ctLitbuanoa,
835 3943 948 4002 quesn
1007 3930 1171 4007 propterca,
1192 3924 1271 4006 quod
1291 3926 1432 4006 quicquid
1453 3929 1482 3987 in
1502 3928 1627 4009 reliquis
1647 3948 1816 4010 oppugant:-

142 4018 244 4079 multis
263 4019 350 4079 nrrrris
368 4020 398 4077 in
418 4019 556 4097 squalore
575 4022 605 4075 et
623 4014 818 4096 compedibus
837 4013 948 4075 babuc-
1007 4019 1055 4079 dis
1083 4017 1193 4078 laboris
1223 4038 1261 4079 ae
1290 4021 1433 4099 temporis
1466 4028 1645 4092 sumeretur,
1675 4040 1818 4102 suprema

144 4117 224 4180 rant,
250 4131 316 4171 cnm
343 4111 475 4170 cruciatu
495 4109 684 4183 interlectos,
715 4106 814 4187 adque
847 4109 947 4169 trabes
1007 4112 1108 4181 salua,
1129 4129 1185 4169 nec
1204 4119 1327 4192 receptu
1347 4110 1494 4185 hostibus,
1515 4136 1571 4175 nco
1591 4113 1762 4175 obsidionis
1782 4134 1818 4175 ex

141 4204 280 4281 alligatos
299 4201 434 4263 secundo
454 4202 544 4263 lluna
562 4208 700 4262 terrorem
716 4201 902 4262 uenientibus
918 4201 950 4262 id
1008 4227 1046 4266 ca
1070 4202 1266 4264 sustinendae
1299 4225 1356 4285 spe
1382 4205 1519 4266 delatura
1547 4208 1629 4267 nulla
1655 4206 1695 4267 de
1724 4226 1820 4269 causa

142 4295 295 4355 allaturum
315 4297 383 4364 rati,
402 4295 518 4354 obviam
539 4294 704 4354 demittunt.
743 4291 813 4352 Rex
832 4293 949 4356 donnae
1009 4306 1138 4357 serratum
1158 4297 1192 4355 iri
1213 4303 1383 4378 appareret:
1412 4321 1448 4361 ea
1474 4321 1543 4361 rere
1572 4305 1746 4381 expugnata
1770 4320 1818 4361 oe·

140 4388 299 4450 Zamoscio
320 4387 505 4448 cancellario
526 4393 556 4446 et
577 4387 713 4469 Gasparc
732 4385 863 4447 Bclresio
875 4389 952 4448 solis
1010 4398 1117 4471 cupato
1139 4389 1205 4450 loco
1225 4394 1381 4471 superiori,
1400 4390 1564 4475 eodemque
1584 4397 1709 4465 munito,
1731 4412 1769 4457 ac
1788 4396 1819 4455 iu

143 4482 305 4555 assumtis,
329 4480 465 4542 lllielctio
490 4481 604 4540 interirn
637 4480 800 4542 exercitum
828 4486 949 4541 curante
1010 4504 1096 4564 quern
1117 4485 1213 4543 curaris
1233 4493 1417 4545 conrurcatns
1443 4495 1663 4567 apparatusque
1688 4486 1822 4549 bediens

141 4578 253 4656 privato
281 4574 377 4649 cultu,
409 4571 612 4652 subsidiisque
647 4578 749 4639 contre
779 4574 950 4651 eruptiones
1010 4576 1137 4637 collatus
1157 4574 1195 4636 ab
1215 4574 1302 4636 bostc
1328 4586 1427 4654 essct,
1459 4577 1601 4660 oppidum
1630 4599 1754 4662 quoque
1783 4600 1824 4643 ac

141 4669 206 4730 loco
227 4676 390 4749 opportuno
411 4665 583 4745 dispositis,
611 4666 711 4724 urbem
733 4665 951 4726 circumuectus
1009 4669 1132 4729 alteram
1152 4667 1418 4748 scloppetariornnr
1438 4671 1519 4732 nullo
1540 4675 1661 4752 negotio
1682 4675 1716 4733 in
1736 4680 1824 4755 pote·

139 4763 229 4821 situm
250 4761 307 4821 loci
329 4780 397 4820 euru
417 4758 523 4819 iisdem
545 4760 714 4836 cognoscit:
734 4755 882 4838 simulque
902 4779 951 4820 ee·
1009 4769 1118 4822 statem
1139 4767 1326 4842 perventura.
1367 4761 1544 4827 Accedebat
1568 4765 1642 4840 buc,
1668 4764 1756 4845 qnod
1781 4765 1825 4829 ab

142 4855 208 4911 dem
229 4855 258 4911 in
279 4856 356 4927 loco,
376 4872 396 4912 a
414 4874 473 4932 qua
495 4853 685 4930 potissimum
708 4858 950 4932 partcoppugoa·
1010 4851 1120 4936 oppido
1143 4852 1336 4917 difficiliorem
1350 4854 1549 4917 deindearcis
1562 4862 1827 4940 oppugnationem

141 4947 183 5004 tin
206 4945 386 5005 instituenda
406 4947 455 5015 sit,
476 4945 630 5004 deliberat.
672 4943 837 5003 Constabat
864 4944 950 5007 Polo·
1010 4950 1155 5009 transitus
1175 4946 1303 5009 fluminis
1324 4949 1471 5021 Polottae,
1498 4953 1549 5030 qui
1569 4950 1689 5013 radices
1720 4952 1829 5023 collis,

142 5039 184 5097 tia
203 5035 319 5095 dualros
340 5039 469 5107 arcibus,
490 5060 548 5097 ιιιιιι
569 5040 597 5096 in
619 5035 734 5097 editiori
757 5036 824 5098 loco
845 5042 952 5118 posita,
1011 5044 1040 5101 in
1061 5061 1119 5122 qno
1140 5061 1192 5102 ora
1212 5043 1312 5122 posita
1325 5050 1398 5113 erat,
1419 5042 1697 5122 complecterentur,
1726 5044 1832 5109 taem·

141 5129 307 5207 cadentque
328 5129 440 5190 media:
461 5130 562 5203 attera,
583 5152 669 5210 qnam
689 5131 951 5213 seloppetariorunr
1011 5155 1062 5195 rus
1082 5131 1239 5196 rideretur.
1274 5133 1421 5197 llelrcsius
1453 5135 1640 5200 nibilominus
1673 5136 1831 5221 oppidum
