3742 5626
153 258 212 318 ore
727 240 950 308 ANTONIUS
970 238 1240 306 possevinus

156 419 252 499 gebit:
271 415 399 494 denique
420 431 509 492 super
528 409 664 471 omnibus
683 409 783 479 rebus,
804 406 964 489 dequibus
1021 402 1147 484 Regem,
1167 409 1199 465 ut
1224 403 1323 464 omnis
1356 407 1505 483 comperta
1529 399 1722 461 babeamus:
1762 417 1823 477 quae

157 520 254 573 tecum
276 517 345 588 aget
358 512 457 567 nostro
471 505 597 565 nominc.
619 500 865 573 nasammonas,
883 498 962 581 opud
1021 517 1091 558 roro
1113 497 1348 576 cognoverimus,
1366 515 1404 556 ea
1427 495 1524 555 omnia
1548 512 1606 573 per
1630 511 1706 552 eun
1732 492 1824 572 ipsas

159 604 305 667 Sanctum
325 600 464 668 Petrum,
484 597 543 659 sub
563 597 673 656 annulo
704 594 884 664 Piscatoris,
913 591 963 652 dio
1019 610 1108 672 quem
1128 590 1166 652 ad
1187 596 1267 651 tuam
1286 587 1479 648 Nobilitatem
1491 587 1658 656 mittemus,
1678 585 1822 663 tibisigsi

158 699 196 757 15
214 694 324 766 Martii,
345 691 431 752 1581.
454 688 762 760 Pontificatusuostri,
785 706 962 748 annooono.
1021 684 1101 745 ficari
1120 683 1297 745 curabimus.
1339 679 1500 740 0ffcrirnus
1518 683 1623 739 autom
1643 679 1771 758 utrique
1788 699 1822 738 ie

1020 780 1114 836 strum
1133 780 1265 836 uosbam
1285 776 1496 843 auctoritatem,
1521 779 1616 851 atque
1641 774 1821 851 opero-‚ri

1020 887 1057 928 ea
1077 871 1118 928 uti
1138 869 1291 929 volueritis
1316 867 1345 926 iu
1366 867 1475 928 vestris
1495 863 1637 926 dissidiis
1657 883 1819 944 conponas

1020 959 1079 1033 dis,
1099 960 1180 1022 uode
1199 961 1287 1021 etiam
1296 964 1398 1021 cesset
1412 963 1494 1019 tauta
1507 955 1819 1024 Christianorum

1020 1073 1086 1134 ges.
1125 1053 1180 1115 Sic
1200 1053 1279 1115 enim
1298 1052 1510 1122 existimamus,
1527 1069 1585 1112 ros
1605 1051 1739 1112 minine
1756 1071 1818 1111 reer-

1020 1155 1141 1208 satnros
1161 1151 1290 1207 rectum:
1309 1164 1498 1224 aequumque
1517 1144 1632 1205 restris
1651 1144 1817 1225 privabam

1019 1239 1152 1301 tionibus
1171 1243 1368 1321 anteponere:
1380 1243 1431 1308 et,
1441 1238 1469 1297 si
1488 1257 1548 1317 qua
1560 1237 1675 1318 injuris
1691 1244 1818 1318 occupata

235 1335 354 1396 Dilecto
373 1333 432 1404 iili,
458 1338 516 1393 etc.
539 1331 688 1402 Salutem,
707 1334 738 1390 et
757 1327 960 1411 Apostolicam
1020 1336 1093 1393 sunt
1111 1333 1276 1393 restituere.
1318 1330 1426 1392 Rebus
1450 1335 1549 1391 autem
1575 1331 1658 1391 inter
1681 1351 1740 1392 vos
1758 1350 1817 1391 eos-

157 1427 405 1489 bcnedictioncm.
456 1425 504 1486 Ex
534 1425 643 1486 litteris
670 1422 844 1484 Nobilitatis
875 1433 961 1491 tuae,
1018 1426 1136 1507 positis,
1164 1430 1225 1485 tun
1244 1445 1315 1486 vero
1336 1429 1461 1503 possent
1483 1421 1732 1485 Cbnstianore-
1754 1444 1818 1485 sm

157 1542 234 1601 quas
254 1521 342 1581 nobis
362 1517 488 1580 reddidit
505 1517 639 1579 Thomas
651 1516 863 1595 Severigcous,
885 1512 959 1574 (ira-
1019 1519 1119 1579 omnis
1138 1519 1342 1597 iocommnoes
1362 1516 1467 1578 bostes
1485 1517 1636 1578 converti:
1665 1515 1752 1595 quod
1772 1520 1816 1596 qoi-

156 1620 203 1675 tor
222 1621 302 1684 tuus,
322 1618 412 1693 atquo
432 1632 470 1672 ex
491 1612 587 1692 ipsius
606 1629 744 1672 sermono
770 1607 960 1685 cognovimus
1018 1609 1096 1683 dem,
1117 1609 1187 1670 dum
1207 1611 1283 1671 iuter
1302 1629 1358 1671 uos
1378 1608 1533 1680 dimicatis,
1559 1627 1664 1688 nequo
1686 1613 1817 1671 conmori

157 1727 203 1776 ⁰8.
222 1726 299 1786 quoe
319 1706 407 1766 nobis
426 1706 593 1782 significare
613 1703 740 1766 voluisti.
774 1700 893 1762 hastati
912 1719 960 1759 su·
1018 1724 1129 1766 cauma
1149 1703 1334 1773 succurritis,
1353 1722 1476 1782 sperare
1489 1722 1547 1762 nou
1560 1703 1645 1762 licet.
1670 1700 1817 1763 Sedula

155 1819 233 1869 111118,
252 1799 422 1877 milesque
442 1798 557 1876 eginum
576 1795 654 1867 Deo,
674 1797 761 1876 cujus
781 1792 959 1874 impulsufa-
1017 1803 1209 1879 potestesse
1229 1798 1330 1878 major,
1350 1815 1438 1875 quam
1450 1795 1527 1866 fidei,
1549 1800 1580 1856 et
1589 1793 1754 1873 religionis
1763 1815 1815 1856 coo

157 1898 236 1954 cium
258 1896 367 1963 0⁸t21¹i
388 1891 531 1971 Princeps
557 1895 617 1951 tom
638 1887 783 1966 Magnus,
804 1908 841 1947 ⁰¹
867 1886 959 1964 reglo-
1012 1891 1145 1972 junctiot
1165 1889 1241 1951 baec
1260 1890 1337 1950 enim
1357 1908 1415 1948 noo
1442 1887 1571 1949 bumana
1590 1888 1768 1950 continetm
1783 1909 1816 1949 ca

300 918 671 1000 caecemus
699 918 820 995 XIII.

160 1067 349 1117 PONTIPEX
397 1065 571 1114 MAXIMUS
615 1064 754 1110 Josuur
800 1061 962 1119 eastun,

309 1177 438 1223 MAGNO
472 1173 689 1222 uoscovlst
718 1172 811 1220 nuel.

156 1986 244 2047 nibus
263 1991 321 2045 tam
342 1984 476 2052 remotis,
506 1988 536 2042 et
559 2003 614 2064 per
631 1981 756 2051 litteras,
776 1986 807 2040 ct
827 1999 881 2060 per
902 1977 958 2041 Le·
1015 1984 1103 2044 ri‘ate
1124 1983 1217 2062 (quae
1242 1981 1360 2058 quidem
1384 1983 1498 2052 tenuis,
1521 1981 1744 2062 mutabilisque
1768 1984 1839 2056 est),

156 2087 331 2159 gatonem
352 2078 504 2146 salutaret,
524 2078 725 2157 majorumque
751 2092 881 2142 suorum,
901 2071 958 2132 cla·
1016 2076 1073 2136 sed
1100 2075 1219 2138 Divina.
1258 2074 1326 2137 Una
1350 2079 1449 2134 auten
1476 2072 1618 2135 Ecclesia
1644 2082 1714 2136 est:
1753 2096 1817 2136 aas

156 2173 295 2233 rissimac
325 2170 484 2230 memoriae
512 2167 680 2248 Principum
715 2165 957 2226 consuetudinem
1018 2168 1130 2231 Christi
1150 2187 1238 2247 grex:
1277 2186 1366 2237 unus,
1394 2175 1465 2248 post
1486 2165 1656 2237 Christum,
1689 2168 1723 2227 in
1745 2171 1817 2229 reae

156 2265 287 2325 referret.
309 2262 418 2324 Extant
440 2262 515 2320 enim
536 2261 616 2342 apirrd
637 2281 693 2320 nos
716 2259 824 2319 multae
845 2259 958 2344 illorum
1017 2264 1085 2344 ejus
1119 2262 1270 2331 licerius,
1298 2264 1329 2320 et
1359 2258 1470 2321 Pastor
1500 2258 1697 2322 universalis,
1745 2261 1817 2322 flunt

156 2358 280 2425 litterae,
299 2366 390 2433 alque
411 2356 712 2434 utrinquercsponsa,
727 2353 957 2413 summautrins·
1017 2376 1087 2417 vcro
1108 2355 1213 2417 Sancti
1223 2351 1342 2423 Patres,
1361 2358 1392 2412 et
1411 2350 1568 2413 Ecclesiae
1587 2351 1760 2426 Doctores,
1777 2378 1814 2416 oe

155 2469 215 2529 que
232 2450 327 2528 partis
346 2467 412 2506 cum
433 2448 594 2526 voluptate,
614 2453 644 2506 et
661 2445 821 2505 ofliciorum
834 2464 957 2503 comone-

156 2541 330 2609 rroratiooc‚
362 2539 485 2599 reddita.
527 2537 614 2609 Quae
643 2540 779 2617 postulas
806 2540 957 2615 (quantum

156 2633 275 2714 quidem
294 2633 480 2706 auctoritate,
500 2640 591 2711 atque
616 2651 704 2710 opera
733 2629 851 2690 efficere
876 2636 956 2711 polo·

154 2727 263 2802 rimus)
284 2731 369 2786 crunt
389 2744 506 2805 semper
534 2730 604 2785 tuse
634 2722 788 2783 Nobilitati
819 2742 838 2782 a
870 2724 957 2782 nobis

155 2819 350 2900 paratissima.
392 2815 439 2876 Do
460 2817 580 2877 foedere
601 2836 637 2876 co
663 2815 803 2875 libentius
829 2815 956 2891 agimus,

155 2933 213 2994 quo
234 2913 327 2989 magis
347 2911 538 2988 agnoscimus
560 2910 651 2969 nostri
672 2908 769 2978 officii,
795 2927 831 2966 ac
856 2928 955 2969 munc-

154 3008 198 3067 ris
218 3025 304 3076 essc,
329 3023 446 3072 curare,
473 3008 505 3062 ut
531 3001 764 3064 Christianorum
786 2998 955 3081 Principum

155 3100 233 3158 vires
243 3117 331 3176 quam
342 3096 602 3176 conjunctissimae
614 3095 684 3155 sint.
696 3093 957 3164 illittemusetiam,

153 3197 187 3252 ut
207 3189 351 3269 postulas,
376 3189 504 3266 aliquem
531 3209 568 3248 ex
596 3188 706 3247 nostris
732 3206 797 3247 curn
825 3185 956 3248 'l'bomot

154 3285 383 3361 oursbimnsque
404 3288 435 3340 ut
454 3283 571 3361 possint
599 3301 687 3360 quum
709 3280 884 3339 brevissimo
911 3280 955 3338 iti-

155 3397 225 3436 ncre
245 3372 356 3442 illaesi,
376 3379 465 3453 atque
490 3374 528 3433 ab
549 3374 629 3432 omni
661 3373 727 3432 viae
752 3373 858 3452 injuria
882 3373 956 3443 uun,

153 3468 192 3529 ad
211 3474 240 3528 te
260 3466 426 3546 pervenire.
466 3462 557 3534 Quod
584 3469 680 3523 aulem
705 3465 809 3523 attinet
834 3463 871 3524 sd
897 3463 952 3524 Po·

152 3561 252 3621 loniae
271 3557 397 3634 Regem,
417 3567 448 3615 ut
463 3576 528 3616 cum
541 3555 740 3628 a'l'urcarum,
755 3556 952 3618 Tartaromm·

153 3673 212 3733 quo
231 3651 376 3712 aduersus
396 3646 585 3710 Christianos
604 3647 725 3709 foedere
744 3649 953 3721 deterreamus,

152 3743 226 3806 nihil
245 3763 321 3823 opus
340 3762 412 3802 csse
431 3743 620 3814 arbitramur3
651 3763 797 3823 nunquam
818 3744 894 3805 cuim
915 3742 953 3803 do

153 3838 204 3898 tali
227 3836 346 3896 foedere
367 3834 478 3913 aliquid
500 3834 679 3905 audiuimus,
704 3841 755 3896 aut
780 3837 953 3917 conjectura

152 3930 299 4009 suspicari
318 3929 475 4007 potuimus.
498 3927 537 3988 Et
558 3949 724 4008 quanquam
744 3926 802 3988 boc
820 3935 952 4010 tempore

153 4023 264 4084 nullum
284 4023 358 4098 gerit
377 4040 443 4080 cum
470 4021 591 4098 perfidis
620 4019 744 4091 bellom,
769 4027 867 4082 tamen
894 4023 953 4084 boc

153 4117 194 4176 illi
227 4124 291 4174 cuin
323 4115 430 4173 celcris
458 4113 637 4179 Christianis
663 4112 851 4194 Principibus
876 4135 953 4175 com·

153 4228 242 4269 mune
263 4213 326 4267 est:
347 4225 422 4284 quos
444 4210 561 4266 constat
581 4226 652 4265 csse
671 4206 768 4266 animo
787 4228 857 4284 erga
871 4207 953 4268 Chri-

152 4301 278 4360 stianam
306 4297 529 4378 Rcmpublicanr
556 4299 680 4378 optimo:
721 4299 820 4359 multis
845 4307 954 4371 autem,

152 4390 395 4471 gravissimisque
413 4392 645 4451 necessitatibus
665 4391 808 4472 impediri,
828 4414 886 4472 quo
903 4396 950 4454 mi-

154 4505 212 4544 nus
231 4483 349 4563 possint
370 4503 426 4543 suo
453 4504 567 4543 somnio
592 4483 742 4544 desiderio
767 4486 951 4546 satisfacere.

152 4577 202 4638 De
221 4577 372 4656 praesceti
393 4576 471 4637 bello
491 4577 561 4638 nibil
588 4582 698 4637 certum
719 4577 857 4657 judicare
885 4600 952 4660 pos·

153 4688 272 4731 sumus:
288 4670 352 4750 jam
373 4670 450 4729 enim
470 4671 619 4730 biennium
640 4680 697 4739 est,
718 4689 783 4730 cum
804 4673 950 4752 ipsequo-

153 4783 211 4843 quc
231 4760 298 4821 Rex
317 4763 436 4843 publico
462 4765 571 4842 scripto
596 4768 724 4823 testatus
749 4763 818 4834 fuit,
838 4785 953 4828 somma

152 4876 224 4917 sese
243 4857 425 4916 necessitate
444 4861 587 4926 coactum,
613 4855 643 4915 id
670 4858 860 4937 suscepisse,
883 4878 950 4920 cau·

151 4970 265 5030 sasque
283 4948 444 5028 permultas
464 4948 569 5010 attulit.
601 4947 682 5020 Quia
700 4969 770 5008 vero
797 4950 877 5010 nullo
903 4973 951 5012 no·

150 5049 212 5102 stro
232 5044 348 5110 merito,
365 5061 479 5102 summa
498 5050 597 5103 autem
615 5041 674 5102 Dei
684 5040 880 5121 benignitate,
901 5047 951 5105 im·

150 5137 279 5215 positum
300 5134 487 5196 Universalis
498 5132 656 5196 Ecclesiae
675 5137 814 5217 pastoris,
827 5136 950 5200 Christi·

150 5246 209 5306 que
235 5226 344 5287 Vicarii
369 5246 477 5286 monos
506 5230 705 5301 sustinemus,
736 5230 886 5292 mittemus
910 5230 948 5293 nd

1016 2449 1228 2526 cumcnicaque
1249 2444 1384 2506 fiorrcilia
1403 2445 1511 2514 omnia,
1531 2441 1708 2508 Romanum
1730 2447 1817 2509 Poeti-

1016 2539 1100 2599 frcem
1112 2560 1183 2601 esse
1191 2548 1367 2616 agnoscunt,
1386 2541 1416 2596 ct
1431 2537 1611 2615 praedicant,
1633 2540 1730 2621 idque
1743 2544 1818 2603 etia·

1015 2632 1044 2692 iu
1066 2631 1201 2692 Concilio
1220 2630 1392 2691 Florentino
1412 2628 1493 2711 (jam
1519 2635 1590 2690 sunt
1614 2635 1688 2692 aooi
1711 2645 1818 2695 centu·

1016 2723 1087 2794 fere,
1107 2730 1137 2784 et
1157 2712 1382 2805 quinquaginta)
1403 2724 1495 2782 totius
1511 2721 1660 2786 Graeciae
1670 2725 1819 2809 Episcopi,

1014 2837 1140 2899 cumque
1167 2819 1205 2878 iis
1231 2837 1290 2877 una
1315 2814 1515 2893 Palaeologus
1546 2815 1714 2895 lmperator
1749 2821 1818 2881 Cou-

1014 2909 1308 2991 stantinopolitunus,
1330 2909 1462 2986 quitum
1483 2907 1510 2966 ei
1530 2911 1658 2972 concilio
1680 2914 1817 2977 interfuit

1013 3005 1211 3082 apertissimo,
1243 3000 1497 3081 libentissimeque
1525 3002 1657 3081 professi
1693 3006 1815 3067 fuerunt.

1015 3094 1086 3166 (lua
1105 3097 1134 3156 in
1155 3094 1304 3156 sententia
1323 3095 1434 3155 utinam
1453 3113 1627 3174 permanere
1638 3097 1818 3160 voluisseut:

1014 3209 1161 3269 nunquam
1181 3188 1260 3248 enim
1281 3189 1311 3247 iu
1331 3192 1391 3248 mm
1409 3205 1518 3266 graves
1536 3190 1673 3251 miserias
1698 3193 1818 3251 incidis·

1013 3287 1095 3342 sent:
1125 3279 1213 3340 Nunc
1231 3285 1339 3352 autem,
1356 3279 1426 3340 dum
1445 3300 1518 3341 sese
1539 3280 1688 3341 Romarm
1708 3283 1820 3344 Eccle-

1012 3375 1087 3445 siae,
1106 3394 1142 3435 uc
1161 3372 1316 3436 Pontificius
1335 3374 1541 3454 complexibus
1565 3372 1744 3436 subtrahere
1771 3400 1818 3437 vu·

1012 3467 1138 3537 luerunt,
1169 3466 1354 3528 intolerabile
1384 3467 1520 3527 immanis
1550 3465 1682 3546 Tyranni
1714 3472 1817 3552 jugus

1011 3560 1176 3620 subierunt
1214 3559 1282 3620 lloc
1301 3559 1389 3636 igitur
1410 3560 1577 3621 firmissimo
1598 3559 1736 3623 Sanctae
1757 3564 1816 3624 reli·

1011 3653 1110 3730 gionis
1131 3652 1245 3712 vinculo
1266 3651 1427 3730 dirempto,
1453 3673 1581 3714 necesse
1607 3659 1673 3725 cst,
1701 3662 1817 3716 ceteras

1011 3745 1236 3828 conjunctiones
1254 3746 1439 3817 tenuissimo,
1465 3755 1555 3826 atque
1582 3744 1620 3807 ad
1646 3745 1816 3809 diuturnita-

1011 3848 1070 3900 tcn
1090 3838 1267 3898 brevissimo
1287 3837 1480 3900 bumanorum
1499 3839 1646 3900 rationum
1658 3861 1815 3903 uexncou·

1011 3933 1106 3993 lineri.
1149 3930 1217 3992 Hoc
1238 3937 1270 3992 ut
1296 3936 1393 3991 tecum
1425 3931 1656 4008 diligentissime
1690 3936 1815 4014 cogites.

1010 4031 1200 4104 nostramque
1230 4025 1258 4084 in
1288 4023 1345 4084 bac
1370 4024 1572 4085 cohortatione
1601 4025 1760 4085 caritatem
1790 4036 1816 4086 et

1010 4125 1281 4196 mammarumque
1301 4117 1519 4178 Prouinciarnm
1545 4117 1640 4196 (quas
1666 4138 1722 4197 per
1750 4120 1814 4178 mul-

1009 4216 1068 4281 tas,
1087 4216 1116 4270 ct
1137 4210 1308 4290 populorum
1330 4210 1456 4271 refertos
1473 4231 1544 4271 csse
1559 4230 1616 4269 oon
1631 4211 1814 4287 ignoramus)

1011 4304 1119 4364 salutis
1139 4302 1267 4362 studium
1288 4323 1446 4381 agnoscas,
1467 4302 1563 4362 Deum
1577 4304 1707 4364 assidue
1716 4326 1812 4387 precs·

1011 4416 1082 4466 mur,
1102 4400 1241 4475 tuamque
1259 4395 1464 4466 Nobilitatem,
1485 4401 1624 4474 quantum
1640 4418 1813 4477 possumus,

1011 4507 1157 4567 rogamus.
1207 4487 1292 4548 Haec
1316 4509 1375 4548 noa
1405 4489 1479 4547 ratio
1504 4493 1552 4548 est
1579 4488 1812 4551 Christianorum

1010 4582 1137 4640 omnium
1156 4582 1249 4652 vires,
1270 4589 1358 4662 atque
1378 4582 1494 4641 animos
1514 4582 1565 4640 tibi
1587 4583 1616 4641 in
1637 4590 1813 4664 perpetuom

1010 4671 1211 4732 devinciendi:
1223 4674 1417 4743 certissimas,
1436 4679 1467 4733 et
1480 4673 1666 4737 clarissimas
1680 4697 1719 4737 ex
1732 4677 1811 4738 cun·

1009 4767 1170 4826 stiauorum
1189 4765 1328 4827 bostibus
1348 4768 1498 4836 uictorias,
1519 4786 1555 4826 ac
1573 4770 1778 4849 sempiternas
1797 4792 1813 4830 a

1010 4858 1077 4921 Deo
1097 4879 1224 4921 coronam
1243 4861 1272 4920 in
1292 4860 1377 4920 cocle
1403 4859 1558 4920 referendi.
1598 4859 1752 4925 Mittimus
1776 4863 1811 4924 ad

1007 4952 1198 5013 Nobililstcm
1225 4958 1304 5012 bran
1329 4952 1466 5013 uolumen
1494 4952 1618 5011 Concilii
1645 4953 1811 5016 Florentioi

1007 5066 1045 5106 cx
1057 5044 1229 5123 Archetypo
1250 5047 1326 5125 ipso,
1347 5045 1425 5124 quod
1445 5045 1523 5124 apud
1543 5065 1601 5104 nos
1621 5054 1680 5117 cst,
1702 5048 1810 5110 fidelis

1006 5139 1083 5200 sime
1104 5141 1298 5219 exscriptum:
1319 5158 1464 5218 rogamus,
1490 5149 1523 5199 ut
1543 5138 1574 5198 id
1594 5138 1680 5217 legas
1699 5161 1719 5202 a
1740 5145 1809 5203 tuis

1005 5250 1065 5313 qno
1085 5229 1280 5292 Ductoribus
1300 5249 1387 5309 qoam
1409 5229 1641 5309 diligentissime
1670 5233 1730 5311 legi
1760 5258 1802 5295 sno
