3742 5626
130 162 169 223 id
603 165 721 232 ACTA
741 165 786 230 IN
807 161 1041 229 CONVENTU
1060 162 1329 231 LEGATORUM

127 324 167 388 ds
193 329 279 407 pacis
299 330 512 391 constitutione
539 316 761 389 conclusionem
793 327 928 400 lecimus,

126 419 300 502 litterasque
320 423 542 482 constitutionis
563 422 813 501 conscripsimus,
841 429 872 484 et
893 425 932 483 si·

126 513 207 592 gillis
232 516 345 576 nostris
370 513 556 574 munivimus.
596 511 758 575 Praeterea
788 523 819 576 et
844 536 932 577 mauu

126 626 184 668 sua
203 605 336 668 Michael
362 603 538 667 llaraburda
565 607 753 667 secretarius
778 607 932 690 subscrip·

125 701 182 760 sit:
212 698 326 760 litteram
352 701 440 759 etiam
467 701 601 759 vicissim
628 699 707 761 inter
727 720 783 762 nos
811 704 932 763 mutavi·

124 812 199 864 ιιιι,
219 793 376 871 crucisque
396 791 500 852 osculo
520 791 772 855 coinfirmarimus:
800 814 930 855 emicem·

125 906 182 966 que
207 894 300 965 supra
325 883 373 944 his
401 883 529 945 osculati
558 905 679 961 ιιιιιιιι,
707 885 788 968 quod
814 896 933 967 praeter

123 978 179 1039 bas
192 976 416 1039 constitutionis
429 977 543 1039 litteras
557 988 686 1052 uiuamus,
699 981 777 1042 inter
787 981 931 1060 Magnum

124 1070 281 1131 Dominum
301 1067 502 1151 Stephanum,
522 1070 581 1134 ilci
603 1076 716 1151 gratia,
738 1074 854 1153 Regem
873 1075 930 1135 l’o·

121 1163 235 1236 ioniae,
259 1172 291 1225 et
309 1162 451 1241 Magnum
471 1165 584 1225 Dircam
605 1164 796 1239 lithuaniae,
817 1176 848 1229 et
865 1166 931 1229 bla-

122 1277 212 1336 gnum
233 1256 392 1317 Dominum
415 1255 563 1319 doarunem
583 1258 707 1333 Basilii,
738 1258 797 1321 Dei
824 1262 930 1341 gratia,

121 1342 278 1411 llominum
296 1348 439 1425 Rosciae,
459 1349 639 1430 etbisgnusr
650 1352 777 1427 Ducem,
797 1374 834 1415 es
854 1362 930 1414 utru-

121 1462 178 1525 que
199 1453 283 1525 parte
296 1441 369 1503 nihil
383 1442 470 1504 aliter
485 1442 547 1504 heri
558 1443 659 1507 debet.
690 1445 835 1528 llarncqne
847 1450 931 1528 pacis

119 1539 359 1598 resistitutionem
373 1535 582 1609 conclusistis,
599 1547 630 1601 et
643 1540 847 1602 crucisosculo
860 1558 928 1601 eon·

117 1629 309 1703 haurimus,
320 1632 349 1689 in
362 1632 542 1711 praesentiis,
563 1640 594 1692 et
613 1652 712 1694 eoram
726 1632 842 1711 Legata
854 1633 929 1694 San·

119 1725 245 1786 ctissinri
265 1721 422 1784 Pontihcis
434 1722 562 1784 Romani
580 1724 719 1803 Gregorii
738 1725 809 1786 Xlll
832 1725 929 1787 Reve-

118 1814 213 1879 rendo
228 1816 362 1877 Antonio
384 1816 563 1879 possevino.
597 1820 747 1898 Scriptus
769 1823 801 1881 in
822 1819 931 1901 Zapol·

119 1914 201 1974 seiae
211 1909 309 1986 Jamo,
329 1931 408 1972 atino
419 1931 438 1971 a
451 1906 572 1971 eonrdito
585 1910 694 1973 mundo
708 1922 824 1995 septem
837 1912 930 1975 mille·

116 2008 194 2067 simo
214 2006 422 2083 nonagesimo,
458 2023 563 2065 mense
597 2002 754 2067 dalmaria.
794 2007 824 2069 A
853 2009 915 2069 nuti

115 2100 210 2161 vitate
228 2117 300 2161 vero
320 2096 432 2159 Christi
450 2096 616 2160 Salvatoris
635 2102 731 2160 nostri
754 2100 841 2161 1582.

193 2192 259 2254 llse
283 2190 400 2252 litterae
424 2190 614 2271 subscriptae
645 2199 717 2253 aurit
748 2215 836 2255 ιιιιιιιιι
866 2194 921 2254 bii·

117 2284 230 2347 ohaelis
250 2280 462 2355 llaraburdae,
489 2286 648 2346 Sensum
676 2286 778 2363 hlagui
805 2285 925 2348 Domini

118 2377 275 2460 Stephani,
295 2375 390 2453 Regis
409 2374 569 2447 Polouiae,
590 2384 619 2436 et
640 2377 740 2455 blogrni
761 2377 858 2439 Ducis
878 2380 926 2441 Li·

116 2470 267 2540 thuardus,
287 2469 329 2529 ita
350 2464 504 2528 videlieet:
524 2467 653 2529 hlicbael
673 2468 849 2532 llamburda
869 2470 926 2534 has

117 2562 342 2627 constitutionis
361 2560 477 2622 litteras
496 2579 585 2621 ιιιιιι
604 2580 660 2623 ιιι
681 2562 872 2644 subscripsit.

194 2658 226 2719 ln
246 2656 416 2736 conjunctis
435 2674 505 2715 vero
532 2652 626 2726 loliis,
651 2664 785 2716 ructatum
809 2677 845 2717 ex
864 2657 923 2721 alia

115 2760 210 2838 perte,
230 2749 374 2813 Notarius
393 2745 523 2809 liichael
544 2745 732 2811 llarahurdm

115 3072 310 3159 mnis
341 3070 598 3149 ssorum
631 3072 922 3174 rononmn,

290 3231 480 3281 autentus
500 3230 737 3279 POSSthllllS.

189 3410 293 3473 Cuma
304 3406 508 3470 Sereniissimo
517 3404 603 3485 Rege
616 3407 644 3465 in
660 3405 844 3468 hloscoriam
853 3428 919 3490 pro·

111 3506 277 3572 helscerer,
298 3497 329 3561 id
349 3497 430 3581 quod
443 3497 514 3559 mibi
534 3519 552 3560 a
571 3497 695 3561 Sunmro
715 3498 854 3561 Pontifici
875 3509 917 3562 at·

109 3622 168 3684 que
179 3596 219 3660 sb
230 3598 299 3679 ejus
307 3592 468 3674 hlsjestate
475 3590 515 3653 ll.
527 3588 566 3653 de
578 3591 918 3655 SerennissimoSueciae

108 3694 197 3773 Rege
217 3685 388 3753 msudsmm
409 3686 522 3759 luerat,
550 3693 583 3746 ut
607 3688 684 3748 inter
708 3688 795 3767 pacis
816 3686 917 3748 ronndi·

106 3792 207 3853 tisses
226 3782 477 3852 adnumerantur,
498 3780 546 3858 egl
566 3775 734 3858 diligenter.
774 3778 850 3841 Cum
869 3801 918 3843 ve·

107 3902 142 3945 ro
162 3900 199 3943 es
218 3879 328 3941 eastris
348 3869 387 3935 ad
408 3870 598 3933 Pleseoviam
618 3869 659 3931 sd
684 3870 763 3933 hunc
788 3873 917 3953 Legatn

108 3996 171 4038 rum
192 3978 383 4041 conventum,
413 3968 464 4048 qui
490 3964 541 4026 hic
567 3984 615 4025 me
641 3973 801 4047 praesente
821 3967 918 4043 (sicut

108 4079 233 4148 uterque
249 4063 398 4142 Princeps
418 4058 582 4133 euenerat)
602 4056 722 4121 habitus
742 4066 799 4134 est,
819 4063 916 4122 renis·

107 4182 183 4235 sero,
202 4158 242 4219 R.
263 4154 454 4236 hlajestatem
474 4154 587 4233 rogari,
609 4160 641 4212 ut
661 4150 701 4212 l).
722 4150 916 4235 Christopho·

108 4274 173 4317 rum
192 4249 402 4312 Varsericinm
424 4246 481 4307 hue
501 4248 646 4317 mitteret,
677 4248 726 4326 qui
753 4266 820 4306 cum
847 4247 916 4309 huie

103 4337 914 4431 ipsiconiventuiinteresset,causamitemScrenissisi

107 4440 238 4505 Snecim
259 4432 355 4513 Regis
375 4434 421 4492 sic
443 4439 561 4509 ageret,
581 4439 665 4492 utet
685 4431 751 4506 ille,
777 4440 809 4493 et
826 4432 904 4495 Sere

103 4539 230 4598 nissims
250 4528 381 4589 Suecise
401 4525 519 4604 Regina
542 4522 751 4601 intelligerent,
772 4534 913 4606 quantum

100 4626 245 4714 ponderis
263 4621 403 4687 habuerit
423 4618 463 4681 V.
487 4619 658 4699 llsjestatis
677 4615 757 4698 apud
777 4617 913 4681 serente

102 4726 210 4785 sisium
230 4717 378 4781 Poloniae
403 4712 519 4791 Regem
551 4708 785 4783 commendatio,
816 4720 913 4775 utne

100 4814 152 4877 ille
181 4817 212 4874 in
242 4811 299 4873 bsc
325 4809 504 4871 uacmuone
535 4807 622 4887 pacis
653 4806 911 4870 intermittereturr

97 4910 180 4973 seut
203 4926 263 4967 nos
288 4901 382 4965 semei
407 4902 460 4978 (ac
485 4895 605 4981 quidem
631 4898 788 4975 accurate)
814 4898 911 4962 alle·

99 5002 160 5085 ψ
178 4998 321 5077 tegatis,
350 5002 440 5075 atque
459 5012 478 5053 s
498 5012 545 5053 me
571 4994 639 5074 ipso
659 4991 754 5067 (sicut
772 4999 804 5053 et
823 5002 911 5058 antea

114 5116 131 5163 ι
151 5088 328 5162 numnis)
344 5093 490 5149 tentatum
512 5097 569 5147 est.
597 5084 820 5156 Vemstamen,
839 5108 910 5169 qun.

118 5194 177 5255 h.
209 5179 253 5251 sd
284 5181 400 5243 Summi
431 5176 602 5247 Pontifices,
636 5177 791 5259 Regisqne
821 5178 910 5260 hujus

993 324 1060 391 Ser.
1088 328 1204 390 litteras
1230 350 1267 391 ea
1297 327 1336 391 de
1370 350 1402 390 re
1433 327 1591 410 quidquam
1622 345 1802 408 responrsusn

990 439 1051 480 non
1071 430 1135 484 estc
1160 443 1217 485 nec
1237 421 1276 483 l).
1299 422 1415 484 l'ontus
1436 418 1624 493 alinardis,
1652 418 1693 481 ud
1713 438 1802 499 quem

991 533 1008 574 e
1029 518 1147 589 eastris,
1167 515 1254 595 Rege
1273 517 1340 599 ipso
1361 517 1564 576 serenissimo
1584 514 1802 581 cornmnrtiente,

991 605 1108 669 litteras
1127 612 1157 669 in
1178 608 1335 671 biennium
1363 610 1519 683 miseram,
1550 605 1619 667 mihi
1640 603 1800 687 quidquem

990 702 1165 782 rescripsit:
1197 720 1254 762 nee
1280 722 1352 763 vero
1377 701 1570 774 haberemus,
1599 697 1669 780 qnid
1702 698 1800 760 blesei

989 791 1113 870 legatis
1133 791 1399 875 responderemus,
1428 813 1495 854 cum
1515 791 1602 852 nobis
1622 791 1799 872 objicerest,

989 885 1135 946 rnemiuem
1165 890 1195 948 in
1225 886 1381 948 (lonventu
1411 889 1589 965 Legatorurs
1626 905 1715 959 esse,
1750 887 1797 965 qsi

988 996 1043 1058 pro
1053 978 1256 1040 serenissimo
1273 981 1403 1041 Sueciae
1415 980 1500 1059 llegc
1513 977 1551 1040 de
1569 985 1712 1058 peccaut
1731 996 1798 1056 age·

988 1077 1050 1144 ret,
1069 1080 1120 1133 aut
1139 1071 1389 1156 plenipotentiam
1408 1072 1547 1135 heberet:
1573 1077 1735 1152 propterea
1759 1069 1798 1129 si·

988 1161 1028 1223 hil
1049 1167 1123 1225 certi
1141 1165 1221 1227 effici
1243 1169 1352 1247 potuit,
1378 1168 1435 1227 nisi
1462 1161 1543 1246 quod
1567 1162 1699 1245 idipsum
1724 1162 1795 1223 mihl

988 1257 1096 1336 Legati
1117 1259 1214 1320 hlosci
1234 1256 1463 1340 responderunt,
1483 1254 1563 1338 quod
1582 1256 1711 1316 hloscus
1728 1258 1795 1337 ipse

988 1349 1137 1414 Stariciae
1155 1349 1361 1433 responderat,
1382 1372 1497 1433 rnempe,
1526 1354 1552 1411 si
1574 1350 1797 1411 semissium

987 1442 1119 1504 Sueciae
1128 1444 1195 1506 Rex
1204 1446 1338 1524 Legatos
1349 1443 1388 1506 de
1400 1466 1475 1526 pace
1488 1447 1517 1504 in
1530 1442 1720 1504 dioscoriam
1734 1443 1796 1501 mit·

986 1542 1072 1608 teret,
1093 1558 1147 1598 eos
1169 1538 1328 1600 horrorilice
1355 1547 1511 1620 acceptum
1537 1538 1583 1596 iri.
1624 1536 1693 1615 ligo
1715 1556 1796 1605 uero,

987 1631 1037 1710 qui
1056 1629 1133 1691 baec
1142 1650 1364 1713 procuraveram,
1382 1652 1418 1693 ac
1429 1631 1498 1691 Ser.
1511 1629 1586 1708 Regi
1602 1626 1796 1711 praedicens,

988 1741 1212 1804 proposueram,
1232 1723 1383 1806 expedire,
1403 1732 1436 1785 ut
1454 1723 1494 1785 l).
1516 1725 1584 1803 ipse
1602 1720 1797 1782 vassei-icium

987 1814 1027 1878 ad
1039 1817 1225 1879 Conventum
1244 1822 1379 1893 verriana,
1400 1819 1495 1898 prium
1508 1815 1588 1876 Vere
1609 1817 1641 1875 in
1654 1815 1795 1875 snesa-

987 1910 1160 1983 mitteretur,
1180 1919 1344 1974 testaturus
1365 1911 1442 1973 hanc
1462 1911 1530 1971 tier.
1552 1908 1650 1987 llegis
1671 1905 1795 1987 diligen·

986 2003 1071 2076 tiam,
1093 2006 1259 2066 existimavi
1280 2004 1351 2065 mihi
1371 1992 1553 2075 iaciendum,
1582 2010 1616 2062 ut
1636 2004 1728 2063 etism
1747 2022 1793 2061 cu·

986 2116 1081 2156 rerem
1101 2095 1364 2177 (quemadmodum
1385 2118 1463 2157 rinnnc
1477 2096 1570 2172 facin)
1589 2104 1623 2156 ut
1632 2092 1715 2155 idem
1729 2097 1793 2175 ipse

985 2187 1025 2249 l).
1054 2187 1242 2251 l'arsericius
1267 2189 1309 2251 ad
1334 2189 1372 2250 V.
1394 2191 1583 2270 blnjestatenn
1602 2187 1793 2267 allegaretur,

984 2301 1072 2362 quam
1085 2281 1126 2342 l).
1144 2275 1282 2344 omnihus
1303 2283 1394 2345 rebus
1415 2284 1528 2345 iaceret
1546 2283 1716 2343 certiorem.
1737 2280 1791 2341 h'e

983 2385 1046 2436 stra
1073 2383 1172 2436 autem
1197 2375 1349 2456 lllajestus
1374 2383 1481 2456 posset
1506 2379 1536 2435 in
1560 2384 1698 2457 tempore
1724 2375 1788 2435 Ser.

986 2466 1116 2529 Succise
1140 2468 1287 2547 Reginam
1313 2489 1506 2550 praemonere
1535 2468 1584 2544 (et
1615 2466 1649 2529 id
1673 2465 1789 2550 quidem

983 2559 1101 2621 duobus
1120 2561 1293 2640 itineribus)
1313 2571 1346 2623 ut
1367 2560 1436 2622 Ser.
1457 2564 1525 2643 ejus
1546 2564 1706 2641 conjugem
1726 2582 1786 2643 per·

983 2661 1116 2715 moueret
1135 2651 1175 2713 nd
1200 2676 1254 2729 ea,
1281 2655 1390 2736 quibus
1417 2675 1483 2715 cunr
1509 2653 1620 2733 llcguu
1647 2652 1788 2715 Pelusiae

981 2747 1114 2829 reliquae
1140 2745 1332 2809 difficultates
1365 2755 1491 2829 possent
1521 2746 1720 2828 complantari,
1748 2768 1786 2807 se

982 2843 1103 2920 gravium
1128 2844 1157 2901 iu
1183 2841 1310 2903 hivonia
1336 2840 1446 2901 bellum
1471 2844 1549 2902 iuter
1578 2837 1659 2903 dsos
1684 2840 1786 2919 Reges

982 2932 1203 2996 exardesceret.
1224 2933 1426 3011 Quamobrem
1446 2936 1514 3016 ipse
1532 2952 1652 3015 quoqne
1663 2932 1700 2993 ll.
1716 2931 1787 2993 l'ar·

981 3029 1112 3088 senicius
1141 3029 1168 3086 si
1198 3027 1227 3086 in
1252 3025 1395 3087 sueciam
1423 3028 1590 3108 trajecerit,
1620 3028 1677 3087 erit
1702 3047 1721 3086 s
1747 3024 1787 3087 ι’.

981 3119 1143 3199 llajestate
1164 3120 1202 3179 iis
1228 3115 1266 3179 de
1291 3118 1383 3181 rebus
1402 3114 1567 3197 dedendus,
1585 3138 1660 3201 quse
1677 3117 1719 3178 sd
1739 3139 1787 3179 re·

981 3211 1060 3292 liqua
1089 3213 1209 3290 negotia
1241 3220 1391 3294 spectant
1435 3213 1544 3294 Neque
1569 3212 1643 3274 esi·
1672 3208 1784 3271 dubito

980 3307 1046 3365 iniri
1078 3324 1171 3386 posse
1200 3307 1230 3364 in
1262 3305 1401 3367 Counitiis
1433 3308 1580 3379 rationes,
1606 3302 1717 3385 quibus
1746 3305 1788 3377 ei,

979 3396 1060 3478 quod
1080 3398 1283 3459 §emerissi-o
1304 3398 1386 3478 Regi
1406 3400 1538 3462 Succiae
1561 3396 1686 3461 debetur
1706 3399 1788 3459 satis

977 3488 1044 3552 list:
1065 3499 1098 3553 ut
1117 3490 1169 3552 ille
1187 3491 1258 3551 item
1278 3512 1314 3552 se
1335 3495 1481 3554 mitiorem
1499 3489 1609 3554 reddst
1626 3488 1711 3554 adid
1719 3510 1786 3552 cos·

975 3581 1152 3655 cedendum,
1173 3581 1254 3665 quod
1265 3583 1564 3647 serenissimuslles
1582 3582 1787 3667 ob'lleipulsl·

976 3697 1030 3738 ose
1044 3675 1170 3753 Ιιιιιιιιι,
1186 3686 1217 3739 et
1227 3677 1413 3741 commodum
1424 3682 1517 3762 cupit.
1538 3674 1682 3755 Qusssd
1692 3677 1787 3739 Cami-

975 3771 1018 3831 tia
1036 3774 1065 3832 si
1083 3771 1186 3832 venire
1204 3779 1349 3852 potuero,
1382 3770 1550 3833 fidelissimi
1577 3769 1713 3833 bomisis
1733 3768 1787 3833 hse

975 3866 1007 3925 iu
1027 3884 1077 3937 re,
1105 3865 1149 3924 uti
1179 3862 1324 3926 Summus
1355 3863 1496 3927 Pontifex
1523 3865 1636 3944 jussit,
1668 3882 1787 3946 opere·

975 3955 1152 4040 prsestaho,
1183 3954 1395 4020 commendans
1428 3978 1475 4019 me
1504 3958 1623 4018 iuterim
1658 3959 1721 4040 piis
1749 3954 1787 4017 V.

975 4052 1146 4131 hlajestatis
1167 4049 1363 4111 orationihus.
1405 4051 1503 4128 Quam
1528 4049 1617 4112 bens
1649 4048 1786 4111 unsih·

975 4143 1063 4205 bonis
1085 4143 1215 4206 cuminlet
1234 4145 1264 4203 in
1283 4152 1445 4204 aeternnum.
1463 4144 1510 4207 lis
1523 4142 1698 4208 t'bivcms
1717 4142 1785 4205 llsr·

974 4259 1021 4313 ea,
1041 4235 1090 4298 die
1111 4238 1147 4297 lt
1165 4235 1301 4299 dannnrarii
1323 4237 1408 4300 1582.

973 4519 1273 4597 STEPHANO
1311 4520 1590 4596 POLONIAE
1633 4522 1784 4619 Reor,

1143 4682 1335 4729 auronius
1363 4681 1612 4729 POSSBVlllUS.

1049 4898 1094 4961 lll.
1124 4896 1165 4959 l).
1195 4897 1340 4959 Alhertus
1366 4896 1535 4960 lladim'lios
1566 4897 1652 4962 redit
1680 4898 1721 4965 ad
1749 4898 1775 4961 ll

970 4992 1167 5073 lllajestutem
1187 4989 1226 5051 V.
1249 5010 1285 5052 ea
1305 4992 1466 5063 relaturus,
1495 5010 1573 5071 qnae
1599 4994 1634 5055 in
1660 4996 1786 5076 lngule

971 5106 1033 5147 rum
1054 5094 1202 5147 conventu
1222 5094 1299 5149 aeta,
1320 5095 1350 5145 et
1362 5085 1429 5145 lieo
1450 5087 1626 5161 miserante,
1648 5088 1787 5151 shsolsts

973 5187 1052 5241 ιιιιιί.
1094 5179 1174 5241 Acta
1200 5195 1271 5238 reto
1297 5179 1389 5239 totius
1416 5179 1625 5257 tractationis,
1660 5202 1745 5265 quse
1763 5186 1788 5241 is
