3742 5626
774 214 1015 275 noecursrro.
1704 222 1736 279 bl

65 396 185 450 omre,
199 384 352 457 proterere
367 383 400 437 et
409 378 440 437 in
449 373 572 437 nibilum
586 382 769 445 convertere,
784 371 871 433 villas

68 478 100 533 et
122 466 259 552 praedia,
286 472 357 547 igne
375 464 538 531 secedere
564 466 773 550 cineribusque
793 485 871 529 com·

67 567 194 625 miscere
214 560 302 632 lecit,
322 580 429 623 uxores
447 581 519 623 vero
539 559 644 623 bonum
663 560 815 633 nobilium,
841 565 871 621 et

66 659 198 735 νίιςίιιοε
218 672 319 715 coram
336 672 373 715 se
387 651 760 737 turpitercoostnpraodas
781 651 871 715 satel-

67 748 172 810 litibus
192 748 342 829 exposuit,
368 755 474 828 postea
495 745 618 809 easdem
645 751 675 809 ia
695 746 790 809 lrusta
811 743 870 807 dis·

67 861 175 903 secare
194 837 352 903 mandavit.
385 840 565 903 Colonorum
585 850 684 904 autem
703 848 735 903 et
753 838 871 901 infimae

70 931 248 997 conditionis
269 935 414 1014 conjuges
436 934 572 997 vestibus
585 934 740 1015 spoliatas,
762 936 791 995 in
809 932 869 1013 syl·

69 1047 135 1090 vam
153 1023 248 1089 nudes
263 1024 387 1107 perinde
407 1036 440 1089 ut
456 1031 558 1089 matris
574 1028 640 1091 elvo
657 1047 807 1108 egressas,
822 1026 871 1088 vel

69 1128 102 1181 ut
120 1119 235 1181 brutum
255 1138 349 1201 pecus
369 1139 458 1199 agere
473 1123 584 1201 jussit,
606 1123 636 1183 in
656 1122 752 1201 sylvis
772 1130 871 1183 arrtem

68 1213 213 1275 satellites
238 1212 367 1274 latentes
392 1211 579 1275 subordinati
607 1224 701 1277 erant
739 1216 873 1293 Cumque

67 1305 134 1367 illae
145 1308 329 1369 miserrimae
339 1305 529 1367 mulierculae
539 1305 643 1385 sylvae
655 1310 871 1387 appropinqua·

66 1408 133 1461 rent
145 1398 304 1469 satellites,
321 1418 388 1459 cum
403 1401 514 1479 impetu
531 1401 562 1458 iu
577 1418 631 1461 eas
641 1401 796 1483 irruerunt,
808 1418 872 1461 eae·

67 1488 175 1554 dentes
195 1501 227 1554 et
240 1494 333 1553 variis
352 1492 450 1573 plagis
463 1488 650 1555 afficientes:
670 1492 739 1553 illae
751 1490 873 1555 timidae

67 1607 122 1666 per
133 1604 256 1667 campos
267 1593 299 1647 et
310 1586 413 1665 sylvas
425 1584 582 1666 pallantea,
598 1594 630 1647 ct
642 1580 803 1647 identidem
814 1580 873 1645 dis·

67 1687 222 1754 currentes
242 1681 341 1741 omnia
358 1677 477 1741 fletibus
498 1688 530 1739 et
546 1679 658 1759 ejulatu
673 1676 871 1759 complebant.

67 1770 122 1832 Sic
136 1775 235 1853 itaque
252 1771 389 1832 omnibus
401 1769 647 1852 possessionibus
665 1769 809 1853 praedicti
822 1770 872 1833 Jo-

66 1867 153 1925 annis
171 1867 336 1926 Pietrovicz
357 1864 426 1925 olim
443 1863 572 1925 Palatini
592 1862 768 1925 Moscoviae
786 1863 871 1925 deva·

66 1960 165 2030 statis,
183 1966 214 2019 et
226 1955 357 2018 funditus
375 1960 529 2038 extirpatis
547 1978 666 2018 uxorem
683 1960 750 2037 ejus
768 1960 798 2017 in
813 1977 871 2018 mo·

67 2052 228 2113 maurim
244 2052 373 2122 intorsit,
389 2052 562 2133 progeniem
572 2056 670 2113 autem
687 2052 763 2133 ejus,
780 2059 872 2115 totam

68 2141 195 2225 denique
207 2142 346 2207 familiam
357 2163 477 2225 sparvo
488 2140 528 2205 ad
538 2146 687 2206 minimum
700 2142 872 2206 eradicavit

68 2396 383 2497 ementitum
409 2398 497 2497 sut
521 2400 638 2507 lttllb
661 2398 875 2499 lllltllllll.

143 2610 258 2677 Eodem
283 2607 456 2694 supradicto
473 2632 552 2676 suno
573 2610 722 2677 trucidato
749 2622 809 2677 tam
831 2616 873 2677 iu·

68 2710 147 2787 signi
167 2709 232 2769 viro
256 2725 324 2768 cum
350 2710 413 2768 tota
439 2705 551 2769 familia
570 2722 645 2780 sua,¹
667 2707 874 2770 cancellarium

68 2821 156 2863 suum
171 2800 300 2863 Ketaria
317 2795 499 2859 Dubrouslri
520 2797 640 2872 dictim,
661 2798 738 2863 falso
753 2821 874 2863 accuse·

70 2902 133 2955 tum
153 2893 259 2973 (quasi
283 2890 331 2953 ille
351 2888 482 2953 subditis
507 2891 647 2953 nobilium
666 2895 731 2953 sive
751 2892 874 2974 bojaro·

71 3004 141 3046 num
158 2981 364 3063 largitionibus
382 2990 547 3064 corruptus,
563 2990 708 3047 tormenta
722 2984 830 3049 bellica
844 2988 874 3047 in

68 3080 137 3140 suis
153 3074 289 3139 curribus
306 3082 337 3137 et
348 3077 433 3157 equis
450 3072 557 3137 ducere
571 3095 631 3137 aron
642 3076 772 3158 juberet,
789 3086 876 3160 prout

70 3191 137 3233 mos
158 3178 219 3243 est,
247 3178 277 3230 et
297 3165 376 3249 quod
396 3166 582 3229 solummodo
607 3174 706 3250 magui
726 3170 823 3235 Ducis
844 3170 875 3234 id

70 3284 177 3327 munus
194 3262 325 3337 obirent)
345 3258 504 3323 crudeliter
518 3260 576 3324 boc
590 3261 679 3325 modo
700 3262 875 3328 trucidavit:

72 3354 261 3419 Satellitibus
271 3358 337 3417 suis
348 3350 506 3429 mandarit,
516 3363 549 3416 ut
560 3358 589 3416 in
600 3353 718 3417 domum
730 3356 874 3440 praedicti

72 3448 240 3513 cancellarii
256 3450 398 3529 impetum
407 3446 550 3521 lacerent,
567 3453 721 3532 ipsumque
734 3450 875 3515 membra·

71 3546 124 3605 tim
144 3543 288 3623 (meravis
310 3543 442 3603 criminis
462 3561 522 3603 non
544 3544 722 3617 corrrietum)
743 3541 875 3607 disseca·

932 378 1057 450 quatuor
1073 384 1173 453 partes
1190 373 1374 457 disrumpere
1391 375 1473 440 lecit.
1493 375 1553 439 Est
1564 385 1664 438 autem
1682 377 1737 438 lroe

931 465 1157 535 instrumentum
1182 477 1309 549 quatrior
1333 477 1464 533 rotarum
1490 467 1530 533 eb
1551 469 1610 533 hoe
1629 487 1736 550 magno

930 553 1020 620 Duce
1039 555 1181 621 moderno
1201 582 1254 642 pro
1275 560 1445 625 cruciandis
1465 561 1634 627 bominibus
1653 560 1736 627 adin·

930 659 1064 724 ventum,
1085 647 1125 712 ad
1144 655 1268 731 primam
1287 664 1381 717 rotam
1401 675 1462 716 una
1481 676 1602 731 manus,
1628 656 1668 721 ad
1687 678 1734 723 se·

931 740 1057 806 cundem
1086 744 1197 817 altera,
1225 743 1330 807 eodem
1356 745 1445 809 modo
1464 756 1588 830 uterque
1614 773 1670 833 pes
1696 751 1735 817 ad

930 846 1067 900 caeteras
1086 835 1163 899 duas
1175 845 1259 900 rotas
1275 837 1421 916 alligatur.
1443 838 1586 921 Singulas
1600 866 1672 908 vero
1689 867 1734 909 ro·

929 937 977 991 tas
994 927 1162 1010 quindecim
1179 934 1233 993 viri
1248 929 1377 1003 trahunt,
1395 939 1467 995 tunc
1482 933 1533 1007 ibi,
1548 939 1606 997 etsi
1621 936 1736 1001 terreus

930 1023 976 1083 rel
998 1020 1205 1087 adamantinus
1226 1023 1314 1085 bomo
1336 1024 1433 1098 luerit,
1452 1046 1471 1089 a
1490 1031 1646 1108 sexaginta
1665 1034 1736 1094 viris

930 1119 1122 1178 transversim
1149 1113 1309 1179 crudeliter
1334 1127 1448 1181 tractus
1473 1118 1680 1202 disrumpitur,
1706 1134 1737 1187 et

931 1207 1113 1271 membratim
1129 1206 1317 1273 dilaceratur.
1342 1211 1413 1294 lpse
1430 1220 1529 1275 autem
1540 1233 1685 1294 praeseus
1698 1214 1737 1279 ed

932 1300 989 1362 boc
1006 1301 1144 1383 supplicii
1159 1323 1253 1382 genus
1274 1315 1413 1387 spectare
1432 1306 1521 1380 solet,
1537 1325 1662 1389 cumque
1678 1311 1737 1371 iam

932 1392 1040 1473 aliquis
1067 1413 1104 1455 eo
1125 1397 1303 1476 inspiciente
1328 1402 1375 1461 sic
1400 1396 1608 1481 disrumpitur,
1632 1402 1736 1482 gentili

931 1505 1006 1579 voce
1026 1485 1164 1548 saltando
1185 1486 1299 1566 horda,
1319 1488 1432 1570 boyda,
1452 1490 1609 1575 proteram
1628 1494 1736 1559 vocite-

933 1599 999 1639 rare
1021 1578 1109 1652 solet,
1131 1584 1216 1661 quasi
1232 1579 1352 1661 aliquod
1373 1603 1449 1664 opus
1470 1590 1619 1665 egregium
1639 1588 1734 1671 perie-

931 1674 1007 1733 cerit
1052 1669 1160 1734 Omnis
1176 1694 1294 1755 quoque
1308 1674 1450 1736 nobilium
1462 1686 1492 1737 et
1509 1677 1658 1760 plebejum
1682 1686 1735 1742 cir·

931 1772 1084 1827 maistans
1111 1764 1197 1829 turba
1218 1763 1324 1829 eedem
1349 1786 1425 1829 voce
1445 1768 1577 1851 Principi
1597 1790 1653 1833 suo
1674 1792 1736 1835 cor

931 1855 1113 1937 respondere
1130 1856 1268 1920 manibus
1281 1858 1517 1943 complaudeudo
1530 1862 1639 1926 solent.
1659 1865 1735 1928 Nam

930 1951 957 2010 si
969 1949 1095 2030 aliquem
1111 1949 1227 2031 lugubn'
1241 1954 1379 2033 tristique
1388 1954 1469 2019 vultu
1483 1952 1540 2015 sub
1552 1953 1584 2016 id
1595 1963 1737 2041 temporis

931 2045 1128 2122 conspexerit,
1144 2042 1191 2104 vel
1204 2046 1230 2104 si
1246 2044 1353 2126 aliquis
1372 2047 1412 2107 illi
1429 2043 1527 2125 boyda
1546 2046 1643 2128 buyda
1659 2056 1736 2113 roci·

933 2134 1040 2197 leranti
1057 2134 1239 2197 exhilarandi
1249 2138 1393 2218 particula
1408 2156 1469 2199 non
1480 2140 1737 2222 corresponderet,

931 2230 1033 2290 statim
1042 2228 1223 2290 satellitibus
1233 2250 1300 2291 eum
1311 2235 1440 2313 arripere
1451 2240 1483 2291 et
1492 2228 1646 2297 dissecare
1658 2254 1736 2297 man·

932 2318 999 2393 dat,
1029 2317 1151 2382 dicens.-
1179 2320 1291 2404 perfide
1309 2332 1341 2385 et
1365 2332 1397 2386 tn
1417 2323 1571 2387 sentiebas
1592 2346 1658 2388 cum
1680 2327 1737 2390 boc

933 2416 1052 2475 inimico
1071 2414 1158 2477 meni
1183 2435 1236 2475 cur
1255 2418 1283 2476 ei
1304 2415 1467 2480 condoleat
1492 2437 1584 2500 quare
1604 2417 1643 2482 ds
1662 2441 1737 2484 nece

932 2510 999 2588 ejus
1020 2508 1226 2569 contristaris?
1247 2519 1304 2571 etc.

951 2714 1693 2868 mmmmm

1217 2925 1301 2971 clncs
1320 2924 1454 2973 MENSAM.

982 3120 986 3125 .
1015 3070 1194 3152 Quicunque
1206 3075 1343 3135 nobilium
1354 3075 1401 3136 vel
1413 3082 1581 3155 megumum
1592 3079 1670 3161 apud
1682 3102 1737 3141 ua-

934 3186 1023 3244 guum
1045 3164 1161 3225 Ducem
1189 3169 1264 3228 inter
1289 3168 1489 3249 prandendum
1516 3173 1631 3252 turpius
1656 3192 1738 3253 spur·

934 3261 1059 3339 eiusque
1074 3262 1209 3341 jocatur,
1230 3261 1279 3322 ille
1299 3263 1436 3340 egregius
1455 3266 1739 3347 peroptimusqueet

935 3352 1169 3413 facundissimus
1187 3353 1304 3415 aulicos
1324 3362 1473 3415 censetur.
1516 3357 1609 3420 'l'ales
1625 3360 1739 3442 jocele-

934 3465 985 3505 res
1005 3445 1065 3506 duo
1087 3446 1238 3527 praecipui
1258 3449 1288 3506 io
1307 3449 1376 3509 aule
1395 3452 1463 3531 ejus
1481 3453 1613 3528 germani
1632 3451 1739 3515 iratres

935 3539 1031 3600 linesi
1046 3537 1217 3598 (ie-omionic
1236 3540 1309 3599 dieti
1329 3552 1426 3611 orant,
1448 3542 1498 3622 qui
1518 3563 1639 3627 semper
1657 3546 1740 3608 sales

73 3644 153 3708 rent,
182 3630 260 3717 quod
277 3642 307 3695 et
326 3631 408 3695 dictu
428 3636 514 3695 ocius
535 3644 689 3695 executum
708 3645 764 3697 eat.
799 3636 877 3701 Nam
936 3629 1082 3689 uelandus
1103 3632 1182 3691 circa
1202 3652 1334 3693 mensem
1355 3637 1550 3706 exercebant,
1579 3657 1659 3697 uuus
1678 3646 1741 3699 crat

71 3727 218 3791 satellites
231 3729 381 3809 inopinate
399 3728 497 3808 ipsum
510 3726 715 3787 cancellarium
733 3749 798 3789 cum
809 3729 878 3791 liliis
938 3722 1079 3784 Andreas
1100 3724 1217 3782 nornine
1232 3723 1456 3797 Marscbalcns‚
1477 3730 1542 3787 sire
1555 3730 1663 3813 'palatii
1684 3750 1740 3790 ma·

73 3818 191 3881 duobus
207 3816 390 3881 membratim
401 3818 558 3880 securibus
574 3816 612 3881 ad
626 3840 759 3883 mensam
772 3821 878 3885 edeu·
937 3819 1045 3895 gistcr,
1066 3819 1115 3896 qul
1129 3822 1214 3897 {⁸0⁸¹ss
1228 3816 1372 3889 infectum
1393 3822 1481 3880 vllam
1496 3818 1657 3880 exhalflssll·
1689 3822 1741 3881 ΑΙ·

72 3922 134 3977 tem
148 3909 306 3973 crudeliter
321 3908 518 3982 dissecarunt,
533 3909 761 3997 dissecatosque
780 3918 810 3977 in
825 3937 877 3999 pu.
936 3917 983 3970 tor
1007 3930 1079 3971 vero
1104 3911 1200 3969 minor
1225 3920 1295 3971 rnatu
1317 3910 1486 3973 cubicularii
1506 3932 1614 3975 munus
1633 3913 1742 3985 obibat,

73 4016 169 4076 teum,
190 4006 239 4085 qni
260 4006 291 4064 in
311 4000 408 4065 medio
429 4000 565 4084 ejusdem
586 4010 686 4069 curiae
706 4016 784 4081 erat,
810 4028 877 4093 pm.
939 4002 987 4061 lric
1007 4001 1134 4081 quadarn
1156 4002 1204 4060 dic
1224 4004 1472 4084 turpissimccum
1484 4003 1688 4083 magnoDuco
1700 4009 1742 4069 iu·

70 4103 220 4180 jecerunt.
255 4092 411 4176 Superluit
429 4103 528 4157 autom
546 4095 644 4161 adbuc
658 4098 748 4181 hujus
763 4102 878 4164 cancel·
941 4101 986 4155 ter
1006 4094 1207 4172 prandendum
1218 4097 1389 4174 jocabatur,
1412 4098 1488 4159 adeo
1499 4106 1663 4176 utmagnus
1675 4100 1744 4161 Dux

75 4191 143 4253 larii
163 4186 240 4249 filius
260 4190 375 4261 tertius,
395 4191 445 4269 qui
465 4188 523 4251 hoc
543 4186 601 4262 die,
622 4212 681 4273 quo
701 4202 880 4274 pateranus
940 4187 1078 4248 nefandis·
1099 4185 1187 4245 dictis
1208 4192 1421 4263 exacerbatus,
1441 4213 1459 4253 a
1480 4213 1584 4255 mense
1603 4194 1630 4253 ei
1649 4192 1744 4256 disce·

73 4285 198 4347 occisus
217 4290 279 4354 eet,
304 4277 344 4342 ad
372 4284 537 4343 concivium
563 4280 712 4364 quoddam
738 4287 879 4350 inritatus
941 4280 1011 4341 dere
1028 4280 1170 4360 jusserit,
1190 4281 1333 4343 internam
1353 4305 1423 4345 vero
1445 4284 1744 4351 eodiscedentecau-

72 4376 327 4461 proscripserat,
353 4393 477 4455 cumque
502 4372 541 4437 de
560 4380 655 4459 patris
680 4385 740 4439 tam
767 4377 880 4442 crudeli
942 4374 980 4435 lis
1000 4370 1182 4433 calidissima
1201 4394 1338 4456 peneque
1358 4377 1485 4441 bulliens
1505 4379 1543 4441 de
1564 4382 1691 4459 coquina
1706 4380 1745 4443 ml

74 4472 256 4549 frenumque
282 4486 356 4529 nece
376 4462 537 4541 audiisset,
564 4472 594 4531 in
615 4466 733 4532 domum
753 4471 880 4555 amplius
940 4485 1075 4528 mensem
1095 4464 1185 4527 allata
1196 4474 1259 4541 eat,
1280 4490 1392 4532 vocans
1407 4474 1492 4553 igitur
1505 4471 1684 4553 praedictum
1697 4494 1745 4535 co·

76 4560 173 4627 redire
184 4581 243 4621 non
254 4557 394 4631 audebat,
405 4556 461 4621 sed
470 4579 525 4642 per
535 4563 679 4643 integrum
688 4563 751 4625 lere
762 4585 880 4640 armum,

77 4651 238 4719 identidem
254 4653 441 4734 praetimore
458 4652 653 4733 vagabundus
670 4658 880 4721 circumambu-

75 4746 167 4811 labat.
202 4746 278 4807 Cum
298 4765 369 4807 vero
388 4748 557 4807 nunciatum
568 4757 651 4810 esset
669 4770 776 4831 magno
791 4750 881 4823 Duci,

74 4838 173 4905 adbuc
193 4859 283 4901 unum
305 4836 395 4899 lilium
424 4839 591 4902 cancellarii
617 4838 757 4903 Koaarini
779 4863 881 4925 super·
940 4861 1004 4901 raro
1017 4841 1128 4921 coepit,
1150 4837 1270 4898 dicens:
1289 4838 1446 4911 Miserere,
1465 4842 1607 4898 miserere
1620 4841 1750 4905 celeber·

73 4953 156 5006 esse,
168 4935 263 5014 jussit
275 4951 341 4993 eum
357 4951 410 5013 per
427 4950 531 4994 omnes
549 4932 687 5010 regiones
702 4944 733 4996 et
745 4938 882 4997 civitates
942 4934 1013 4992 rimo
1024 4930 1196 5011 Imperator.
1218 4930 1329 4991 Postea
1343 4931 1498 4991 discedere
1513 4932 1668 5007 volentem,
1690 4960 1747 5001 ma·

73 5036 138 5091 tam
153 5023 204 5087 diu
217 5026 375 5107 inquirere,
392 5021 489 5088 donec
502 5026 691 5097 inveniretur,
711 5046 798 5109 quem
813 5047 883 5110 cap·
940 5042 1018 5104 gaus
1028 5022 1100 5083 Dur
1120 5021 1258 5101 arripuit,
1278 5022 1457 5105 cultelloque
1476 5044 1534 5104 quo
1555 5024 1593 5087 ad
1614 5050 1749 5095 mensam

72 5130 152 5190 tum,
174 5127 204 5179 et
223 5120 254 5178 in
275 5114 462 5178 Moscoviam
482 5112 652 5189 adductum,
672 5138 797 5201 maguus
812 5118 883 5181 Dux
942 5112 1094 5184 utebatur,
1114 5130 1180 5173 cum
1200 5111 1358 5179 crudeliter
1377 5119 1406 5179 in
1427 5118 1533 5179 collum
1553 5124 1710 5197 transisit,
1731 5144 1749 5183 a

74 5222 201 5293 quatuor
223 5208 391 5285 ingentibus
418 5210 493 5273 rotis
513 5208 551 5272 sd
578 5206 609 5273 id
630 5213 820 5291 excogitatis,
851 5212 881 5271 in
939 5228 998 5287 qao
1019 5206 1139 5267 vulnere
1162 5205 1300 5268 continuo
1321 5214 1350 5271 ni
1374 5218 1478 5271 terram
1501 5212 1678 5295 prolapsus,
1698 5235 1749 5273 er·

1497 5304 1548 5357 lb·

940 4558 1127 4630 breuiarium,
1143 4560 1239 4644 jussit
1259 4582 1294 4624 se
1314 4565 1343 4624 ei
1363 4564 1510 4635 inclinari,
1533 4571 1562 4623 et
1582 4566 1697 4625 caulem
1713 4567 1745 4627 il·

939 4656 998 4716 lam
1020 4652 1145 4713 calidum
1167 4654 1306 4717 inclinato
1325 4678 1344 4719 a
1363 4657 1440 4716 collo
1461 4665 1529 4737 post
1548 4661 1660 4733 tergum
1672 4658 1744 4719 inlu-

939 4750 995 4819 sit,
1015 4747 1065 4827 qui
1085 4766 1164 4827 pene
1184 4748 1360 4807 combustus
1381 4746 1483 4807 dolore
1497 4754 1619 4824 tergente
1639 4740 1747 4810 recila·
