3742 5626
620 233 921 292 nonouvoatcon
937 234 1182 293 mannicum
1703 236 1736 304 19

61 390 200 462 busdam,
233 391 283 470 qui
304 389 390 449 nobis
410 387 521 448 adesse
541 387 699 458 deberent,
732 387 800 448 aliis
821 394 868 448 eat
894 384 899 447 l
926 406 985 464 qua
1009 388 1038 445 in
1065 390 1111 448 via
1130 390 1259 470 undique
1280 411 1335 451 nos
1356 390 1541 452 offenderunt
1561 390 1676 451 Tartari
1697 410 1733 450 ex

60 483 159 543 aditus
178 483 368 542 interclusus.
410 547 413 554 ,
926 478 1052 539 bivonia
1076 479 1237 541 redeuntes
1255 482 1501 564 adducentesque
1520 502 1625 545 mcum
1646 503 1735 562 quam

139 573 188 634 Ad
208 576 317 632 victum
336 571 414 650 quod
434 573 552 640 attinet,
572 592 713 651 perquem
733 570 810 632 nale
830 571 868 630 ab
925 570 1066 650 plurimos
1092 573 1236 652 captivos,
1256 594 1377 652 quorum
1397 576 1487 657 aliqui
1506 576 1652 640 sauciatia
1672 576 1734 637 vul·

60 666 120 726 iliis
149 666 263 742 accepti
296 683 418 723 sumusr
451 664 560 724 ιιιιΙΙιιι
587 667 644 724 eibi
665 684 761 742 genus
781 664 868 723 nobis
927 665 1081 742 aetatique
1101 671 1200 734 erant,
1220 667 1299 725 viros
1316 666 1474 738 loerainos,
1495 668 1611 748 puellas
1624 670 1733 750 pariter

60 764 109 819 est
139 762 302 836 porrectum
332 761 448 832 praetor
472 757 579 826 boves,
611 777 685 818 oves
711 763 742 816 et
761 756 867 834 pullos,
924 775 961 814 ac
980 775 1102 836 pueros.

61 849 195 927 piscibus
224 848 312 909 nattis
337 847 451 918 allatis,
481 853 616 927 quamvis
641 849 784 912 adessent
810 851 866 927 pis.
1001 847 1160 910 Foeminas
1180 848 1370 930 puellasque,
1391 869 1466 928 quas
1477 852 1613 930 capiunt,
1632 851 1732 913 diren-

62 942 148 1001 cinae
172 960 258 1019 quam
284 938 441 1018 plurimae:
471 960 527 1001 nec
549 944 693 1003 cerevisia
712 943 799 1002 nobis
819 947 867 1002 est
923 937 1013 1010 dunt,
1046 942 1122 1002 inter
1146 942 1259 1003 amicos
1284 940 1476 1012 distribuunt,
1509 941 1636 1022 aliisque
1654 943 1732 1005 dono

63 1037 232 1109 procurata,
260 1031 317 1091 sed
336 1033 537 1092 tantumnodo
556 1035 682 1096 mulsum
703 1055 755 1113 pro
777 1034 867 1094 lamu-
924 1030 1009 1099 dant,
1032 1035 1082 1111 qui
1102 1035 1139 1094 iis
1159 1020 1211 1112 pro
1231 1033 1521 1103 suovelleutuntur,
1542 1053 1642 1094 earum
1655 1054 1733 1114 quaa

60 1125 99 1183 tis
122 1124 179 1184 vite
198 1125 275 1184 satis
294 1129 324 1184 et
342 1124 446 1184 inatile
464 1145 561 1204 aquae
573 1128 680 1208 instar,
701 1132 734 1186 ut
744 1129 867 1205 saepius
924 1129 1027 1203 partae
1053 1125 1244 1196 alremittur,
1276 1125 1447 1207 repudiant,
1478 1125 1605 1205 aliisque
1624 1125 1732 1187 violan-

59 1216 89 1275 id
110 1217 249 1276 intactum
268 1217 452 1296 reliquerint:
473 1219 622 1298 penuriam
643 1238 867 1298 quoqueaquae
924 1216 981 1276 das
1008 1216 1185 1296 relinquunt.
1239 1218 1306 1278 Heu
1328 1215 1476 1278 bominum
1497 1217 1673 1279 calamitatis
1691 1222 1733 1278 at·

58 1308 109 1368 siti
131 1306 292 1368 admodum
319 1308 449 1369 coniecti
469 1312 689 1378 sustinuerunt,
718 1331 785 1370 curn
808 1311 868 1370 exi·
924 1328 982 1388 que
1002 1309 1156 1369 miserias!
1189 1309 1271 1382 Quid
1292 1312 1370 1370 enim
1393 1311 1552 1389 excogitari
1572 1314 1673 1391 potest
1683 1309 1733 1369 mi·

59 1406 108 1460 tus
135 1399 194 1459 illis
222 1400 329 1461 luisset
355 1402 544 1462 interdictosz
577 1423 645 1463 uam
665 1423 745 1481 aqua
763 1404 802 1464 ad
822 1423 869 1464 en·
925 1401 1038 1470 serius,
1064 1421 1150 1479 quam
1171 1405 1200 1461 in
1221 1403 1320 1464 talium
1342 1403 1545 1484 Tyrunnorum
1565 1421 1672 1463 manus
1691 1403 1732 1461 ia·

58 1491 212 1572 quondum
232 1513 290 1553 usa
309 1493 429 1554 aliunde
448 1492 650 1554 advehebatur
663 1515 759 1574 caque
771 1497 869 1556 minus
925 1492 1039 1563 cidere,
1061 1495 1109 1572 qui
1131 1513 1188 1552 non
1209 1515 1300 1554 secus
1320 1515 1386 1556 cum
1407 1494 1575 1556 bominibus
1589 1494 1732 1556 carrada

58 1590 121 1645 erat
142 1605 215 1664 pura
236 1587 317 1645 vasis
337 1588 425 1646 etiam
445 1585 575 1648 sordidis
594 1594 741 1658 contenta,
763 1587 868 1648 cadom
925 1587 972 1645 nis
997 1605 1084 1663 quam
1110 1606 1177 1645 cum
1196 1585 1373 1646 animalibus
1393 1588 1486 1647 brutis
1507 1606 1543 1647 ac
1562 1587 1733 1649 irrationali·

58 1684 158 1738 tamen
178 1678 259 1738 sitim
279 1678 429 1739 multoties
449 1680 646 1740 extinxerunt.
924 1678 982 1737 bus
1002 1678 1234 1737 conversanturl
1655 1666 1680 1707 ’ἢ

138 1768 268 1830 Taceam
294 1770 374 1848 quod
400 1791 486 1830 nemo
508 1791 564 1831 nos
583 1776 645 1831 toto
666 1772 715 1832 illo
736 1778 868 1853 tenpore
1001 1768 1083 1840 Quid
1103 1770 1231 1848 denique
1243 1770 1461 1830 lamentabilius
1471 1768 1732 1852 conjugibus,'qui

58 1861 208 1929 inviserit,
230 1863 276 1930 rel
297 1864 451 1923 nobiscum
471 1870 666 1924 conversatus
687 1865 867 1945 lueritprae
924 1861 1031 1943 copula
1060 1861 1262 1922 matrimoniali
1293 1861 1551 1940 indissolubilique
1584 1863 1732 1944 conjuncti

58 1959 104 2012 ter
129 1953 330 2016 Praestablios
357 1962 387 2016 et
407 1954 567 2017 Rolbcrum
596 1957 683 2016 nobis
708 1957 868 2017 inservien-
923 1959 1008 2023 sunt,
1028 1973 1100 2014 esse
1112 1959 1220 2034 potest,
1241 1973 1374 2032 quamse
1387 1957 1520 2035 separari
1534 1954 1733 2036 acsejungit

57 2050 123 2116 tes,
142 2047 207 2116 siti,
229 2047 299 2126 qnid
320 2048 349 2106 in
369 2069 458 2128 quarn
479 2050 600 2109 extincti
614 2049 787 2121 fuissemus,
809 2050 867 2110 uisi
1000 2045 1054 2105 Vir
1085 2067 1103 2106 a
1132 2053 1218 2106 costa
1249 2065 1305 2106 sua
1330 2047 1360 2106 ia
1383 2046 1488 2108 &aaa
1509 2053 1539 2106 ct
1556 2045 1732 2108 Astrocbcn

57 2139 126 2198 vina
152 2144 252 2198 nnstm
277 2139 315 2199 ad
334 2160 452 2200 uranum
473 2140 701 2214 habuissemus,
736 2143 865 2222 quaein
924 2143 1025 2198 contra
1048 2137 1190 2199 Tartarus
1215 2138 1352 2209 mittitur,
1384 2160 1505 2200 uxorem
1531 2141 1599 2222 ejus
1618 2137 1733 2200 Rullia-

56 2229 139 2290 illum
169 2231 257 2291 tinem
285 2238 368 2292 erant
394 2233 534 2302 advecta,
569 2241 688 2294 uicum
709 2234 867 2315 Bajeribus
894 2292 896 2299 ,
924 2250 982 2289 uus
1002 2232 1091 2307 rapit,
1112 2233 1194 2291 vitiat
1213 2235 1347 2310 stuprum
1365 2231 1735 2311 lniertcommacutatquet

57 2320 263 2383 Rutbeunrum
296 2324 346 2384 illa
380 2326 681 2394 communicaremus,
715 2326 771 2385 sed
799 2347 866 2386 cum
893 2304 897 2395 l
924 2320 974 2381 ille
995 2323 1148 2382 sauciatus
1169 2322 1399 2401 vulneratusque
1420 2325 1584 2396 occumbit,
1617 2323 1666 2383 bic
1685 2344 1734 2383 nu

59 2434 145 2475 ιιοιιιο
168 2435 203 2475 so
224 2416 311 2475 nobis
330 2416 504 2477 ostenderet
523 2420 573 2496 qui
593 2423 675 2478 tanto
696 2417 807 2478 bonore
826 2418 868 2478 di·
893 2462 897 2515 q
925 2421 1048 2493 ctesquo
1083 2414 1208 2496 diesque
1239 2415 1439 2495 voluptatibus
1466 2437 1531 2477 eum
1553 2436 1647 2477 uxore
1666 2418 1734 2498 ejus

56 2527 136 2584 gnus
153 2505 337 2588 judicaretur
356 2530 408 2578 ea,
440 2529 518 2587 quae
537 2517 714 2589 supereant,
743 2512 869 2572 anobis
893 2522 897 2582 l
925 2508 1062 2587 vitiisque
1082 2507 1224 2587 indulget.
1256 2507 1339 2569 Sane
1358 2527 1426 2569 mco
1445 2509 1586 2571 arbitratu
1606 2528 1664 2569 non
1684 2510 1734 2569 mi·

56 2601 86 2661 iu
108 2620 194 2660 usum
214 2602 362 2680 proprium
382 2606 453 2660 sunt
471 2607 633 2663 reservata.
893 2592 897 2691 l
925 2620 996 2660 noro
1028 2599 1114 2659 clade
1143 2599 1292 2678 affligendi
1324 2606 1409 2660 eruut
1437 2599 1486 2660 bic
1511 2622 1598 2680 quam
1625 2599 1735 2677 Dauid,

133 2691 268 2752 Excurso
294 2699 444 2771 utcunque
469 2694 593 2755 instituti
613 2697 671 2754 mei
691 2695 785 2775 primo
805 2715 868 2756 cur·
925 2693 974 2770 qui
999 2690 1154 2752 Bersabee
1185 2693 1241 2750 vim
1270 2691 1365 2751 intulit
1391 2688 1491 2751 Uriam
1518 2712 1576 2770 que
1602 2692 1734 2753 laceran-

58 2783 166 2855 riculo,
198 2783 390 2864 protectionis
424 2784 562 2845 videlicet
594 2785 633 2846 ad
663 2785 868 2855 Moscovitam,
894 2817 897 2859 q
925 2783 994 2842 dum
1013 2783 1104 2842 dedit·

57 2895 136 2954 quee
158 2875 281 2934 miliaria
300 2876 368 2933 332.
391 2882 451 2935 tam
472 2879 544 2937 mari
564 2899 652 2954 quam
672 2883 750 2937 terra
770 2879 870 2937 cmte·
894 2896 898 2991 q
1001 2872 1067 2932 Nec
1087 2872 1304 2932 solumbonum
1324 2877 1512 2951 peccatorum
1530 2874 1653 2933 reisunt
1665 2875 1735 2934 sub·

54 2973 106 3026 cta
132 2966 315 3045 complebat:
348 2968 514 3027 secundum
541 2989 619 3028 uunc
638 2968 756 3028 demum
778 2969 868 3028 letici-
895 3004 898 3036 :
926 2965 977 3025 diti
998 2965 1152 3024 incolaeve
1172 2963 1335 3023 sedetiam
1356 2965 1422 3044 ipsa
1442 2963 1516 3024 dux:
1547 2965 1639 3026 babet
1659 2987 1736 3026 nam-

53 3064 101 3118 tcr
121 3058 285 3135 ingredior,
305 3059 334 3116 iu
355 3079 414 3136 qun
428 3079 598 3137 regressum
619 3062 649 3120 in
664 3059 790 3120 Daciam
806 3061 868 3121 bre
895 3059 897 3071 '
925 3077 983 3136 que
1013 3058 1068 3132 (ut
1091 3057 1194 3138 ajunt)
1220 3057 1249 3116 in
1275 3075 1430 3134 gynaeceo
1450 3076 1507 3117 suo
1527 3058 1576 3120 ao.
1597 3060 1735 3136 virgines,

55 3151 132 3210 viter
153 3151 338 3229 perstingere
358 3157 501 3229 satagam.
861 3206 874 3224 ‚
894 3203 897 3210 .
926 3169 962 3209 cx
982 3149 1089 3209 illustri
1110 3149 1218 3209 inmitia
1238 3146 1381 3208 oriundas
1401 3168 1478 3228 equa
1497 3148 1625 3212 Livonia
1644 3150 1735 3211 abdu-

131 3243 179 3302 ab.
227 3241 285 3302 Die
307 3243 435 3320 Augusti
461 3251 619 3323 postquam
640 3264 763 3305 munera
783 3246 869 3304 nobis
894 3236 896 3265 ³
925 3247 1005 3312 ctas,
1035 3261 1112 3321 quas
1132 3260 1251 3311 secum,
1283 3260 1342 3318 quo
1362 3261 1397 3301 se
1417 3241 1544 3312 coateri,
1573 3242 1669 3314 ducit,
1697 3242 1735 3303 iis

56 3340 140 3395 eraut
159 3341 329 3412 apportata,
356 3335 553 3413 significatum
574 3341 624 3397 est
645 3337 745 3404 nobis.
767 3343 799 3397 ut
819 3357 867 3396 eo·
924 3333 990 3394 loco
1012 3334 1129 3401 uxoria,
1150 3334 1216 3413 ipso
1235 3338 1379 3393 uxoratus
1399 3355 1457 3393 non
1478 3335 1533 3404 sit,
1554 3341 1652 3397 utens.

57 3426 123 3487 dem
144 3425 193 3484 dia
212 3428 323 3488 abitum
341 3447 529 3506 pararemus,
560 3428 598 3488 de
618 3449 677 3506 quo
698 3435 786 3489 aritea
806 3449 866 3489 cer·
892 3460 895 3487 ι
1002 3424 1065 3484 Sed
1086 3424 1162 3485 baec
1183 3424 1250 3485 Deo
1264 3422 1436 3506 justissimo
1456 3426 1563 3487 vindici
1584 3427 1735 3509 punienda

56 3520 149 3578 tiores
169 3517 238 3579 iacti
262 3541 319 3579 nnn
340 3539 448 3580 sumus
467 3519 524 3580 sed
545 3538 612 3580 cum
633 3520 706 3581 liora
726 3527 867 3581 tumtum·
891 3520 894 3579 l
923 3517 1140 3596 relinquamus,
1159 3519 1211 3596 qui
1231 3519 1289 3578 scit
1308 3539 1365 3579 suo
1384 3524 1518 3599 tempore
1539 3539 1577 3579 ea
1595 3538 1732 3600 compca·

56 3612 138 3688 poris
168 3613 247 3671 circa
278 3613 326 3673 32.
360 3611 591 3691 pomeridianam
617 3618 717 3681 essct,
747 3621 817 3673 ante
836 3614 865 3671 5.
891 3584 894 3679 l
922 3629 1008 3670 aerea
1029 3609 1119 3668 babet
1139 3629 1266 3688 namque
1284 3609 1433 3670 vindicem
1452 3611 1585 3681 oculum,
1605 3618 1638 3672 ut
1654 3613 1735 3673 cauit

57 3722 115 3762 nou
135 3702 350 3772 discessimus,
372 3703 578 3782 ducentosque
600 3709 714 3762 noctem
734 3704 813 3764 illam
825 3706 865 3763 in·
890 3682 894 3735 ¹
922 3707 1007 3761 autor
1027 3701 1076 3759 ille
1099 3699 1249 3761 Graecus:
1269 3694 1329 3774 ἔχει
1352 3699 1427 3768 θεὸς
1447 3697 1568 3759 ἔκδικον
1588 3697 1687 3775 iupa.

55 3814 190 3856 somnem
210 3797 291 3872 (qua
310 3797 330 3854 d
351 3794 476 3857 miliaria
495 3801 565 3854 suut
584 3800 736 3856 transacta
748 3795 787 3855 ad
800 3815 866 3855 coe·
999 3791 1046 3852 aa
1076 3793 1104 3851 in
1135 3791 1200 3852 laco
1224 3794 1367 3853 certiores
1393 3811 1512 3871 quoque
1538 3793 1607 3853 tacti
1628 3811 1734 3854 sumus

56 3887 175 3947 nobium
200 3887 318 3947 diotae
337 3887 452 3954 venim,
484 3886 553 3946 iude
572 3886 664 3946 altero
684 3887 733 3947 die
753 3885 867 3946 Deruit·
925 3882 1079 3944 Tartarum
1115 3882 1214 3952 Crim,
1253 3884 1303 3961 qui
1329 3885 1393 3963 lam
1424 3882 1537 3962 pridem
1569 3883 1734 3961 aufugerat,

56 3979 137 4055 troff
152 3976 369 4038 interfecimust
390 3977 420 4034 in
440 3996 501 4053 qua
520 3977 567 4036 via
577 3979 680 4037 visitur
692 3980 867 4040 coenobium
924 3995 1027 4035 mrsus
1052 3973 1202 4034 Rutbenis
1231 3974 1336 4032 inacils
1367 3993 1474 4050 magua
1502 3994 1591 4034 mauu
1625 3973 1731 4036 iisdem

54 4070 165 4130 Sunct.
177 4066 326 4138 Nicotaus
346 4069 541 4140 nominatum,
561 4090 599 4128 ea
619 4070 769 4151 lapidibus
787 4089 868 4148 egre-
924 4065 1032 4126 diebus
1051 4065 1160 4144 quibus
1181 4083 1237 4123 nos
1259 4065 1467 4143 lmperatorem
1487 4066 1670 4145 reliquimus,
1690 4067 1733 4126 in·

53 4159 107 4239 gie
133 4156 319 4219 aedificatum
339 4160 419 4219 arcio
441 4160 548 4227 instar:
582 4162 671 4223 adia
690 4163 792 4222 ultime
812 4164 869 4222 sei-
924 4158 1045 4237 opinato
1081 4155 1257 4226 advenisse,
1298 4156 1482 4234 fulvique,
1522 4164 1734 4238 stratagemate

55 4253 127 4312 licet
147 4249 276 4326 Augusti
296 4250 369 4310 Elin
393 4250 493 4311 villam
518 4254 646 4331 ingressi
672 4274 792 4324 sumus,
826 4274 868 4315 re
925 4268 1013 4309 usum
1038 4245 1226 4308 Rutbeuicas
1251 4265 1320 4307 oras
1346 4267 1523 4330 occupasse.
1574 4249 1734 4322 Quodnam

56 4343 129 4404 licta
160 4361 239 4420 quae
272 4362 309 4401 en
340 4343 367 4404 1.
399 4343 552 4424 Septemb.
591 4344 735 4406 Gerodeu
763 4366 868 4426 perne
925 4339 1005 4401 istud
1026 4340 1122 4399 luisse
1142 4358 1284 4419 quaeres:
1304 4339 1386 4401 Ante
1405 4361 1540 4404 mensem
1560 4343 1601 4405 ad
1615 4342 1734 4405 Mosco·

57 4435 213 4496 ctavimus.
926 4435 1015 4495 vitam
1034 4431 1183 4494 bominem
1203 4433 1278 4493 sorta
1297 4431 1469 4514 deploratae
1489 4437 1556 4516 spei
1576 4457 1613 4497 ao
1624 4435 1732 4497 damis·

135 4526 246 4586 Verum
279 4527 356 4585 enim
388 4545 457 4584 vero
485 4543 552 4585 curn
578 4525 719 4590 distantia
738 4529 867 4591 locorum
891 4514 895 4613 Ι
924 4545 992 4586 sum
1013 4523 1176 4602 legaverat,
1209 4525 1259 4605 qui
1281 4544 1348 4584 cum
1371 4527 1437 4606 ipso
1458 4525 1496 4586 de
1518 4527 1647 4587 induciis
1665 4545 1734 4604 age·

58 4622 89 4678 in
109 4618 313 4698 superioribus
333 4617 410 4677 satis
429 4623 658 4681 commonstrata
677 4624 732 4692 sit,
763 4623 812 4684 bic
830 4643 867 4684 ea
891 4620 895 4669 l
924 4624 985 4679 rete
1017 4618 1065 4678 oui
1085 4614 1246 4698 lmperator
1266 4616 1483 4677 cancellarium
1503 4637 1590 4677 suum
1612 4617 1733 4678 Basilo·

57 4716 88 4769 te
114 4712 237 4771 missam
259 4731 323 4771 eam
344 4709 467 4779 faciam,
500 4726 537 4767 nc
556 4709 625 4788 ptus
644 4733 733 4792 quam
752 4720 867 4794 oportet
923 4713 991 4770 witz
1005 4708 1123 4770 &llus
1142 4711 1224 4770 misit
1244 4728 1311 4767 cum
1332 4706 1390 4767 linc
1407 4707 1445 4766 de
1465 4709 1504 4766 iis
1523 4714 1673 4768 acturum:
1693 4710 1735 4769 iu·

57 4804 86 4860 in
108 4823 145 4863 ea
162 4802 275 4863 versari
295 4801 409 4870 videat,
431 4805 462 4861 et
483 4797 629 4861 calamum
649 4803 866 4866 adurbiumlo·
924 4809 1007 4862 terea
1028 4799 1174 4861 Tartarus
1199 4818 1235 4859 se
1254 4804 1362 4866 armat,
1391 4818 1500 4876 resque
1520 4819 1593 4858 suas
1612 4800 1651 4859 ad
1672 4799 1732 4861 bal·

57 4913 216 4974 eorumque
237 4894 466 4973 descriptionem
484 4897 666 4963 convenam,
687 4894 765 4954 sicut
785 4895 867 4956 atad
924 4894 985 4953 lum
1004 4891 1194 4952 necessarias
1214 4887 1360 4967 disponit,
1390 4889 1549 4968 legatoque
1569 4893 1598 4951 iu
1619 4891 1736 4955 Rusaia

56 5005 111 5055 ee,
132 5005 210 5064 quae
231 4991 331 5048 notata
351 4984 441 5064 digna
461 4984 537 5044 inter
557 4984 804 5064 proficiscendum
826 4987 867 5045 iu·
924 4983 1022 5045 adbuc
1046 4985 1193 5044 existente
1217 4979 1328 5040 bellum
1348 4979 1535 5042 Mosoovitae
1554 4981 1686 5045 intereas
1704 4985 1733 5044 vl

55 5075 202 5138 ciderunt.
924 5076 1074 5153 armisque
1099 5092 1223 5152 regnum
1243 5073 1311 5153 eJ‘us
1330 5071 1451 5135 invadit.
1501 5071 1583 5145 Quid
1603 5097 1674 5138 varo
1694 5075 1734 5136 ei·

139 5166 303 5233 Gerosdcs
322 5169 514 5233 discedentes
535 5168 646 5246 Otlsrr
665 5170 869 5249 perveni-nst
926 5166 1035 5229 lectum
1056 5167 1111 5238 ait,
1140 5165 1250 5243 quique
1272 5163 1341 5227 ainis
1360 5184 1506 5227 armorum
1525 5174 1733 5247 susceptorum
