3742 5626
100 206 137 261 rr
380 178 386 191 '
688 199 817 257 nanim
834 196 1170 257 arescemrrcrnmr

100 365 156 427 tur,
174 374 300 435 cumque
318 352 447 415 redirent
470 353 510 414 ad
528 372 594 415 eun
614 374 711 435 usque
734 353 840 423 locun,
864 352 893 411 in
955 350 1136 432 possideret,
1155 350 1282 431 aliisque
1301 352 1332 412 ri
1350 358 1402 412 aut
1421 351 1569 412 deditione
1588 353 1759 434 occupatis,

101 472 160 531 qne
178 470 216 511 ee
233 448 313 510 enei
332 454 412 509 netu
429 447 558 520 solutes,
576 445 740 528 respirandi
765 452 797 505 ct
816 446 896 524 quic·
956 446 994 506 ad
1013 466 1050 507 se
1069 445 1197 505 deficere
1215 443 1305 507 velle.
1346 445 1392 505 Ee
1417 447 1525 506 nuncio
1544 444 1678 516 blesens,
1706 447 1760 525 qni

100 544 204 605 scendi
224 540 409 603 eemmednn
429 542 554 619 spatirrm
575 541 685 602 babere
704 539 899 620 putabantsrs
954 540 1008 598 riri
1028 538 1226 599 tortitudinem
1246 543 1277 596 ct
1301 536 1504 599 dexteritatem
1530 541 1676 617 cognitam
1704 538 1759 600 lra-

101 638 186 699 lecne
204 648 268 697 eret
288 636 329 697 illi
348 638 448 709 netes)
464 655 589 716 cumque
609 654 664 694 ces
676 633 818 694 invadere
830 652 898 692 ceu·
957 633 1050 698 beret,
1076 633 1204 692 meribcc
1230 631 1429 701 exhilaratus,
1455 633 1553 692 emnia
1578 653 1655 712 qnae
1679 654 1701 694 a
1721 655 1760 694 se

101 734 259 800 rrtitnisret,
279 731 390 790 menuit
409 749 493 799 sues,
525 734 558 787 ut
575 727 622 787 sib
643 748 681 787 ca
707 733 794 787 neme
820 726 898 785 ciba·
955 724 1085 786 blicbael
1105 732 1230 806 peteret,
1250 724 1329 786 datis
1350 732 1382 785 ut
1401 725 1520 786 volebat
1544 725 1653 797 literis,
1674 728 1759 807 jura·

100 828 145 886 ris
163 830 308 907 pararent,
327 842 397 883 nam
418 843 455 883 re
474 823 520 881 eis
544 821 654 881 nullam
679 821 757 899 ignis
783 818 897 898 copiam
956 828 1116 898 menteque
1135 819 1246 889 addite,
1267 840 1303 880 se
1322 818 1467 879 iacturum
1487 820 1610 899 recepit.
1647 817 1760 881 Rebus

101 922 131 979 ie
152 924 264 979 nectem
285 917 420 985 futuram,
439 935 510 975 esse
531 914 685 977 factumn.
726 916 831 991 ltaque
851 931 898 970 se·
956 913 998 972 ita
1022 913 1101 993 apud
1125 912 1260 973 blescurn
1287 934 1325 972 ex
1349 913 1497 974 sententia
1516 913 1677 984 consectis,
1702 913 1761 975 bli-

105 1013 205 1092 qeentl
224 1010 274 1071 die
289 1011 457 1071 continuate
476 1009 590 1080 itinere,
602 1027 669 1068 cum
684 1006 799 1067 Tartari
810 1013 898 1065 noctu
957 1005 1043 1066 cbael
1069 1005 1232 1067 ulciscendi
1256 1005 1378 1067 libidine
1402 1007 1530 1084 flagrans
1555 1007 1585 1066 iu
1609 1005 1762 1069 Jeanuem

100 1105 179 1167 sulla
197 1102 311 1165 demur
329 1108 382 1165 eut
400 1102 479 1163 sune
498 1108 672 1183 apparente,
691 1105 828 1179 putarent
846 1098 899 1158 be·
957 1099 1158 1171 Sarersinsli‚
1178 1101 1228 1179 qui
1247 1110 1308 1160 tum
1328 1101 1358 1159 in
1378 1100 1447 1160 silla
1466 1120 1523 1161 sua
1542 1101 1621 1160 circe
1634 1098 1761 1163 Gredue

97 1206 165 1261 des
193 1216 362 1277 regressos,
388 1200 440 1258 ant
470 1194 612 1275 dilapsos,
641 1215 736 1275 coque
755 1199 787 1254 ct
804 1212 899 1273 eques
957 1203 1021 1255 erat
1041 1195 1086 1271 (in
1106 1215 1165 1275 qua
1183 1214 1239 1273 ege
1258 1204 1366 1274 pestes
1385 1194 1479 1254 semel
1492 1195 1677 1274 pernoctari}
1694 1200 1762 1257 tete

97 1292 128 1353 in
146 1310 260 1374 pareus
277 1289 471 1359 dimitterent,
491 1295 661 1359 metuent,
692 1292 838 1355 rorarent,
869 1290 900 1345 et
956 1289 1069 1368 impetn
1088 1288 1188 1359 fertur,
1208 1308 1336 1367 eumque
1356 1308 1395 1346 nc
1414 1287 1491 1348 elabi
1510 1293 1630 1368 posset,
1656 1287 1761 1370 dispe-

96 1408 133 1447 se
151 1404 257 1447 senne
280 1384 446 1447 dederentz
467 1381 684 1443 Constantinus
709 1383 800 1462 prime
827 1378 900 1440 dilu·
958 1383 1026 1442 sitis
1045 1385 1155 1442 circum
1173 1381 1268 1443 aedes
1279 1383 1402 1441 militum
1416 1381 1602 1452 stationibus,
1622 1383 1761 1443 iubeo

98 1481 167 1541 culo
176 1478 329 1550 invadens,
343 1477 457 1556 mugnis
469 1475 604 1537 cladibus
617 1497 672 1537 ees
684 1475 793 1537 adecit.
813 1472 900 1533 Kncs
957 1495 1136 1556 permissere
1148 1476 1276 1554 quedam
1288 1474 1509 1547 blabumetane,
1529 1476 1559 1534 in
1573 1475 1680 1535 lectule
1689 1473 1757 1535 der·

100 1594 170 1635 rere
188 1571 318 1634 bliebael
338 1570 456 1641 bineli,
481 1572 617 1650 quicum
643 1568 824 1630 adolescens
849 1565 899 1626 ad·
957 1571 1097 1630 mientem
1108 1570 1254 1650 opprimit,
1265 1570 1492 1647 obtruncatque:
1513 1576 1758 1650 quareperncta,

98 1668 207 1729 bucin
228 1666 416 1727 Gemaniam
435 1665 578 1734 venisset,
599 1668 630 1723 et
648 1661 728 1744 apud
747 1660 900 1721 Albertunr
957 1661 997 1722 ad
1030 1672 1159 1723 castrum
1185 1661 1306 1722 blinsle
1327 1682 1393 1722 cum
1413 1664 1544 1723 exercitu
1570 1682 1761 1742 progressus,

98 1761 247 1821 &reniae
266 1759 370 1820 ducem
391 1780 428 1819 ee
452 1764 584 1836 tempere
609 1758 638 1815 in
666 1754 766 1814 Frisia
790 1752 900 1813 bellurn
958 1756 987 1815 ri
1008 1754 1088 1826 illud,
1109 1764 1161 1815 aut
1181 1755 1332 1816 deditione
1351 1776 1498 1836 occupare
1518 1757 1681 1817 nitebatur:
1700 1756 1761 1819 aad

99 1852 244 1931 gerentem
266 1859 387 1914 strenue
406 1873 442 1911 se
467 1853 631 1930 gessisset,
656 1867 694 1908 ac
717 1862 770 1927 p'er
796 1866 900 1907 ornnes
956 1847 1077 1908 blinslre
1104 1851 1301 1929 occupatione
1332 1849 1500 1921 frustratus,
1526 1850 1583 1910 alia
1608 1848 1761 1911 subinde

99 1948 222 2009 miiitiae
240 1946 350 2024 gradus
368 1965 506 2023 magnum
525 1941 583 2002 sibi
605 1961 711 2001 nemen
722 1940 899 2021 peperisset,
957 1953 1056 2003 castra
1076 1941 1249 2023 oppidaque
1268 1962 1431 2021 aggressus
1456 1948 1515 2004 est.
1554 1945 1671 2005 interes
1690 1962 1761 2005 mm

103 2041 374 2119 Germanorumque
394 2037 474 2119 apud
494 2057 572 2116 ques
591 2035 760 2096 adoleverat
769 2035 899 2095 moribus
957 2037 1037 2114 regis
1057 2036 1086 2095 in
1106 2056 1142 2096 se
1161 2035 1424 2116 cepiasadrenirc,
1443 2057 1539 2115 seque
1552 2036 1692 2115 illilengc
1707 2039 1761 2099 im·

100 2135 238 2205 imbutus,
257 2136 288 2193 in
309 2133 431 2210 patriam
443 2129 590 2198 rediisset,
610 2128 688 2207 apud
698 2127 899 2189 Alexandrum
956 2150 1057 2210 parem
1077 2149 1149 2190 csse
1168 2130 1353 2207 intelligeret,
1373 2131 1507 2190 obmissa
1526 2140 1689 2191 castroru-
1709 2151 1761 2209 ep-

101 2248 205 2305 rcgcm
228 2246 332 2303 magua
351 2225 525 2285 auctoritate
543 2243 579 2281 ac
600 2242 715 2282 summo
734 2223 801 2283 lece
829 2222 899 2282 luit:

101 2320 178 2380 urim»
198 2326 229 2379 ut
249 2339 302 2378 rex
328 2316 437 2377 arduas
460 2337 594 2396 quasque
621 2336 671 2376 res
697 2336 735 2375 ex
763 2318 830 2398 ejus
851 2318 898 2396 ju·

102 2412 179 2471 dicio
200 2432 236 2470 ac
255 2411 376 2469 arbitrie
398 2410 600 2469 constitueret
645 2408 765 2469 Accidit
790 2413 898 2479 autern,

101 2516 132 2563 ut
154 2525 220 2565 cum
238 2503 354 2564 Jrrannc
376 2502 567 2563 Saversinslri
588 2502 721 2562 Palatino
743 2502 899 2571 Treccnsi,

103 2599 183 2673 regis
203 2618 296 2659 cause
316 2598 344 2655 in
364 2596 583 2657 dissensionem
604 2597 726 2666 veniret,
750 2596 802 2655 ubi
822 2614 899 2653 cem-

101 2692 206 2769 positis
226 2689 345 2751 taudem
365 2691 463 2761 rebus,
485 2690 514 2749 in
527 2689 676 2767 viteregis
689 2689 788 2748 emnia
799 2689 899 2767 quieta

101 2786 176 2845 inter
195 2784 263 2845 illes
284 2784 457 2844 marrcbant:
477 2790 509 2843 at
527 2789 640 2842 mortue
659 2802 741 2861 rege,
760 2782 900 2842 manebat

102 2878 210 2939 Joanni
230 2878 291 2937 alta
310 2884 408 2937 meritc
438 2878 599 2954 repositum
627 2875 742 2948 edium3
768 2894 836 2934 uam
861 2895 901 2934 cx

101 2994 138 3031 ce
158 2972 289 3051 privatus
308 2981 371 3030 crat
392 2970 571 3031 l'alatinetu.
592 2968 669 3028 Tum
689 2971 754 3048 ipse
774 2974 804 3028 ct
823 2988 900 3027 cem·

102 3066 207 3147 plices,
228 3069 317 3142 etque
336 3064 431 3132 amici,
450 3060 528 3141 apud
549 3062 771 3139 sigismundum
790 3082 899 3139 regere,

101 3160 150 3238 qui
170 3155 341 3217 Alexandre
362 3161 559 3225 successerat,
580 3156 699 3215 erimine
709 3154 838 3215 affectati
850 3155 900 3213 im·

956 2225 1150 2303 pugnatione,
1176 2224 1206 2283 in
1232 2222 1417 2285 blesceviam
1443 2244 1479 2283 sc
1499 2223 1637 2283 contulit:
1662 2224 1716 2283 ubi
1740 2244 1759 2283 a

957 2316 1095 2398 Principe
1115 2316 1274 2377 honorifice
1294 2323 1439 2398 exceptus
1458 2321 1518 2385 est;
1548 2337 1616 2376 nam
1635 2315 1758 2378 Litbna·

957 2411 1035 2469 niam
1057 2410 1098 2469 illi
1117 2431 1219 2492 parem
1239 2432 1297 2471 nen
1317 2410 1428 2470 babere
1448 2412 1574 2470 sciebat.
1596 2410 1684 2472 Undc
1697 2431 1758 2471 mu·

957 2522 1045 2579 gnam
1064 2503 1102 2562 dc
1123 2524 1159 2563 ee
1180 2525 1264 2585 spem
1279 2509 1466 2585 conceperat,
1487 2525 1522 2563 sc
1542 2506 1610 2586 ejus
1620 2504 1758 2573 censilie,

957 2617 1057 2674 opera,
1076 2596 1235 2670 industria,
1262 2599 1428 2658 universam
1446 2597 1637 2657 Litbuanian
1662 2617 1759 2676 pesse

958 2709 1119 2769 occuparc3
1139 2711 1197 2769 qua
1216 2711 1272 2770 spe
1292 2689 1371 2750 baud
1391 2711 1512 2771 prorsus
1524 2691 1679 2751 frustratus
1694 2696 1754 2749 cst.

957 2783 1268 2845 Nemcemmunicatis
1287 2804 1353 2844 curu
1366 2803 1402 2842 eo
1413 2785 1554 2856 consiliis,
1576 2781 1753 2845 Smelcnslre

958 2878 1103 2955 insignem
1115 2877 1291 2938 Litbuaniac
1310 2878 1503 2958 principatum
1519 2878 1616 2938 deuue
1629 2874 1756 2947 obsedit,

958 2977 988 3030 ct
1007 2991 1073 3031 eam
1093 2973 1145 3031 riri
1166 2970 1255 3053 hujus
1275 2971 1420 3031 industria
1438 2973 1632 3052 magisquam
1644 2970 1757 3033 viribus

958 3065 1045 3144 cepit.
1065 3065 1151 3126 Unus
1162 3067 1238 3124 cuim
1249 3065 1388 3135 bliclracl,
1407 3066 1549 3125 militibus
1569 3067 1662 3145 quiin
1676 3084 1757 3145 pne·

958 3157 1035 3218 sidio
1062 3164 1158 3228 crant,
1181 3179 1294 3216 emnem
1320 3159 1402 3218 urbis
1428 3157 1635 3220 defendendae
1661 3177 1757 3239 spem,

102 3252 185 3332 perii,
206 3251 244 3310 ab
263 3248 388 3309 aemulis
407 3248 580 3329 quibusdam
593 3248 778 3319 delatusest,
798 3253 900 3327 etpre
959 3272 1015 3311 sua
1034 3250 1204 3332 praesentia
1224 3251 1349 3311 ademit:
1373 3273 1487 3331 cesquc
1508 3259 1538 3313 et
1556 3258 1636 3313 metu
1655 3253 1758 3330 etpel·

103 3345 180 3403 diter
199 3343 312 3424 patriae
332 3342 508 3402 nominatus.
550 3342 645 3423 Cujus
670 3343 795 3424 injuriae
815 3341 901 3402 lines
958 3344 1178 3414 licitationibus,
1204 3355 1236 3403 ut
1258 3355 1386 3405 castrum
1407 3346 1579 3426 proderent,
1604 3346 1758 3425 permovit.

101 3435 230 3497 blichecl
242 3437 408 3517 impatiens,
421 3454 487 3494 curn
497 3455 589 3512 saepe
598 3455 698 3515 regern
708 3435 900 3516 appellasset,
960 3436 1050 3508 Quod
1072 3459 1108 3498 ce
1130 3437 1273 3497 audacius
1298 3442 1465 3520 majoreque
1494 3440 1593 3500 studio
1620 3439 1760 3509 iaciebat,

102 3534 297 3608 rogassetque
323 3533 356 3588 ut
380 3529 525 3588 communi
547 3528 677 3610 judicie,
703 3548 761 3609 que
788 3533 899 3588 tantum
958 3533 1094 3610 queniam
1115 3530 1263 3601 Basilius,
1290 3533 1315 3590 si
1335 3532 1466 3593 lllichacl
1488 3532 1669 3593 Smelenslre
1690 3552 1760 3613 qua·

101 3625 209 3683 crimen
235 3644 254 3682 a
278 3641 315 3682 se
335 3619 483 3699 depellere
502 3640 596 3702 pesse
620 3621 752 3691 dicebat,
778 3642 899 3682 causam
958 3644 1074 3702 cunque
1093 3629 1156 3683 arte
1178 3625 1264 3704 potiri
1284 3635 1400 3705 posset,
1422 3637 1597 3686 secastrum
1615 3644 1759 3705 cumpre-

101 3720 176 3779 intcr
200 3738 236 3779 ee
256 3725 286 3776 et
306 3714 496 3776 Seversiuslri
526 3720 676 3776 auctorem
702 3716 900 3776 discerneret:
957 3718 1054 3778 vincia
1073 3717 1230 3798 adjacente
1249 3724 1391 3798 perpctuo
1404 3720 1461 3778 sibi
1473 3740 1682 3780 concessurum
1694 3738 1758 3801 pre·

101 3831 228 3890 cumque
249 3830 302 3870 rex
323 3808 401 3869 illius
422 3808 554 3885 petitioni
575 3808 741 3869 lecumnen
758 3808 850 3879 daret,
870 3811 899 3868 in
957 3813 1087 3871 miserat.
1115 3810 1233 3881 Quibus
1251 3818 1348 3871 tamen
1370 3815 1523 3888 premissis
1543 3811 1619 3873 adeo
1637 3811 1687 3871 illc
1708 3832 1757 3889 pe·

101 3905 280 3983 llungarinm
300 3902 339 3963 ed
358 3900 541 3962 vladislaum
567 3903 647 3979 regis
672 3902 788 3962 sratrcm
815 3903 899 3982 preli·
958 3911 1023 3964 stca
1046 3925 1103 3964 nen
1125 3906 1218 3975 stetit,
1238 3910 1271 3964 ut
1291 3903 1467 3964 bliclraelcm
1495 3905 1532 3964 dc
1558 3906 1697 3986 pactione
1720 3924 1758 3963 sc

101 3999 237 4057 ciscitur:
256 4016 275 4056 a
294 4016 353 4075 que
373 3996 466 4057 literis
486 4003 517 4055 et
528 3996 713 4064 Oratoribus,
734 3996 843 4075 quibus
861 3995 898 4055 ad
959 3999 1169 4079 appellantem,
1194 4019 1270 4058 rana
1289 4005 1402 4058 tantum
1421 4020 1476 4078 spe
1504 3999 1641 4069 lactaret,
1667 4008 1757 4077 atque

103 4088 339 4165 cognoscendam
358 4107 444 4147 suem
464 4108 584 4149 causan
606 4109 659 4148 rex
678 4088 899 4159 admouebatur,
958 4092 1102 4152 illuderet.
1123 4090 1243 4163 Quare
1263 4089 1453 4151 vehementer
1465 4091 1592 4153 llliclracl
1613 4091 1756 4160 offensare,

104 4181 281 4261 impetretis,
306 4182 486 4258 tentatisquc
512 4182 664 4252 omnibus,
695 4203 759 4242 cum
790 4204 900 4243 causae
960 4185 1089 4246 nendum
1106 4185 1215 4244 abolita
1237 4205 1254 4244 e
1273 4176 1588 4264 p'cctereSigismundi
1608 4188 1754 4265 regisme·

104 4294 179 4335 suae
200 4272 395 4351 cognitionem
414 4294 433 4333 a
453 4291 521 4349 rege
543 4275 694 4354 impetrare
717 4296 774 4335 neu
786 4284 898 4354 pessct,
959 4281 1059 4349 meria,
1081 4281 1168 4360 cujus
1188 4279 1320 4356 gratiam,
1340 4297 1430 4357 opera
1450 4280 1608 4337 amicerum
1630 4296 1705 4357 quer
1722 4276 1751 4333 in

104 4365 275 4444 indignitate
295 4365 337 4423 rci
359 4374 508 4442 permotus
527 4366 672 4436 Micbacl,
701 4368 759 4428 talc
785 4370 900 4431 lacinus
960 4376 1027 4455 ejus
1046 4373 1114 4432 aula
1136 4370 1336 4441 tumbaberct,
1357 4392 1393 4430 se
1413 4371 1753 4452 faciteconsequiporec

103 4480 138 4521 sc
157 4477 380 4539 aggressurum,
407 4459 467 4535 regi
487 4456 574 4527 dixit,
603 4459 681 4536 qued
702 4460 757 4538 ipsi
784 4464 899 4543 sibique
959 4466 1109 4547 sperabat,
1136 4486 1172 4526 cx
1191 4467 1257 4525 suis
1277 4464 1422 4545 quendam
1449 4466 1509 4525 sibi
1536 4465 1624 4526 lidum
1651 4461 1690 4525 ad
1711 4482 1757 4523 re·

103 4551 261 4634 aliquande
282 4550 358 4611 t'erct
379 4551 512 4612 moereri.
552 4552 592 4611 st
613 4571 678 4610 cum
704 4552 819 4613 demum
847 4559 899 4617 ira·
960 4581 1025 4640 gem
1049 4562 1143 4629 mittit,
1163 4579 1267 4638 seque,
1290 4561 1317 4619 si
1337 4581 1413 4639 quac
1432 4560 1550 4637 gravius
1576 4559 1605 4618 in
1624 4578 1661 4618 se
1679 4576 1757 4618 een·

105 4654 155 4709 tus
164 4667 200 4709 re
213 4646 387 4728 recepisset,
403 4643 548 4725 quendam
560 4664 599 4704 ex
610 4644 828 4708 suishemiucm
842 4653 900 4710 sibi
960 4655 1101 4723 misisset,
1112 4653 1301 4722 condonaret,
1314 4654 1470 4714 rediturum
1480 4653 1644 4734 pollicetur.
1664 4649 1757 4710 Grata

104 4736 900 4815 ddum,eu·literismandatisqueadlllesceviacPrin·
960 4746 1034 4808 baec
1054 4748 1162 4827 legatie
1182 4746 1243 4823 regi
1264 4745 1334 4806 suit:
1355 4748 1519 4824 nuncioque
1541 4747 1679 4806 continue
1702 4760 1754 4823 pu·

104 4832 198 4911 cipe·
204 4835 302 4897 mittit.
321 4832 489 4912 Scripserat
500 4836 607 4897 autern,
622 4832 648 4891 si
659 4831 802 4915 Princeps
814 4858 897 4898 secu·
959 4840 1058 4900 blicae
1078 4839 1156 4909 fidei,
1178 4858 1252 4919 quas
1265 4842 1397 4920 petebat,
1411 4840 1511 4898 literas
1523 4839 1585 4900 dari
1597 4834 1752 4899 mandevil-

103 4944 165 4987 Ιιι
176 4923 900 5007 liberamqueudscvir‘cndicupiam,‹latisinbanc
961 4935 1066 4995 i'crum
1087 4954 1151 4993 curn
1172 4933 1301 4994 blichael
1327 4934 1419 4994 literis
1445 4934 1535 5010 regiis
1555 4953 1613 4992 neu
1634 4948 1757 5013 prorsus

102 5014 279 5089 inliteris,
289 5026 377 5099 atquc
387 5018 487 5079 addite
493 5021 672 5101 juramento,
683 5023 740 5083 sibi
754 5028 899 5101 promitte·
960 5027 1078 5098 fidcret,
1110 5049 1168 5106 que
1193 5029 1285 5087 tutius
1311 5026 1405 5086 redire
1432 5036 1554 5104 posset,
1581 5047 1599 5086 a
1626 5023 1757 5104 Georgie

106 5112 162 5181 ’1,
181 5128 277 5189 esque
297 5110 460 5171 resbeueri
473 5114 738 5195 ncnrrrlumcntiquc
753 5119 810 5179 sibi
821 5121 899 5198 apud
958 5120 1071 5181 Pisbck
1103 5128 1132 5182 et
1156 5122 1272 5182 deanuc
1305 5117 1343 5177 de
1368 5117 1580 5197 Rechennorg,
1606 5118 1758 5197 equitibus

154 5202 273 5283 nem
293 5202 380 5275 leret,
400 5224 436 5265 ee
454 5208 562 5267 cretus
587 5228 665 5287 quae
689 5212 719 5273 iu
738 5212 898 5275 Litbuauia
959 5215 1125 5287 Germanis,
1146 5235 1223 5294 ques
1233 5234 1271 5276 ee
1283 5213 1457 5273 auctoritate
1469 5211 1546 5289 apud
1557 5230 1656 5289 regern
1678 5213 1757 5293 ejus·
