3742 5626
154 192 208 253 128
725 188 964 252 lllilNlltlblll
985 186 1312 251 lllilllliNS'l'liJNll

155 355 322 415 continetur
347 370 367 411 o
393 351 516 412 meridie
545 362 575 408 et
603 350 733 424 oriente,
763 371 781 409 e
816 370 875 429 quo
902 368 962 408 uno
1019 348 1097 409 benc
1115 356 1214 411 tomen
1234 369 1353 431 quoque
1373 358 1485 427 qrertenr
1507 368 1576 426 prnc
1596 349 1706 409 ceteris
1731 352 1824 411 inteu-

156 446 222 507 sole
240 448 326 525 perte
344 442 430 505 locus
449 462 507 502 non
529 443 605 513 coit,
629 443 716 503 inuno
735 448 847 521 perteus
866 441 962 503 bovo-
1018 444 1083 516 tus,
1114 440 1153 503 nd
1173 440 1368 523 'l'oropeeinnr
1389 442 1547 503 exercitum
1572 440 1718 502 Cbileovo
1741 442 1826 505 lluee

157 550 208 600 tus
228 536 337 599 duvios
356 536 461 596 nubit:
480 539 609 612 ungusta
628 536 746 595 onnino
758 536 868 597 semite
887 536 963 595 iuter
1019 540 1217 596 contruxernt:
1247 536 1299 615 qui
1324 553 1381 595 seu
1402 532 1580 597 Snolensce
1598 555 1655 595 seu
1676 534 1760 597 nott
1781 560 1825 618 pe-

157 633 244 693 lscus
263 635 294 689 et
314 648 388 689 was
407 627 488 707 ripas
508 626 627 699 relicte,
658 646 735 707 quoe
754 626 875 698 eodem,
904 648 962 707 quo
990 692 994 713 Ι
1018 630 1159 696 terentur,
1179 648 1238 708 quo
1258 647 1337 707 opus
1358 632 1451 699 esset,
1471 630 1628 709 suppetias
1637 630 1705 689 suis
1728 629 1824 693 ferret.

159 742 252 785 nrxnc
264 722 371 783 lluuren
383 721 490 799 ipsu,
510 719 591 781 llexu
600 720 629 779 in
641 718 855 799 longitudinem
864 721 962 781 sinuo·
1018 718 1159 780 Mendetu
1189 718 1240 781 his
1271 721 1301 779 in
1332 739 1438 779 omncs
1463 740 1556 781 cesus
1579 720 1722 794 dederet,
1754 730 1824 785 ute

158 814 378 889 tur3vellotum
390 811 805 886 circumdetoeretnltissimo,
817 812 962 893 quodnon
1019 812 1130 890 proelio
1149 813 1270 873 omnino
1288 813 1488 874 abstinerent:
1513 813 1543 871 in
1570 814 1711 891 singulos
1731 816 1822 889 nodo,

160 907 247 970 uodo
271 908 452 989 privatorum
470 905 688 979 aedificiorum,
709 906 766 967 sed
787 904 962 987 tenplornm
1018 905 1047 965 si
1067 924 1145 983 quos
1163 906 1203 965 nb
1228 908 1364 967 exercitu
1391 903 1562 983 digressos,
1587 912 1641 969 ent
1664 928 1724 989 per
1741 928 1822 989 egros

161 1005 302 1085 ipsernn,
322 1019 401 1079 qnos
417 998 583 1079 frequentis
601 1000 632 1061 iu
645 1019 683 1061 ee
694 1004 774 1070 sunt,
794 1000 962 1079 pinnaculo·
1018 996 1154 1077 polentes
1172 998 1307 1059 nancisei
1328 1003 1464 1075 possent,
1483 999 1587 1059 intenti
1606 1008 1729 1063 esseut.
1752 1000 1820 1083 lpsie

160 1116 223 1159 runt
235 1098 429 1174 conspectum
439 1090 654 1155 accedentibus
664 1092 820 1174 eripiebat.
838 1090 890 1152 Ad
905 1088 963 1151 lues
1019 1087 1116 1151 Lutto
1145 1089 1288 1152 Gnosium
1319 1088 1506 1152 Theodorum
1534 1088 1758 1157 0bolonsciu1n
1780 1094 1820 1157 bi·

161 1188 355 1261 munitiones,
381 1190 479 1247 turres
499 1184 639 1245 Germani
667 1184 821 1267 cujusdem
840 1184 964 1245 urtiticis
1019 1200 1124 1243 corum
1161 1202 1228 1243 cun
1268 1202 1385 1245 summe
1420 1186 1614 1261 auctoritate,
1659 1188 1820 1249 secundino

160 1300 252 1363 opero
270 1279 401 1341 scienter
416 1278 571 1339 dimensos
582 1278 767 1358 complures:
786 1297 872 1339 unorn
893 1296 963 1337 vero
1019 1294 1088 1335 euin
1139 1274 1319 1337 dlicboelcnr
1367 1275 1529 1337 Cessinunr
1573 1288 1605 1339 et
1650 1276 1820 1342 Oncorns

158 1394 178 1435 ιι
199 1372 305 1444 tronte,
326 1392 386 1453 quo
403 1371 570 1433 oboriente
589 1372 665 1431 inter
683 1373 780 1432 locun
799 1390 838 1432 oe
856 1368 963 1430 tlunen
1019 1366 1221 1448 praefecerstc
1242 1366 1382 1448 qnodque
1401 1370 1440 1430 iis
1461 1372 1546 1449 ipsis,
1565 1392 1645 1451 qnos
1663 1376 1820 1435 constitue·

160 1470 257 1545 potet,
292 1466 422 1527 omnium
454 1464 650 1525 firmissimum
681 1480 719 1524 oe
750 1462 963 1542 amplissimum
992 1450 1075 1537 ἰαί,
1095 1458 1267 1522 Praefectis
1286 1481 1345 1521 oon
1364 1462 1586 1525 setis-sulutem
1606 1466 1692 1527 ereis
1716 1470 1821 1529 exerei-

159 1558 320 1641 odjecerot.
374 1554 491 1617 Omnes
523 1560 621 1616 sutem
653 1556 772 1637 cespite
803 1555 963 1617 altissimo:
1019 1557 1129 1634 tusquo
1154 1554 1304 1625 crederet,
1333 1552 1479 1617 Joennem
1508 1555 1692 1640 Viejeorurn
1726 1564 1821 1643 prino·

160 1653 255 1733 rnojor
273 1648 392 1731 quiden
418 1647 495 1709 baec
514 1648 618 1727 viginti
637 1647 715 1709 duos
734 1648 851 1709 circiter
869 1647 964 1729 pedes
1020 1646 1093 1707 rium
1130 1646 1258 1707 cubiculi
1281 1646 1466 1719 Ministrurn,
1497 1650 1548 1729 qui
1573 1650 1724 1715 bicorn-
1753 1664 1821 1717 eete-

159 1742 220 1805 leto
240 1742 372 1803 vestitae
391 1746 485 1803 erent.
505 1740 640 1802 bonetus
659 1762 750 1822 supro
769 1742 963 1803 leseriscienr
1020 1758 1130 1817 rosque
1149 1740 1179 1799 in
1200 1740 1365 1819 proesidioz
1384 1740 1574 1805 Dementiurn
1594 1742 1822 1817 caere-tan,

160 1856 200 1897 ex
219 1834 287 1897 locu
307 1832 434 1915 quodem
453 1832 613 1907 derirotus,
634 1854 653 1895 n
671 1833 804 1906 meridie,
824 1833 963 1916 quernnd-
1019 1836 1053 1891 ut
1073 1830 1264 1905 Cluilcovun,
1288 1834 1338 1913 qui
1363 1833 1402 1895 od
1428 1836 1588 1898 exercitum
1617 1850 1704 1911 eret,
1730 1842 1820 1901 oloser-

158 1926 280 1991 notun
300 1932 456 1988 ostensum
476 1930 540 2001 est,
564 1946 664 1987 arcem
683 1928 868 2008 perstringitr
895 1925 964 1986 inde
1020 1932 1115 1987 reret.
1145 1945 1197 2004 per
1222 1945 1277 1987 eos
1306 1924 1373 1986 dies
1398 1928 1528 1989 miseret.
1569 1928 1745 2009 Perspecto
1762 1934 1820 1997 luci.

159 2024 191 2083 in
210 2022 442 2101 septentrionem
462 2040 568 2081 versus
592 2020 695 2083 relicte
721 2040 807 2097 erce,
830 2020 964 2099 urbeque
1020 2016 1265 2096 quenadmodum
1284 2018 1394 2079 dictum
1414 2026 1476 2089 est,
1496 2030 1617 2095 nature,
1638 2022 1713 2087 lies
1734 2048 1820 2107 quse

160 2118 191 2177 in
211 2114 289 2177 dues
315 2122 419 2195 portes
445 2113 547 2175 scisse
570 2118 653 2174 recto
679 2132 770 2174 eursu
794 2132 847 2193 per
865 2114 964 2173 lucum
1020 2108 1143 2171 meridie
1161 2109 1267 2171 tlovius
1288 2132 1386 2173 arcem
1405 2112 1504 2183 siluit,
1523 2132 1597 2177 cunr·
1611 2120 1753 2181 exercitu
1768 2122 1818 2201 pul·

159 2208 302 2271 limenun
334 2208 393 2267 sub
425 2204 628 2285 Norogordio,
664 2206 750 2286 priori
784 2208 902 2266 nomine
935 2205 965 2264 in
1020 2204 1143 2263 cerrino
1166 2204 1310 2265 instruero
1337 2204 1394 2265 sub
1424 2206 1520 2281 riguis
1547 2212 1704 2273 secessit:
1732 2214 1819 2293 abque

160 2300 342 2363 Volrbovnur
367 2306 561 2369 coruruuteto,
585 2300 616 2359 in
641 2300 738 2359 sinon
757 2296 965 2359 Fiolendicum
1020 2295 1114 2357 ultera
1133 2300 1215 2373 porto
1233 2295 1392 2357 Zonoscio
1419 2298 1550 2379 reliques
1567 2304 1679 2383 copies
1698 2308 1769 2369 item
1786 2308 1818 2367 Ιι.

158 2416 196 2457 se
215 2402 376 2455 exonerate
396 2392 651 2471 novtgottootsqne
668 2388 726 2451 lunc
745 2392 966 2471 opportunitate
1020 2388 1136 2448 tissime
1152 2407 1303 2468 expensus
1314 2386 1492 2463 adducente,
1512 2391 1682 2457 horribilem
1696 2402 1819 2479 speeies

160 2487 289 2549 ιιιιίιιιο
308 2484 412 2547 Lucos
430 2485 671 2565 locupletaverat.
710 2481 820 2545 Urbem
839 2482 964 2564 emplum
1020 2481 1204 2541 lsuniversi
1230 2482 1379 2543 exercitus
1400 2502 1459 2543 uno
1483 2490 1618 2568 tompore
1641 2492 1820 2553 recedentis

159 2588 250 2663 etque
274 2580 314 2643 eb
338 2588 464 2657 utreque
489 2576 618 2637 llunrinis
643 2578 707 2656 ripn
731 2575 879 2637 letissime
903 2576 965 2635 orei
1021 2574 1111 2653 ioque
1135 2580 1181 2635 tot
1204 2576 1288 2635 ocies
1318 2575 1458 2653 explicoti
1489 2576 1654 2659 despectus
1685 2582 1821 2647 bostium

159 2676 393 2757 circumjectum,
423 2671 561 2751 quemvis
589 2670 745 2731 moenibus
774 2688 811 2729 sc
835 2668 965 2729 turribus
1021 2666 1191 2745 praebebat.
1222 2665 1370 2728 Postridie
1389 2667 1496 2747 Legati
1514 2668 1712 2749 dioeces-ilici,
1732 2678 1821 2739 nullis

160 2768 287 2847 ligneis,
319 2766 415 2828 fossis
446 2765 533 2825 etiem
565 2763 642 2823 sotis
674 2761 781 2843 nnplie
812 2760 964 2833 munitum,
1020 2757 1119 2819 edbuc
1148 2780 1255 2821 versus
1282 2778 1381 2821 nrcern
1409 2764 1615 2827 munitionibus
1636 2764 1765 2829 directis
1790 2773 1820 2829 in

158 2862 264 2943 quinto
284 2866 353 2921 eote
373 2857 438 2933 die,
464 2876 553 2937 quent
572 2862 672 2917 cestro
690 2854 761 2917 Rex
780 2854 808 2913 ei
828 2852 963 2915 odrnove-
1021 2860 1121 2913 costra
1141 2860 1293 2915 venerunt.
1314 2852 1355 2914 lli
1371 2872 1438 2915 cum
1460 2854 1633 2919 santones
1652 2857 1819 2923 Suessano

159 2962 213 3027 ret,
232 2954 368 3015 instituto
387 2971 444 3013 suo
457 2950 594 3010 omuibus
608 2949 693 3028 prius
705 2948 795 3007 rebus
814 2947 844 3005 in
865 2964 963 3005 orcern
1021 2946 1191 3021 venissent,
1217 2946 1297 3025 qood
1317 2946 1448 3008 Suroszo
1468 2947 1596 3027 Regiu-
1615 2952 1775 3031 luperiunr
1792 2956 1817 3015 i-

159 3046 352 3128 comportetis
372 3040 584 3123 praesidiarius
602 3040 689 3099 miles
708 3037 889 3097 incenderet.
907 3036 963 3097 Zu·
1020 3038 1166 3113 niebotur,
1185 3040 1224 3099 iis
1245 3040 1296 3118 qui
1308 3038 1547 3103 deducendorum
1563 3062 1729 3127 consepto
1747 3068 1817 3109 nore

158 3140 294 3203 ruoscius
319 3138 407 3219 justo
434 3134 566 3212 equitum
595 3130 784 3211 peditumque
813 3148 900 3189 muno
928 3148 965 3189 oc
1020 3130 1136 3190 obviem
1166 3130 1226 3191 illis
1253 3132 1339 3193 missi
1369 3132 1501 3207 luerent3
1531 3134 1613 3197 nolle
1639 3156 1680 3199 se
1703 3140 1818 3201 ulterius

159 3232 334 3308 nitituribus
367 3227 482 3306 oliquot
510 3226 581 3283 viris
614 3222 779 3299 nssurnptis
811 3222 841 3279 iu
875 3221 962 3291 vion,
1019 3222 1168 3299 progredi,
1194 3242 1251 3283 nee
1270 3224 1300 3283 in
1319 3223 1469 3307 Principis
1487 3227 1536 3289 sui
1552 3226 1672 3293 ditione
1692 3234 1819 3295 undele

158 3346 237 3407 queo
263 3322 303 3385 od
323 3318 520 3397 Toropecism
542 3320 633 3391 etque
658 3312 825 3373 ulteriorem
844 3311 964 3373 lllosco·
1019 3332 1076 3373 suu
1096 3334 1243 3392 exponere
1266 3336 1302 3377 se
1328 3337 1422 3398 posse
1440 3318 1647 3383 ostenderunt.
1690 3324 1765 3389 cm
1782 3326 1818 3387 illi
1861 3322 1863 3329 '

160 3420 238 3477 eisne
258 3414 397 3493 pertinet,
416 3414 577 3485 provectus
593 3401 840 3463 ebenodercern
859 3424 964 3465 rursus
1020 3402 1050 3463 id
1070 3405 1100 3463 in
1121 3406 1253 3486 ipsorum
1272 3416 1421 3487 potestate
1440 3412 1504 3473 lore
1522 3414 1772 3496 respondissentr
1788 3440 1818 3479 se

159 3504 324 3567 dedectens
354 3496 471 3559 llloscis
499 3514 535 3555 sc
565 3492 705 3553 ostendit.
751 3494 866 3555 llostcs
895 3516 964 3556 con·
1020 3496 1139 3576 quidem
1158 3498 1198 3561 od
1216 3498 1333 3579 Regem
1353 3503 1515 3567 rediturosz
1538 3506 1601 3587 ipsi
1629 3511 1661 3571 si
1687 3510 1728 3571 od
1747 3510 1817 3573 Prin·

158 3594 277 3677 spiculi,
297 3590 390 3670 primo
411 3606 485 3648 suos
504 3585 610 3665 copias
625 3583 788 3667 'l'oropecio
807 3588 964 3650 venientes
1020 3589 1114 3667 eipem
1134 3610 1220 3652 suurn
1245 3596 1352 3655 reverti
1377 3596 1503 3667 vellent,
1534 3600 1686 3665 neminen
1711 3604 1817 3685 tapeti·

160 3687 225 3759 roll,
245 3687 330 3743 extro
347 3698 445 3741 oreon
463 3679 631 3758 progressi,
652 3698 720 3741 nox
740 3680 835 3757 signis
854 3682 963 3759 agnitis
990 3692 994 3751 t
1020 3693 1130 3743 torum:
1158 3684 1295 3758 tendent,
1326 3694 1358 3749 nt
1385 3710 1456 3769 ergo
1482 3691 1512 3751 vi
1541 3710 1579 3752 se
1604 3696 1815 3771 pertraherent:

159 3794 275 3841 nunno
294 3770 448 3831 celeritate
467 3789 504 3829 se
524 3779 715 3851 receperunt3
733 3774 852 3853 quidem
864 3783 961 3835 temen
1019 3772 1129 3835 bortnti
1148 3778 1274 3839 comites
1293 3778 1410 3842 luerunt
1427 3784 1489 3843 risu
1509 3788 1651 3866 excepti,
1672 3792 1816 3853 neruine·-

159 3890 197 3931 ιο
217 3868 247 3925 in
273 3863 324 3923 his
348 3861 374 3923 F
376 3862 573 3924 ereusbelrius
598 3864 697 3926 subito
722 3866 753 3926 in
780 3886 835 3927 eos
855 3868 963 3929 invecti
1020 3886 1079 3946 que
1103 3867 1192 3929 ullorn
1218 3871 1256 3931 iis
1280 3872 1338 3932 vim
1364 3873 1518 3937 elleturorn
1543 3876 1665 3952 edenti
1694 3884 1755 3963 ipsi
1770 3884 1815 3943 sili

159 3959 272 4037 eliquot
296 3956 430 4018 dssecmi
455 3954 675 4019 interfecerunt.
720 3959 900 4022 Zenoscius
923 3961 962 4023 eb
1019 3960 1175 4023 consiliunt
1204 3970 1361 4043 cuperent,
1388 3967 1511 4029 ridicule
1539 3968 1579 4031 ed
1606 3976 1815 4037 extrenunri

158 4048 440 4129 onnibusportibus
458 4047 684 4127 diligentersitu
700 4052 758 4114 loci
776 4052 963 4133 perlustrato,
1018 4059 1116 4115 tenen
1143 4054 1268 4117 eductos
1290 4076 1326 4117 se
1350 4061 1437 4139 sequi
1463 4063 1615 4139 attestati,
1642 4071 1747 4133 secuti
1769 4068 1814 4131 ise

158 4140 199 4205 sd
221 4140 338 4221 Regem
363 4162 399 4201 se
424 4142 544 4219 recepit.
583 4143 723 4207 dussernt
745 4147 834 4226 sequi
859 4167 895 4207 se
923 4148 962 4207 ob
1018 4158 1093 4209 rent.
1134 4148 1268 4209 Consilio
1287 4150 1383 4237 pridie
1404 4152 1556 4215 colendos
1575 4154 1814 4237 Septembris&

159 4233 290 4296 exercitu
310 4232 386 4294 elios
405 4234 568 4313 quosdam,
587 4238 638 4316 qui
658 4237 777 4301 diverso
796 4240 844 4301 rio
863 4259 963 4301 excnr·
989 4260 992 4317 q
1018 4239 1103 4311 doto,
1135 4240 1255 4312 eadent,
1286 4262 1365 4321 quoe
1389 4250 1459 4306 unte
1483 4244 1637 4322 dixerunt,
1674 4254 1814 4317 tremus:

159 4331 270 4397 rentes,
291 4345 398 4404 eoquo
417 4332 558 4389 uenturus
572 4334 664 4404 esset,
684 4332 743 4392 sibi
762 4338 960 4393 occurrerent.
989 4320 992 4349 ¹
1018 4339 1162 4411 negarunt
1180 4354 1273 4414 posse
1293 4355 1329 4395 se
1348 4337 1407 4397 ulla
1426 4336 1466 4398 de
1485 4358 1518 4399 ro
1536 4358 1646 4418 ogere,
1668 4348 1735 4409 nisi
1751 4348 1814 4429 μ’·

158 4418 226 4481 llos
244 4440 264 4483 o
283 4420 436 4497 superiore
462 4422 541 4483 arcis
561 4427 645 4501 porte
670 4425 779 4487 llurnen
798 4430 962 4504 transgres-
1020 4426 1086 4489 lter
1110 4427 1279 4487 uuiversum
1304 4431 1466 4491 exercitum
1492 4431 1570 4495 intre
1591 4435 1677 4499 lines
1700 4438 1813 4503 rsh'u

157 4534 212 4577 ιοι
225 4510 328 4577 Mosei
347 4512 527 4594 conspicati,
546 4514 673 4577 insidias
692 4518 731 4579 ob
752 4538 789 4581 ee
808 4524 893 4599 perte
912 4539 962 4597 po·
1017 4526 1075 4581 set.
1125 4519 1197 4581 Rex
1228 4522 1379 4599 legatione
1408 4528 1467 4583 uu
1497 4525 1634 4591 obsurdn
1667 4532 1813 4612 ropnffl

39 4676 43 4685 ,
157 4616 299 4671 suerunt:
329 4606 430 4685 iterque
456 4606 591 4669 celeriter
620 4628 676 4671 eoo
696 4617 816 4673 coortoe
835 4611 961 4681 luerunt,
1017 4612 1122 4674 eodem
1142 4613 1171 4673 in
1192 4613 1317 4675 consilio
1338 4614 1514 4692 Zunoscio,
1533 4623 1566 4677 ut
1583 4639 1672 4699 quoe
1696 4646 1766 4689 ω.
1780 4624 1813 4687 ὓ

155 4708 190 4763 ud
207 4700 344 4767 doennes
355 4697 552 4763 Boroenisse
570 4704 962 4784 sunmointerllungsros
1017 4704 1057 4767 de
1085 4704 1228 4768 ordiendo
1252 4709 1473 4788 oppugnatione
1497 4718 1758 4791 connunromt,
1781 4714 1815 4781 ἦ

142 4792 275 4857 ,sitistis
293 4792 487 4869 Praefectus,
511 4814 580 4856 cunr
604 4796 635 4855 in
660 4797 746 4859 turbe
769 4799 808 4861 ob
828 4799 962 4859 irruenti·
1017 4800 1210 4869 ministraret,
1237 4800 1366 4863 mandet.
1404 4799 1510 4873 Rediit
1526 4805 1586 4865 sub
1608 4808 1699 4873 iden
1719 4818 1816 4895 tenp

206 4902 342 4952 turnus
359 4886 490 4971 injectno
509 4888 539 4949 ei
558 4888 697 4966 luissent,
717 4910 874 4972 equusque
893 4892 960 4953 loeo
1016 4894 1047 4953 io
1068 4898 1167 4954 cestro
1185 4893 1354 4955 Drobisius.
1399 4894 1516 4955 bliseus
1536 4895 1588 4957 bic
1608 4905 1709 4977 poulo
1729 4912 1817 4969 ostes

222 4974 280 5039 tide
296 4976 445 5053 Ιιιοιοιοι,
463 4986 549 5044 resto
569 4983 673 5045 relicto
688 4985 820 5065 recipere
839 5005 876 5047 so
894 5004 960 5045 con·
990 4998 993 5015 ¹
1016 4985 1155 5049 Rodivilo
1182 4986 1377 5068 'l'oropeciero
1396 5006 1518 5064 uersus,
1548 4991 1578 5050 in
1599 5000 1741 5061 turns·
1757 4996 1816 5079 ιιι·

222 5084 228 5127 ι
253 5066 352 5133 toene.
397 5073 524 5137 blnscus
552 5077 611 5137 etsi
640 5078 848 5157 suspicabatur
876 5077 959 5139 Suro·
1016 5086 1076 5139 turn
1108 5102 1127 5141 e
1157 5080 1271 5161 reliquo
1305 5082 1436 5140 exercitu
1466 5080 1640 5160 digressam
1680 5092 1816 5155 totidem

214 5180 291 5225 ιιιι
321 5166 421 5245 potius
452 5166 565 5245 llegeur
598 5190 633 5227 se
669 5190 891 5233 conversurum:
930 5174 959 5230 in
1017 5192 1093 5249 quac
1114 5174 1301 5249 cunpnuris
1322 5174 1546 5235 excubitoribus
1563 5178 1690 5260 uliquet
1713 5188 1815 5249 cotton
