3742 5626
511 203 643 268 viras
662 203 847 294 sosuurs
866 202 1090 277 susumus,
1108 190 1236 270 ursus
1254 204 1307 267 ι..
1673 204 1733 267 aas
1807 295 1812 305 ι

58 367 194 439 sobrius,
220 368 313 447 lrugi,
334 366 501 441 modestus,
522 367 696 450 hospitalis,
716 374 804 450 aptus
825 364 864 428 nd
893 375 898 425 i
926 363 1014 423 vonis
1043 363 1208 427 miserrime
1236 366 1460 441 contrucidavit,
1491 373 1611 430 nosuse
1640 354 1729 430 verae

25 492 28 496 ⁴
57 459 234 523 docendum.
261 458 326 521 Sed
338 458 387 522 bic
399 460 520 524 mirifice
531 461 696 523 reclamant
707 460 864 522 Romanae
895 448 898 511 i
925 454 1077 533 religionis
1104 478 1291 540 nequaquam
1316 459 1449 539 ignarum
1469 460 1582 537 luisse,
1604 480 1731 541 eumque

57 553 217 616 Ecclesiae
243 560 430 631 sectatores,
457 555 509 636 qui
528 552 697 615 manifestis
717 551 866 616 interdum
895 528 898 671 i
925 550 1075 626 graviores
1094 558 1253 633 propterea
1275 553 1435 635 injudicio
1454 553 1512 614 llei
1536 574 1653 636 poenas
1680 552 1729 617 da·

57 645 231 707 criminibus
252 654 323 707 suut
341 646 478 709 infames.
517 645 688 710 Admittunt
706 644 746 708 ad
767 666 865 707 sacer·
894 678 898 775 Ι
924 647 1021 703 turum
1040 644 1206 724 opinentur,
1225 643 1305 724 quod
1324 645 1404 707 nulle
1424 645 1577 725 religionis
1597 651 1649 708 aut
1668 646 1729 726 ple·

58 736 156 815 dotia,
182 742 231 820 qui
260 737 377 801 furtivis
404 749 436 803 et
459 740 582 802 nefariis
602 738 775 800 libidinibus
796 747 868 799 sunt
924 736 1086 827 tabacum
1106 736 1223 812 babita,
1244 746 1448 812 contraarss,
1477 743 1582 800 corbe
1609 739 1731 821 templa,

58 831 194 907 obnoxii,
220 841 252 895 ct
277 836 326 914 qui
346 833 444 915 palam
462 854 500 896 ac
519 831 629 914 populo
649 838 728 893 teste
747 830 867 892 homici-
925 835 957 887 et
992 835 1096 891 eontra
1127 828 1328 893 Christianum
1363 831 1541 910 sanguinem
1568 831 1731 894 inauditam

57 922 107 986 dia
132 932 354 1006 perpetrarunt,
385 927 564 990 tolerantur:
595 924 761 1006 simplicem
793 943 866 985 vero
925 921 1136 985 immanitatem
1156 928 1188 985 et
1201 925 1406 986 truculentiam
1426 925 1600 987 exercuerit.

59 1016 216 1097 Evangelii
250 1019 434 1095 ministrum,
470 1021 520 1100 qui
552 1017 713 1096 legitimam
743 1036 865 1079 uxorem
1001 1014 1123 1097 Rocyta
1147 1022 1247 1079 autem
1272 1017 1437 1079 incredibili
1471 1017 1584 1078 laetitia
1614 1020 1664 1076 est
1688 1015 1731 1078 sl·

59 1107 152 1185 duxit,
173 1109 289 1186 exsilio,
310 1118 414 1188 morte,
433 1113 564 1183 interitu,
583 1111 734 1183 convitiis,
755 1117 865 1191 etqua·
924 1104 1033 1185 lectus,
1054 1108 1135 1190 quod
1152 1108 1292 1172 Muscosi
1312 1131 1449 1174 smnmse
1472 1109 1624 1190 potentiae
1645 1107 1730 1171 Prln·

58 1203 109 1265 vis'
125 1201 292 1266 calamitate
313 1202 434 1284 dignum
442 1202 590 1287 judicant·
624 1203 722 1282 Quasi
738 1222 809 1264 vero
829 1222 866 1264 es
925 1201 1021 1280 cipcm
1051 1202 1245 1264 validissimis
1276 1208 1442 1268 maneus
1474 1200 1655 1283 argumentis
1688 1201 1732 1265 tm

56 1306 115 1359 mm
128 1296 229 1359 multis
251 1296 450 1379 Apostolicae
473 1299 697 1359 constitutionis
717 1294 863 1371 articulis,
924 1314 978 1373 per
1006 1314 1111 1357 sacras
1140 1295 1244 1357 literas
1274 1299 1481 1371 sustinnisset,
1509 1303 1544 1358 ut
1575 1295 1626 1357 ille
1651 1296 1731 1357 omni

58 1389 125 1452 sola
145 1388 281 1469 urgenda
303 1392 345 1452 sit
364 1391 515 1467 uxorcula,
535 1410 624 1472 quum
635 1387 782 1450 fedissimi
795 1408 864 1450 con·
924 1388 1050 1468 pristina
1068 1389 1221 1468 roligionis
1241 1392 1410 1470 cognitione
1428 1390 1577 1472 spoliatus
1594 1388 1731 1450 tacuisse

59 1482 231 1544 cubiaarum
256 1502 364 1563 greges
390 1504 449 1545 non
481 1485 669 1566 imputentur.
720 1477 865 1560 Quodsi
925 1478 1082 1541 videretur.
1122 1480 1257 1545 Adiuere
1276 1505 1314 1545 ex
1327 1484 1474 1548 Sarmatis
1495 1480 1732 1565 splendidissimi

59 1585 144 1639 tanta
171 1583 222 1637 est
242 1584 358 1658 patrum
378 1578 503 1639 istonrm
522 1578 696 1650 auctoritas,
715 1582 750 1636 ut
768 1575 866 1637 matri·
926 1571 1088 1649 0ratores,
1117 1574 1252 1638 ioannes
1299 1575 1518 1648 Crolossinius,
1573 1575 1731 1638 Palatinus

60 1671 190 1732 monium
210 1676 394 1731 contractum
414 1669 541 1743 dirimat,
562 1669 689 1750 optarim
709 1675 742 1728 ut
761 1665 868 1730 eadem
926 1666 1243 1742 lnovlsdislavieosis,
1283 1668 1428 1730 Nicolaus
1457 1670 1528 1730 item
1558 1667 1732 1731 Talsoislus

58 1765 222 1825 auctoritas
242 1767 370 1837 caveret,
391 1770 425 1824 ut
444 1760 590 1824 adulteria
609 1763 687 1822 iuter
702 1761 867 1824 monachos
925 1758 1117 1823 Castellenus
1149 1761 1398 1843 Samogitiensis,
1428 1771 1460 1822 et
1480 1760 1730 1839 Duneburgensis

59 1863 90 1916 et
108 1852 254 1918 scaudala
271 1853 430 1919 manifesta
449 1852 584 1918 emedio
602 1853 786 1917 tollerentur.
924 1853 1104 1935 praelectus,
1125 1856 1213 1938 cujus
1232 1856 1380 1918 marucia
1405 1854 1464 1917 boo
1483 1855 1627 1934 scriptum
1644 1872 1731 1915 mess

136 1944 201 2008 Sed
233 1949 326 2009 missa
358 1968 436 2009 nunc
475 1947 594 2010 istbacc
634 1947 796 2024 faciam,
835 1954 866 2009 et
925 1947 956 2007 iu
975 1965 1083 2008 manus
1102 1948 1253 2029 pervenite
1273 1947 1413 2030 Raplmel
1427 1947 1582 2011 lsisclulus
1600 1944 1730 2009 Reddo·

61 2039 197 2103 Graecae
227 2041 330 2121 potius
355 2039 515 2104 Erulum
546 2041 747 2102 sinceritatem
777 2038 866 2102 admi·
925 2040 1039 2102 nansia
1049 2038 1244 2122 Capitaneus,
1263 2041 1403 2104 Andreas
1422 2040 1609 2104 lsanorlcius
1627 2039 1732 2119 regius

60 2152 167 2204 rerum,
186 2153 264 2213 quae
283 2132 441 2213 Evangelii
465 2152 646 2215 praeponam
670 2152 795 2194 uxorem
815 2132 866 2195 bs·
924 2152 944 2193 a
963 2131 1108 2193 Secretis.
1146 2134 1248 2216 Atque
1268 2133 1300 2196 bi
1319 2154 1424 2198 onnes
1444 2135 1556 2197 aetatis
1565 2132 1679 2195 bonore
1697 2142 1732 2193 et

59 2227 179 2289 mutem
198 2246 257 2287 nou
277 2232 360 2288 arcet
377 2228 417 2288 ab
427 2225 568 2308 Episcopi
581 2226 743 2287 lacedem.
765 2225 867 2298 Quum
924 2225 1033 2286 virtute
1056 2224 1214 2287 clarissimi
1239 2225 1436 2305 babebastur.
1480 2225 1552 2310 lpse
1575 2224 1731 2289 Bssllldes

60 2317 100 2380 sd
138 2338 207 2380 eum
235 2319 359 2381 modum
385 2319 524 2386 loannes
553 2318 675 2400 Rocyta
712 2320 865 2400 aliquanto
925 2319 955 2379 iu
980 2316 1080 2398 Regis
1102 2338 1161 2382 sua
1183 2320 1342 2382 sublimem
1370 2322 1583 2385 tabulationem
1606 2320 1731 2391 iustltsl,

58 2414 149 2473 eiiam
174 2409 274 2473 fusius
297 2409 427 2475 Basilidi
446 2411 673 2493 respondisset,
699 2412 751 2473 lllo
776 2433 866 2493 qus·
925 2416 956 2473 ot
974 2431 1041 2474 earn
1060 2412 1278 2494 peristromatis
1296 2414 1438 2486 insterni,
1463 2420 1496 2476 et
1513 2415 1544 2475 ln
1562 2411 1616 2475 illa
1635 2410 1731 2475 ssllss
1760 2430 1772 2447 ·

59 2514 165 2585 gratus
183 2505 244 2566 sibi
263 2526 361 2567 sermo
380 2504 509 2567 bominis
526 2504 646 2576 luisset,
665 2505 867 2569 insolitaeba·
924 2504 1064 2567 collocari
1081 2512 1284 2589 praeceperat.
1324 2507 1369 2568 lbi
1385 2506 1632 2588 splendidissimo
1650 2504 1731 2566 culto

61 2598 211 2660 notum
228 2599 447 2678 significatione
466 2597 640 2668 declaravit,
659 2618 780 2680 remque
788 2598 866 2661 adeo
924 2608 1057 2671 umatus,
1076 2604 1109 2661 et
1127 2600 1293 2662 nobilitatis
1317 2598 1566 2681 mentemque
1584 2597 1731 2661 llutbemi·

61 2710 177 2754 omnen
195 2693 227 2752 iu
246 2692 336 2770 longa
353 2691 555 2776 disputatione
580 2696 733 2754 uacuta·
753 2693 866 2774 scripte
926 2710 1025 2754 corun
1050 2693 1139 2755 turbs
1162 2692 1361 2756 circumfusus
1386 2692 1533 2773 lloeytass
1558 2698 1590 2754 et
1614 2692 1733 2771 legatos

60 2784 271 2866 comprehendi
296 2786 408 2869 jussit,
436 2782 517 2866 quod
547 2803 606 2845 uos
635 2784 675 2845 de
703 2783 866 2845 Slavenico
925 2784 1043 2864 Regios
1060 2785 1218 2861 audiebat,
1236 2786 1347 2866 quibus
1369 2785 1522 2846 insolitam
1540 2804 1579 2845 eo
1597 2789 1731 2863 tenpore

61 2896 201 2938 sermone
222 2898 399 2939 conversus
417 2878 527 2941 Latina
546 2878 666 2939 civitate
682 2877 867 2962 domuimus,
924 2877 1135 2939 humanitatem
1154 2877 1330 2952 declaravit,
1355 2897 1412 2940 nec
1431 2876 1524 2939 multo
1543 2882 1614 2958 post
1631 2875 1730 2938 disce·

61 2976 95 3031 ut
112 2970 235 3032 videant
257 2969 388 3031 universi
411 2968 572 3045 mortales,
592 2971 681 3032 istan
699 2980 867 3051 tyrannum,
925 2969 1016 3033 dendi
1040 2971 1157 3032 veniam
1181 2976 1213 3032 et
1234 2970 1360 3034 reditum
1385 2971 1417 3032 ln
1440 2970 1565 3052 petris·
1584 2968 1728 3034 llbsrslls·

60 3064 112 3142 quai
143 3068 225 3125 buta
245 3061 363 3125 feritate
382 3061 523 3145 populu·
544 3060 746 3126 Cbrlstiawn
766 3062 796 3123 ln
816 3062 867 3125 bi·
924 3064 1002 3127 sime
1021 3064 1069 3125 eis
1087 3065 1248 3127 memte
