3734 5610
95 168 134 263 db
700 172 826 227 RERUM
846 169 1179 227 MOSCOVll'lCARUbl

102 323 189 383 niun
209 322 362 385 famelicus
383 323 479 393 luerit,
504 329 593 382 totum
619 323 763 383 absumit:
802 313 932 404 itaquo,'
957 330 1013 394 tur,
1034 329 1146 404 peetus,
1157 326 1296 389 ventrem,
1307 320 1445 397 genitalia
1458 322 1606 401 quatiunt:
1626 333 1678 382 ant
1689 342 1759 402 qua·

102 417 180 478 servi
201 414 357 496 aliqnando
383 414 421 475 ad
440 421 531 475 toturn
558 415 676 475 biduum
701 421 751 475 arrt
775 415 901 475 triduum
958 435 1074 492 cunque
1093 414 1205 475 ratione
1226 419 1359 491 possunt,
1385 413 1461 473 alios
1480 415 1531 474 alii
1557 416 1632 475 iuter
1657 437 1693 477 se
1720 416 1759 476 de

102 509 221 589 egregie
236 510 380 591 jejunant.
401 507 450 569 Ad
469 507 553 579 baec,
574 511 600 568 si
620 508 754 568 dominus
767 509 828 569 vult
840 506 900 569 lau·
957 509 1078 566 victoria
1098 512 1313 578 concertantes,
1332 513 1528 587 prosternunt,
1540 508 1615 569 adeo
1627 514 1659 569 ut
1667 530 1761 588 saepe

102 600 163 663 tius
182 601 302 682 epulari,
322 611 383 660 tum
394 600 477 660 addit
487 622 603 682 parvam
614 603 824 684 portjunenlam
840 622 900 661 car·
958 599 1027 659 inde
1053 602 1209 661 exanimati
1236 604 1431 680 asporteutnr.
1472 599 1565 661 Porro
1592 604 1760 683 quicunqne

102 696 152 755 nis
171 694 287 758 suillae.
325 694 391 755 Hoc
411 715 468 754 uon
491 693 595 774 loquor
620 695 657 754 de
684 696 900 775 praestantiori·
959 692 1057 770 plures
1078 694 1175 765 vincit,
1195 692 1305 753 diutins
1324 695 1353 753 iu
1373 713 1464 754 arena
1475 693 1568 764 durat,
1589 694 1761 757 fortissime·

103 788 170 857 bus,
191 786 246 847 sed
266 787 421 848 mediocris
442 786 621 849 conditionis
634 788 817 848 bominibus.
843 786 901 846 lln·
959 807 1016 866 que
1037 788 1159 847 verbera
1178 787 1293 857 tolerat,
1317 789 1345 847 is
1364 807 1436 867 prae
1465 789 1591 848 caeteris
1615 789 1761 861 laudatur,

104 900 157 943 ees
176 880 334 955 exereitus,
354 886 384 943 et
403 880 452 942 alii
471 880 592 941 militiae
608 881 759 962 praelecti,
780 880 903 940 inritant
961 880 1112 958 victorque
1132 881 1258 941 celebris
1278 877 1411 941 babetur.
1435 879 1502 940 Hoc
1525 883 1691 943 certaminis
1710 902 1760 962 ge·

36 1010 40 1027 ι
103 972 262 1055 aliquando
282 976 471 1055 pauperiores
491 974 578 1035 illos:
606 975 656 1055 qui
682 978 799 1053 sumpto
825 974 902 1033 bono
962 993 1018 1033 uus
1039 973 1202 1035 iristitutum
1223 978 1279 1045 est,
1299 978 1331 1033 ut
1347 980 1525 1035 assuescant
1551 974 1761 1037 adolescentes

103 1066 236 1150 prandio,
256 1066 400 1129 interdurn
418 1075 485 1151 post
504 1066 543 1128 ad
563 1065 693 1137 biduum,
713 1072 763 1127 aut
776 1065 901 1127 trirlnnm
961 1066 1084 1128 verbera
1105 1066 1191 1138 serre,
1209 1066 1346 1144 ictusque
1366 1086 1559 1146 quoscunque
1578 1068 1716 1130 tolerare.

103 1162 171 1223 cibo
191 1162 349 1222 abstinent.
1036 1158 1188 1220 iustitiam
1213 1164 1331 1219 strenue
1358 1170 1496 1219 exercent
1523 1162 1551 1219 in
1573 1161 1760 1241 praedonesr

179 1256 251 1316 ltern
271 1274 336 1314 cum
356 1254 467 1314 habeut
492 1250 621 1323 fruetus,
646 1257 697 1313 aut
715 1251 828 1323 allium,
853 1256 904 1312 ant
961 1252 1067 1332 quibus
1081 1249 1313 1331 comprehensis,
1335 1252 1474 1313 calcanea
1485 1254 1604 1330 primum
1617 1252 1762 1332 frangere,

103 1368 222 1427 caepas,
241 1355 302 1408 tum
325 1345 411 1406 lacile
431 1346 497 1405 aliis
509 1345 644 1406 omuilrns
657 1366 756 1405 carere
770 1350 903 1425 possunt.
962 1343 1029 1404 dein
1050 1347 1078 1404 in
1100 1346 1219 1407 biduum
1239 1351 1289 1406 aut
1308 1346 1435 1407 triduum
1460 1366 1571 1424 nsque,
1597 1345 1666 1407 dum
1686 1350 1762 1406 intn·

102 1441 267 1520 Ingressnri
289 1438 438 1519 praelium,
459 1436 525 1516 plus
545 1439 611 1519 spei
630 1449 740 1519 ponunt
761 1440 789 1497 in
811 1438 903 1497 multi·
961 1445 1104 1509 inescant,
1123 1440 1294 1519 quiescere:
1313 1444 1391 1521 post,
1412 1437 1505 1499 fracta
1519 1441 1580 1520 jam
1600 1462 1618 1501 a
1638 1441 1761 1499 intume-

102 1533 215 1605 tudine,
245 1537 275 1593 ct
308 1533 426 1613 quantis
456 1532 548 1611 copiis
573 1531 691 1592 bostem
725 1529 904 1603 adoriantur,
962 1532 1049 1603 laeta,
1069 1552 1172 1593 rursus
1193 1538 1302 1593 motare
1322 1534 1439 1614 jubent.
1478 1532 1546 1594 Non
1571 1531 1628 1593 alio
1651 1551 1762 1611 genere

105 1647 191 1706 quarn
211 1624 317 1686 robore
337 1624 464 1697 militum,
484 1645 520 1685 ae
539 1625 680 1685 instructo
707 1646 794 1704 qnam
814 1626 903 1705 probe
931 1600 935 1703 l
961 1625 1115 1705 torquendi
1137 1634 1168 1685 et
1187 1625 1367 1705 flagitiosos,
1388 1624 1426 1685 ad
1452 1623 1619 1685 confitenda
1644 1622 1761 1683 latroci-

104 1720 248 1783 exereitu:
288 1716 463 1799 feliciusque
489 1720 619 1790 eminus,
653 1739 740 1797 quam
770 1720 904 1778 corninus
963 1720 1020 1791 nia,
1049 1714 1208 1797 sociosque
1237 1721 1382 1779 scelerum
1409 1716 1600 1789 iudicandos,
1632 1723 1760 1777 utuntur.

104 1818 245 1896 pugnant,
265 1819 354 1892 atque
375 1811 441 1873 ideo
463 1808 580 1871 bostem
601 1812 818 1881 circumvenire,
838 1817 867 1870 et
887 1833 905 1871 a
964 1811 1166 1873 caeterumsi
1187 1813 1215 1871 iu
1238 1810 1439 1891 quaestionem
1461 1816 1592 1881 vocatus,
1617 1808 1763 1891 supplicio

105 1917 188 1984 tergo
208 1903 325 1974 adoriri,
346 1905 501 1985 praecipue
521 1903 650 1965 student.
964 1906 1070 1985 dignus
1090 1905 1176 1965 luerit
1195 1908 1337 1982 repertus,
1351 1901 1551 1983 suspenditur.
1571 1903 1762 1982 Aliogeuere

183 1998 346 2060 Tubicines
367 1997 474 2059 multos
505 1997 630 2068 babent,
660 1995 691 2057 bi
712 1996 778 2059 dum
810 1996 904 2079 patrio
963 2020 1077 2081 poenae
1097 2005 1201 2059 sontes
1223 2018 1287 2057 rnro
1306 1999 1471 2076 puniuntur,
1490 1996 1548 2057 uisi
1568 1995 1640 2077 qnid
1665 1998 1761 2057 imma·

104 2110 197 2164 more,
217 2111 321 2152 omnes
342 2111 401 2151 uua
413 2090 500 2153 tubas
513 2090 624 2159 iullant,
637 2091 842 2170 intonantquet
855 2090 904 2149 rori·
964 2093 1032 2152 nius
1054 2091 1259 2153 commiserint.

105 2204 169 2245 rum
198 2190 259 2244 turn
289 2205 324 2244 ac
354 2185 524 2244 inusitatum
554 2182 700 2264 quendam
729 2190 905 2244 concentum
1039 2184 1130 2245 Furta
1149 2204 1214 2245 raro
1234 2181 1349 2262 capitali
1377 2201 1488 2259 poena,
1520 2181 1578 2242 imo
1605 2179 1763 2244 bonicidia

105 2276 237 2342 audires.
256 2274 377 2338 Habent
396 2282 426 2337 st
446 2275 525 2337 aliud
544 2277 690 2357 quoddam
701 2297 797 2356 genus
813 2279 906 2338 illusi·
963 2299 1038 2349 raro,
1059 2279 1115 2339 nisi
1136 2275 1263 2358 praedae
1282 2276 1375 2352 gratia
1394 2273 1472 2335 lacta
1498 2273 1615 2345 luerint,
1640 2277 1764 2356 puniun-

108 2390 169 2457 ees,
191 2368 269 2449 quod
288 2371 390 2449 gentili
410 2370 507 2448 lingua
527 2369 641 2432 Szurua
660 2371 817 2453 appellant.
859 2369 905 2429 Eo
963 2378 1019 2433 tur.
1059 2370 1118 2442 Qui
1139 2391 1207 2431 nero
1229 2368 1323 2429 iurem
1342 2368 1371 2427 in
1398 2366 1474 2427 furto
1499 2365 1708 2450 deprehendit,
1734 2374 1764 2431 et

107 2461 273 2542 siquando
294 2469 421 2535 utuntur,
440 2470 501 2524 tum
523 2484 581 2524 uua
601 2462 681 2535 bora,
707 2463 775 2546 plus
802 2463 907 2532 minus,
964 2462 1215 2543 accidit,i1npune
1236 2460 1265 2521 id
1286 2459 1384 2522 lacere
1395 2466 1512 2543 potest:
1532 2467 1676 2524 sammon
1693 2484 1764 2523 eon·

108 2557 177 2618 sine
202 2555 262 2617 ulla
293 2557 503 2637 respiratione,
536 2576 591 2616 sen
622 2559 701 2618 aeris
733 2558 907 2617 attractione
965 2556 1086 2625 ditione,
1105 2558 1131 2616 si
1151 2556 1281 2615 occisum
1301 2555 1330 2614 in
1351 2553 1448 2614 aulam
1461 2554 1605 2635 Principis
1618 2553 1763 2627 detulerit,

109 2647 322 2733 quodammodo
349 2656 466 2714 canunt.
509 2649 630 2711 Bueoas
661 2655 759 2710 aretem
784 2650 907 2731 primum
966 2655 996 2709 et
1017 2668 1076 2707 rem
1095 2654 1128 2708 ut
1147 2655 1213 2708 oeta
1233 2653 1280 2708 est
1302 2649 1480 2724 exposuerit.

109 2762 178 2805 sero
201 2742 323 2824 implere
336 2742 450 2803 solent:
470 2741 537 2804 dein
551 2745 670 2805 naribus
684 2741 908 2825 spiritumiden·
1043 2741 1117 2800 Cum
1136 2742 1230 2802 brutis
1251 2735 1491 2819 congredientes,
1517 2761 1553 2801 no
1579 2739 1620 2800 illi
1644 2739 1765 2819 quidem
1800 2802 1803 2809 ,

107 2832 200 2896 tidem
219 2836 366 2897 attrahere
377 2836 482 2906 edocti,
502 2837 572 2898 tuba
586 2836 908 2916 rocemabsqueiuter·
966 2834 1067 2896 ultimo
1087 2833 1251 2914 alliciuntur
1272 2835 1427 2919 supfflicio.

108 2930 253 2991 missione
272 2929 362 2989 edere
380 2929 549 2991 dicuntum·
1043 2927 1135 2988 Pauci
1167 2948 1203 2987 eu
1229 2928 1387 3004 praelectis
1412 2927 1521 2989 babent
1551 2925 1766 2999 auctoritatem,

186 3018 303 3083 Omnes
327 3024 453 3093 vestitu,
485 3043 541 3083 sen
560 3022 692 3103 corporis
717 3024 797 3083 eullu
822 3021 910 3081 simili
966 3020 1097 3082 ultimum
1118 3020 1296 3103 supplicium
1310 3019 1465 3098 irrogandi.
1484 3019 1530 3080 Ex
1541 3018 1668 3081 subditis
1680 3040 1766 3080 nemo

109 3120 240 3188 utuntur,
260 3117 376 3178 tunicas
395 3115 539 3193 oblongas
567 3116 633 3175 siue
657 3114 761 3196 plicis,
788 3115 909 3175 manicis
966 3115 1093 3194 aliquem
1113 3124 1249 3193 torquere
1259 3113 1358 3175 audet.
1399 3112 1535 3192 Plerique
1545 3112 1766 3175 malefactorum

111 3208 317 3274 strictioribus.
356 3208 558 3288 Hungarorum
578 3209 640 3268 sere
666 3229 755 3280 more,
774 3214 908 3289 gestant:
966 3206 1160 3274 blesensium,
1185 3225 1241 3264 scu
1266 3205 1304 3265 ad
1330 3206 1405 3266 alias
1430 3204 1606 3289 principales
1632 3206 1767 3267 civitates

110 3302 141 3361 iu
162 3302 269 3380 quibus
280 3301 441 3363 Christiani
454 3302 589 3374 nodulos,
610 3302 716 3382 quibus
728 3308 831 3381 pectus
842 3322 909 3361 con·
968 3301 1121 3361 ducuntur.
1154 3296 1291 3376 Hycrnali
1311 3305 1407 3359 autem
1418 3304 1548 3380 tempore
1559 3308 1591 3359 ut
1611 3299 1767 3379 plurimum

111 3395 264 3474 stringitur
283 3396 312 3455 in
333 3394 449 3456 dextro:
476 3394 592 3457 Tartari
623 3417 693 3457 vero
714 3393 793 3456 baud
823 3395 909 3457 dissi·
967 3394 996 3453 in
1017 3397 1121 3452 sontes
1141 3387 1387 3451 animadvertunt:
1407 3393 1520 3453 aestiuo
1540 3393 1633 3457 enirn.
1652 3392 1768 3454 bellicis

109 3486 173 3549 mili
201 3490 311 3549 vestitu
340 3494 473 3561 utentes,
508 3491 631 3551 sinistro
664 3488 755 3549 latere
789 3487 909 3549 babent.
968 3485 1095 3564 negotiis
1114 3483 1317 3563 impediuntur.

112 3580 229 3643 Ocreas
248 3582 311 3644 lere
328 3582 452 3653 rubeas,
470 3603 582 3664 easque
601 3582 760 3653 breviores,
783 3588 814 3642 ut
833 3603 910 3663 quae

110 3696 209 3756 genna
228 3696 286 3736 non
305 3676 437 3754 attigant,
457 3677 616 3756 soleasque
636 3675 739 3736 ferreis
759 3675 909 3735 claviculis

110 3770 238 3830 munitas
256 3775 385 3849 gestant.
406 3766 525 3829 indusio
547 3790 649 3830 omnes
661 3769 722 3830 sere
733 3769 821 3828 variis
832 3768 909 3828 eolo·
1203 3799 1539 3901 mmmmm

109 3864 191 3925 ribus
210 3862 289 3925 eirea
307 3863 415 3924 collum
434 3868 574 3925 exornata
592 3861 717 3924 habeut:
737 3882 831 3942 eaque
850 3881 909 3922 mo-

110 3957 219 4019 nilibus
240 3977 295 4018 son
314 3956 442 4037 globulis
456 3957 621 4036 argenteis,
641 3961 691 4016 aut
717 3956 834 4037 cupreis
861 3954 910 4015 de·
1006 3981 1027 4024 a
1045 3976 1159 4025 russas
1173 3977 1274 4023 aasmu
1299 3978 1405 4024 macno
1425 3978 1508 4036 nuos,
1534 3980 1616 4025 amno
1638 3980 1732 4026 unam

111 4050 232 4122 auratis,
251 4049 417 4132 additisque
438 4051 599 4111 ornamenti
630 4069 720 4110 cansa
753 4049 909 4109 unionibus
1275 4055 1342 4112 rouo
1361 4072 1463 4129 aaran,

32 4200 37 4213 ,
112 4143 324 4220 constringunt.

188 4231 332 4295 Ventrum
352 4256 547 4315 nequaquam,
568 4236 623 4297 sed
644 4235 756 4298 femora
775 4236 909 4314 cingunt:
1045 4232 1143 4304 Quum
1163 4254 1233 4295 rens
1252 4234 1339 4295 suerit
1366 4236 1394 4294 iu
1414 4256 1502 4296 unum
1522 4238 1636 4300 rublum
1662 4235 1769 4299 conde·

112 4332 202 4406 atque
221 4325 296 4387 adeo
328 4328 502 4405 pubetenus,
532 4349 589 4409 quo
621 4331 716 4407 magis
748 4331 909 4408 promineat
967 4332 1095 4399 mnatns‚
1117 4327 1214 4389 solvat
1231 4326 1331 4388 ludici
1350 4327 1458 4391 altiuos
1475 4330 1769 4402 dnos,Notariooeto

112 4425 223 4491 venter,
244 4418 390 4497 cingulum
410 4419 574 4482 demittunt.
595 4418 676 4491 Quin
698 4430 729 4482 et
750 4443 826 4483 nune
846 4423 909 4483 itali
969 4421 1092 4498 dangos.
1136 4420 1170 4480 Si
1197 4441 1267 4480 vero
1296 4429 1397 4502 partes
1423 4423 1546 4486 redeunt
1574 4426 1602 4484 iu
1637 4424 1769 4499 gratiam,

113 4521 143 4575 et
161 4512 297 4593 Hispani,
317 4513 374 4572 imo
396 4519 425 4573 et
446 4512 584 4574 Germani
604 4514 645 4574 ita
658 4520 864 4574 assuererunt.
968 4515 1138 4596 priusquam
1159 4514 1187 4571 iu
1208 4512 1303 4575 locum
1322 4515 1414 4578 due'lli
1435 4521 1575 4585 venerint,
1596 4534 1653 4574 non
1674 4517 1769 4577 minus

188 4606 409 4669 Adulescentes
430 4612 460 4667 et
476 4607 558 4687 pueri
580 4607 689 4687 pariter
709 4605 825 4666 festivis
850 4605 909 4667 die·
967 4605 1067 4668 ludici
1088 4611 1118 4667 et
1136 4604 1257 4666 Notario
1278 4611 1406 4683 solvant,
1425 4632 1460 4672 ac
1471 4613 1497 4670 si
1504 4607 1648 4690 judicium
1660 4609 1768 4670 sactum

111 4703 179 4777 bus,
198 4698 254 4762 sed
273 4701 303 4761 in
323 4698 441 4760 civitate
461 4700 525 4761 loco
545 4698 641 4781 amplo
653 4698 812 4770 etcelebri,
831 4698 911 4760 undo
969 4701 1087 4763 suisset.
1114 4697 1149 4758 Si
1169 4703 1302 4764 venerint
1315 4706 1343 4767 iu
1357 4707 1453 4769 locum
1465 4700 1564 4770 duelli,
1583 4720 1669 4780 quem
1681 4702 1769 4763 Oecl-

112 4792 204 4857 videri
224 4802 253 4856 et
273 4793 404 4856 exaudiri
424 4814 443 4856 a
460 4791 595 4877 pluribus
616 4798 735 4872 queant,
755 4793 911 4855 convenire
969 4794 1020 4855 nik
1043 4798 1074 4852 et
1089 4791 1256 4855 Nedelsnik
1291 4797 1433 4861 dunmxat
1452 4794 1612 4854 decernere
1633 4803 1770 4875 possunt,

113 4886 218 4961 solent,
238 4887 412 4968 quibusdam
432 4891 531 4951 autem
552 4885 649 4947 sibilis
669 4886 820 4965 seusigno
833 4884 911 4959 dato,
970 4889 1069 4969 ibique
1089 4885 1163 4947 forte
1181 4890 1211 4949 in
1231 4893 1353 4971 gratiam
1368 4887 1515 4959 redierint,
1535 4887 1771 4963 solvantlndici,

113 4987 307 5043 convocantur
314 5005 323 5056 ;
343 4976 587 5061 convocati'lllieo
598 4986 781 5053 concurrent,
795 5000 911 5043 manns·
974 4987 1116 5061 utsupra,
1138 4978 1285 5043 Ocolnilro
1305 4978 1476 5056 obdengas,
1494 4979 1769 5047 Nedotsnikosirni·

113 5095 171 5159 qno
193 5081 358 5147 eousemnt,
378 5085 528 5163 certameq
547 5076 653 5157 pugnis
665 5076 913 5157 ineuntnoxpe·
971 5074 1039 5136 liter
1057 5075 1095 5136 50
1116 5073 1238 5155 dangos.
1258 5082 1288 5134 et
1307 5071 1383 5133 duos
1402 5072 1526 5135 altinus:
1554 5075 1770 5160 Soribaaqua·

113 5166 203 5253 dibus
222 5169 386 5251 prorniscue¹
405 5190 442 5258 ao
461 5188 565 5269 ’W
587 5170 698 5249 impetu
717 5168 913 5251 faciem-gut·
974 5169 1175 5238 morelliaco,
1195 5172 1226 5229 et
1243 5184 1330 5227 unas
1351 5164 1485 5245 deugam.
1525 5168 1560 5231 Si
1587 5192 1656 5233 voro
1685 5190 1770 5232 vene
