3742 5626
643 267 700 331 br:
720 266 863 331 REBUS
881 266 1195 331 uroscorr'rlcm.
1703 274 1757 333 291

100 429 164 491 Sed
183 436 214 493 et
227 429 352 493 Talarus
363 429 584 507 (Gemanican
596 432 769 513 pecuniam)
781 436 811 493 in
824 433 902 494 beu-
961 431 1097 513 Prlncipe
1106 434 1214 511 pressi,
1227 450 1283 491 uec
1295 432 1458 513 respirandi
1470 434 1640 497 facultatem
1651 434 1761 499 babuc-

98 544 155 601 ssas
174 532 204 585 at
222 524 451 595 blascnuiticas,
476 526 586 603 quibus
612 526 780 588 numinibus
806 545 902 586 nunc·
960 531 1036 587 rant.
1058 524 1136 585 Sunt
1155 544 1225 585 vcro
1244 524 1439 605 quadraginta
1453 524 1621 590 Germanae
1632 530 1761 592 tamdiae

98 622 157 677 taur
177 637 263 679 suan
284 624 400 687 uocaui,
418 618 587 681 immutante
617 620 716 680 minus
737 620 798 703 jara
825 618 904 689 illas,
960 638 1071 689 aarum,
1090 638 1169 698 quae
1187 637 1224 677 cu
1243 614 1369 679 biennia
1388 616 1534 679 audactae
1550 620 1763 705 inerant,quae

100 730 189 789 quam
209 716 307 781 antea,
328 711 419 788 probe
432 717 564 787 argente,
585 731 652 773 cum
673 712 826 783 licentius,
846 714 902 793 pri·
961 710 1105 772 Mesenae
1124 711 1164 771 ad
1184 710 1301 791 epistula
1314 712 1405 793 jussu
1425 708 1573 789 Principis
1597 713 1664 774 elim
1691 718 1760 779 sub.

100 805 179 865 stiua
215 805 329 885 rejecta
353 823 438 875 cura,
470 806 538 887 ejus
567 804 704 884 signandi
732 804 903 867 auriticibus
960 806 1079 865 stiterer
1103 804 1235 885 reliquae
1261 803 1426 883 permultae
1454 801 1621 876 Cusanum,
1647 814 1678 867 et
1702 811 1762 871 aliu

100 897 326 977 qulbuscunqae
343 902 481 978 potestas
498 900 547 960 sit.
579 898 615 959 Sl
634 918 694 981 qua
718 916 788 959 uero
812 918 903 959 aurea
960 896 1138 957 amandatae
1158 902 1238 958 suut.
1258 894 1306 955 Ex
1327 894 1375 955 his
1394 896 1481 973 igituir
1499 898 1625 973 pecunia
1644 906 1763 979 quotan-

101 990 190 1062 dena,
210 989 257 1051 vel
275 998 418 1067 argentea
436 988 555 1051 aliunde
564 990 673 1071 Legati
691 991 851 1052 redeuntes
861 991 903 1053 al·
961 991 1009 1049 uis
1029 990 1163 1069 exigitur.
1184 988 1247 1060 Qui
1265 1008 1355 1059 sane,
1383 989 1541 1049 uexatione
1565 988 1656 1051 dante
1680 994 1764 1055 iutel-

103 1082 208 1155 lcrunt,
228 1104 264 1143 ea
283 1084 382 1143 amnia
400 1084 440 1143 iis
464 1083 512 1143 uel
538 1082 608 1143 data
632 1090 791 1161 argenteae
818 1104 903 1163 pecu·
962 1084 1080 1153 lectum,
1100 1081 1583 1145 bonorificentissimel'autitieem
1599 1082 1765 1147 blaximum

103 1178 170 1237 uiae
188 1196 304 1237 summa
322 1176 431 1256 aliqua,
452 1174 498 1234 vel
511 1194 548 1235 nc
561 1176 768 1257 dataquidem,
788 1179 817 1237 in
840 1176 904 1237 tlre·
958 1178 1019 1259 jum
1045 1176 1251 1259 appellabant,
1277 1172 1409 1255 nihilque
1432 1174 1504 1235 mibi
1537 1196 1597 1235 nau
1627 1178 1765 1258 obsequti

103 1288 212 1331 murus
231 1288 306 1331 suas
318 1269 415 1329 inlcrt.
437 1267 478 1327 Et
488 1267 680 1330 dubitandum
692 1276 817 1341 nonest,
836 1290 903 1331 eum
962 1271 1069 1329 summi
1091 1268 1288 1349 exhibebant:
1309 1267 1464 1339 recordati,
1484 1268 1557 1348 quid
1567 1268 1765 1351 Apostolicac

102 1364 171 1443 ujus
189 1382 300 1445 parcns
319 1382 356 1421 err
375 1361 529 1423 Lircnicis
546 1363 723 1435 ciuitatibus,
744 1368 835 1443 atque
857 1384 904 1424 ae·
963 1360 1028 1421 sedi
1050 1360 1175 1422 biennia
1195 1360 1261 1420 alirn
1275 1360 1426 1421 tribuerit:
1445 1364 1766 1444 etquantapacct'rue·

103 1455 192 1517 dibus
211 1456 317 1525 sacris,
337 1453 476 1535 quicquid
496 1456 590 1534 potuit
608 1477 707 1537 opum,
726 1458 799 1527 auri,
819 1476 905 1516 vasu·
963 1458 1052 1523 retur,
1072 1455 1217 1533 quibusve
1231 1454 1408 1525 numinibus,
1426 1459 1564 1534 uuquam
1579 1456 1767 1519 Christianae

105 1568 168 1609 rum
180 1567 345 1618 aurearum,
365 1552 396 1607 et
415 1552 629 1623 argenteorum,
643 1550 778 1621 calicum,
790 1554 821 1610 et
835 1548 905 1609 alia·
963 1546 1161 1627 Reipublicae
1181 1546 1444 1624 propugnaculum,
1466 1548 1592 1625 ipsamet
1611 1546 1768 1613 Provincia

103 1662 166 1703 ιιιιιι
185 1638 331 1723 ejusmodi
342 1660 447 1713 rerum,
463 1642 627 1713 corraserit,
647 1644 908 1723 onustisslmisquc
964 1646 1070 1701 vocata
1088 1642 1144 1709 sit,
1170 1658 1237 1701 cum
1265 1637 1440 1700 Catlrolieos
1464 1646 1494 1699 et
1520 1639 1668 1717 legitimus
1692 1662 1768 1705 suus

105 1737 238 1797 curribus
258 1734 425 1815 asportarit,
445 1734 591 1810 ingentem
614 1736 671 1795 vim
692 1756 791 1795 earum
810 1754 906 1795 rerum
964 1738 1140 1811 agnosceret
1161 1732 1325 1812 Principes,
1344 1750 1380 1792 ac
1397 1733 1557 1812 praecipue
1574 1752 1640 1793 cunr
1659 1735 1768 1796 aPun·

105 1850 275 1899 recreasse,
295 1826 375 1907 tpuod
400 1835 471 1907 pest
497 1825 677 1889 Tartaricam
702 1828 780 1890 illam
807 1848 905 1889 cueur-
963 1828 1043 1886 tiliae
1061 1826 1194 1888 Marium
1213 1824 1366 1907 penderet.
1386 1824 1457 1895 Qua
1476 1834 1599 1903 paterna
1618 1833 1769 1907 potestate

105 1924 230 1992 sirmam,
249 1938 286 1983 ac
307 1916 450 1980 bluserae
470 1919 569 1999 ipsius
588 1922 786 1993 exustionem,
811 1922 907 1981 tribus
966 1940 1105 1990 excussa,
1126 1940 1194 1981 mex
1220 1920 1260 1979 ab
1284 1917 1398 1977 ordinis
1423 1916 1579 1979 Teutonici
1604 1920 1767 2000 equitibus,

106 2016 134 2074 in
156 2015 275 2075 arcibus
295 2014 423 2091 partitus
443 2018 504 2083 est,
530 2011 690 2085 blascrae,
713 2014 908 2083 iaroslariae,
965 2033 1031 2073 curm
1052 2012 1082 2073 bi
1103 2012 1250 2075 aduersus
1268 2009 1516 2071 Ecclesiastieum
1535 2010 1667 2073 ordinem
1689 2016 1769 2076 insu·

106 2114 137 2167 et
156 2108 187 2167 in
207 2106 288 2167 Albe
306 2105 383 2165 lacu.
413 2104 480 2165 Jara
496 2106 657 2177 civitatum,
676 2116 729 2167 nul
747 2108 907 2188 pruvincia·
967 2107 1124 2176 lesccreut,
1143 2110 1257 2167 tantum
1278 2124 1338 2163 nun
1358 2102 1511 2181 discerpti,
1530 2103 1638 2165 deiude
1647 2105 1768 2167 aliunde

106 2218 171 2259 rnnr
192 2198 302 2275 Reguli
321 2197 392 2258 nulli
412 2204 492 2267 suut,
518 2217 594 2276 quoa
621 2198 724 2259 Duces
748 2200 827 2278 apud
854 2220 909 2261 nes
968 2200 1076 2260 trustra
1096 2200 1187 2277 petite
1206 2196 1327 2265 auxilio,
1346 2196 1464 2257 tandem
1486 2196 1769 2263 subbacrcticerunr

107 2312 214 2353 uacare
233 2310 300 2352 mus
320 2296 384 2351 estc
405 2310 442 2350 eu
462 2301 559 2351 tamen
588 2294 715 2363 numine,
742 2293 780 2354 ad
809 2294 909 2355 existi·
963 2296 1068 2373 jugum
1089 2292 1196 2361 adacti,
1212 2294 1275 2373 jam
1296 2290 1457 2349 miserrime
1476 2288 1673 2354 inbiaseovis
1691 2294 1768 2355 rire·

106 2384 264 2445 mationem
289 2384 364 2455 sibi,
388 2403 445 2443 seu
469 2384 570 2463 petius
598 2383 727 2466 Priuclpi
753 2385 909 2446 caeciliam·
970 2388 1056 2457 lrant3
1094 2386 1121 2445 si
1143 2406 1180 2446 ca
1200 2384 1259 2443 rita
1278 2380 1412 2443 vacanda
1437 2384 1492 2453 sit,
1517 2402 1595 2463 quaa
1619 2383 1769 2449 haeretica

108 2478 185 2547 dam,
205 2477 271 2536 sira
287 2477 326 2537 ad
348 2476 557 2537 praefecturas
576 2482 709 2539 utuntur:
736 2498 838 2537 verum
861 2498 910 2538 res
969 2488 1026 2537 est.
1062 2476 1110 2537 Ad
1132 2478 1216 2558 ipsas
1242 2476 1352 2545 siluas,
1379 2474 1478 2547 lacus,
1503 2484 1534 2537 et
1559 2476 1667 2539 lluvios
1690 2478 1769 2559 quud

108 2573 176 2651 ipsa
194 2568 291 2631 deest.
313 2569 341 2630 Ε
362 2568 497 2631 Tartaris
516 2569 645 2649 quidam,
665 2572 715 2650 ‹prl
727 2569 814 2630 fidem
829 2569 910 2629 l'rin·
967 2572 1082 2642 attinet,
1102 2588 1298 2650 quaecunque
1319 2567 1597 2649 intlepreciasiurcs
1615 2570 1722 2652 pelles,
1742 2580 1773 2635 at

108 2664 167 2744 cipi
181 2663 742 2743 bulcincxpugnandisCasancnsibus,
754 2661 911 2723 adllutlre·
970 2667 1082 2745 pisces,
1102 2683 1226 2743 quorum
1246 2662 1330 2741 copia
1353 2680 1511 2739 permagna
1530 2670 1586 2731 est,
1607 2666 1770 2745 percipiun-

109 2776 178 2818 num
197 2758 293 2823 ritum,
312 2755 663 2825 etb'clrismaaeccrleus,
675 2756 833 2835 praestitit,
845 2774 910 2815 cum
969 2764 1024 2823 tur,
1044 2776 1143 2817 earum
1157 2757 1284 2815 nutrium
1304 2774 1400 2813 rerum
1424 2753 1568 2834 Princeps
1587 2756 1772 2835 potissimam

108 2851 198 2910 etiam
216 2854 329 2928 partera
348 2848 495 2926 ‹prarrdanr
517 2868 592 2907 sune
602 2848 722 2907 ditionis
734 2848 913 2927 reliquisset,
970 2850 1060 2909 babet
1079 2856 1204 2929 partem.
1226 2846 1326 2907 Pelles
1345 2846 1384 2905 ad
1405 2844 1492 2913 duna,
1512 2858 1542 2905 et
1561 2846 1769 2919 venditionem

110 2941 285 3003 Columnam
305 2939 454 3019 oppidum,
475 2945 506 2997 et
532 2940 590 2999 alia
616 2938 755 2999 rrnrruulla
780 2941 912 3019 acecpit:
971 2944 1071 3023 pisces
1093 2941 1197 3001 siecuti
1218 2938 1257 2999 ad
1271 2938 1427 3017 praesidia,
1447 2938 1605 3017 cibumque
1614 2958 1770 3003 usercam

109 3034 165 3093 sed
185 3038 267 3113 pene'
285 3033 552 3109 memminpcrium
564 3038 661 3092 manet
675 3032 754 3113 apud
768 3032 913 3101 bluacum,
969 3042 1025 3094 tur.
1050 3032 1256 3111 Quaecunque
1280 3030 1319 3091 ad
1346 3030 1511 3111 Principem
1538 3035 1706 3109 spectantia
1731 3056 1770 3097 ex

109 3130 228 3207 {tracter
246 3124 363 3203 aliquas
382 3123 498 3185 reditus
518 3126 545 3184 ci
559 3126 726 3195 attributus,
745 3146 782 3185 nc
795 3124 911 3186 demen·
971 3127 1019 3187 bis
1038 3126 1250 3195 distrabantur,
1271 3125 1338 3185 aliis
1364 3120 1584 3205 praeferuntur3
1611 3144 1667 3187 nec
1691 3130 1770 3209 quis·

109 3220 177 3288 (loa,
196 3218 247 3277 ubi
267 3217 392 3277 libuerit.
415 3216 516 3293 Pagus
535 3224 566 3277 ct
584 3236 682 3295 agros,
704 3220 732 3278 si
753 3220 801 3277 cui
831 3218 912 3279 addi·
971 3240 1058 3300 quam
1077 3240 1132 3280 sua
1151 3222 1251 3299 petest
1270 3214 1440 3285 divendere,
1460 3222 1617 3295 antequam
1629 3240 1675 3291 ca,
1694 3242 1772 3300 quas

110 3314 161 3381 eit,
180 3312 201 3371 ii
223 3310 261 3370 ad
287 3314 428 3389 parimas
454 3330 512 3369 nun
539 3312 728 3391 perveniunt,
754 3312 783 3371 ui
810 3312 912 3371 eunir·
970 3318 1041 3371 sunt
1060 3310 1209 3389 Principis
1226 3310 1345 3371 vendita
1364 3310 1433 3370 sint.
1455 3308 1591 3379 Scribne,
1609 3312 1772 3374 siraburn-

111 3408 264 3465 uentura
284 3400 441 3483 l’rineipea
471 3404 518 3463 cui
539 3410 636 3463 taureu
663 3406 766 3464 nautici
793 3424 830 3465 ex
856 3404 912 3465 iru-
972 3424 1105 3466 nucuscs
1126 3408 1275 3485 (corrupta
1296 3403 1526 3463 aliruecauecc
1540 3402 1663 3469 Diaeus.
1684 3407 1772 3485 quasi

110 3498 210 3557 elibns
229 3495 299 3555 inde
318 3496 456 3555 tributam
479 3502 509 3555 ct
523 3516 631 3573 operas
651 3496 795 3575 pendunt,
815 3499 856 3557 uti
883 3504 913 3557 ct
971 3499 1124 3565 diaconos,
1144 3503 1174 3557 ct
1194 3498 1345 3557 ntrusuos
1370 3496 1498 3571 uacant)
1524 3494 1688 3575 designati,
1714 3516 1775 3559 nan

110 3590 239 3651 Duuiua
253 3588 377 3647 iaciunt:
390 3588 543 3666 reliquum,
553 3590 842 3668 quantulumcunque
856 3598 913 3659 est,
972 3599 1083 3653 tarrtuar
1103 3592 1133 3649 ln
1153 3590 1261 3668 palatin
1281 3590 1425 3668 Principis
1437 3607 1553 3649 suumn
1564 3587 1715 3667 diligentia
1731 3612 1774 3651 ra·

111 3683 200 3743 victui
220 3703 278 3741 suu
298 3688 459 3747 reservant,
478 3689 529 3739 nut
549 3680 691 3739 eximunt.
713 3680 757 3740 Ea
777 3701 810 3740 ra
830 3682 870 3751 lit,
883 3688 915 3741 nt
971 3686 1081 3751 tiones,
1100 3688 1130 3742 et
1150 3688 1301 3759 accepturu
1322 3680 1470 3740 scribunt:
1492 3699 1592 3739 rerum
1613 3681 1702 3741 ctlanr
1721 3702 1775 3755 per

112 3796 200 3837 neam
227 3794 296 3835 vere
321 3771 421 3831 dicere
446 3772 545 3851 {mssit
575 3772 633 3832 sibi
659 3773 816 3854 quicquum
842 3794 915 3833 esse
973 3776 1107 3855 singulas
1125 3774 1295 3855 prm-incias
1312 3778 1451 3833 accurate
1470 3771 1567 3829 omnia
1586 3774 1725 3851 exigunt,
1745 3782 1777 3837 et

111 3870 238 3951 proprii:
258 3872 289 3925 et
308 3864 404 3940 (uelit,
425 3862 514 3939 nolit)
533 3864 660 3944 quisque
680 3867 719 3925 ab
739 3876 810 3925 nutu
833 3865 914 3925 Priu-
974 3868 1011 3928 ad
1033 3868 1231 3939 Quaesturam
1252 3865 1366 3945 imperii
1380 3862 1517 3921 raserunt.
1539 3862 1703 3941 Vectigalia
1718 3887 1776 3927 uon

111 3964 189 4039 cipis
208 3958 346 4041 pendeat.
367 3954 401 4015 Si
428 3957 475 4016 cui
500 3956 583 4035 plura
605 3964 690 4027 suut,
710 3964 792 4018 tantu
821 3960 915 4035 magis
975 3968 1044 4021 srurt
1064 3960 1202 4021 maxima.
1227 3956 1301 4017 Nara
1322 3956 1447 4033 laegatis
1467 3962 1662 4023 mercatores,
1688 3977 1775 4036 quus·

112 4074 150 4113 sc
170 4053 335 4111 devinctum
346 4050 497 4125 agnoseitz
510 4048 675 4125 opulentior
691 4058 787 4111 auteur
808 4052 916 4115 laetus.
975 4074 1091 4133 umque
1111 4050 1223 4119 volunt,
1242 4068 1346 4109 secum
1360 4049 1429 4108 lieet
1438 4046 1597 4119 adducere,
1616 4050 1714 4127 quien
1727 4072 1777 4111 nu·

112 4152 197 4205 lautu
216 4144 274 4201 sibi
295 4143 398 4201 metuit
417 4142 527 4217 ιιιιιιιίιις
553 4142 662 4223 quippe
688 4142 725 4203 ad
753 4146 914 4225 Principem
977 4148 1062 4213 mine,
1075 4164 1131 4203 uec.
1147 4142 1257 4223 aliquid
1276 4140 1420 4223 pendunt,
1432 4139 1615 4201 ctaluutura
1627 4140 1775 4227 Principe.

112 4254 208 4313 snrrpe
225 4238 323 4295 emilia
341 4234 486 4296 recidunt.
506 4234 578 4294 lude
596 4256 713 4314 qrrtrtpre
734 4240 833 4299 existit
853 4240 918 4298 sire
978 4236 1157 4299 elstraelraui
1168 4236 1238 4295 ulim
1249 4236 1432 4314 frequentius
1446 4234 1705 4299 conveniebantur
1713 4236 1778 4301 Ma·

113 4326 313 4395 curu-adura,
341 4328 405 4385 sice
424 4330 538 4397 cautirr,
565 4327 663 4387 nullus
689 4336 720 4389 ut
746 4330 854 4391 audeat
875 4330 917 4391 lri·
978 4334 1019 4391 ris
1039 4330 1142 4411 Caspii
1162 4350 1223 4399 ura,
1243 4326 1442 4409 l'crsidcquc:
1470 4333 1500 4388 at
1519 4324 1654 4387 Tartaris
1673 4350 1778 4409 magna

115 4440 219 4493 acere3
238 4418 453 4480 transferendis
471 4428 570 4481 auteur
592 4420 718 4491 familiis,
739 4422 785 4483 tcl
798 4422 918 4483 bertuini·
978 4446 1016 4485 cx
1036 4428 1120 4505 parte
1141 4424 1258 4505 ejectis,
1279 4420 1417 4501 bellaque
1442 4422 1500 4481 isle
1522 4418 1645 4479 Persice
1669 4418 1778 4483 diutur-

116 4518 175 4575 lurs
194 4512 233 4573 nd
253 4514 335 4573 varia
353 4510 500 4591 praesidia
515 4514 616 4593 patius
632 4514 810 4591 relegandis,
830 4536 918 4597 quam
980 4520 1070 4583 uiure.
1096 4516 1269 4597 infrequens
1294 4515 1403 4575 lactum
1429 4520 1477 4573 est
1506 4514 1668 4593 empurium
1697 4512 1780 4576 illud.

115 4604 278 4675 mittendis,
297 4604 503 4687 praecidantur
522 4608 754 4687 carrjuratinuum
776 4611 852 4671 uiae.
873 4608 921 4669 lai·
981 4612 1053 4672 Auri
1072 4616 1103 4671 ct
1121 4612 1235 4689 argenti
1257 4608 1376 4669 ludiuas
1396 4628 1468 4667 esse
1489 4625 1547 4664 nnn
1572 4604 1687 4673 audiui,
1713 4608 1780 4666 terri

117 4700 214 4761 celsi
234 4698 304 4777 quid
324 4696 469 4780 ejusmodi
490 4700 700 4777 praesenserit,
722 4722 778 4761 nex
798 4704 828 4761 iu
845 4704 921 4763 lnlca
980 4714 1066 4771 srrrrtr
1085 4704 1164 4783 quud
1184 4702 1302 4782 quidem
1325 4700 1469 4767 bumiucs,
1490 4718 1547 4758 unu
1558 4697 1636 4758 adeo
1645 4699 1780 4761 industrii

117 4793 263 4857 immines.
283 4792 370 4857 blica,
396 4789 489 4857 lilius,
516 4790 644 4851 rusticus
668 4796 856 4870 quantumvis
881 4796 921 4856 iu·
979 4818 1069 4875 aegre
1089 4797 1127 4857 ad
1147 4818 1234 4857 rrsuru
1254 4800 1365 4876 aptant.
1408 4792 1509 4851 llnuur
1533 4796 1632 4849 autem
1654 4792 1781 4875 l’rinclpl

119 4886 236 4953 numne,
255 4883 334 4946 lrarrd
354 4884 447 4943 seurcl
470 4890 586 4963 patrata
604 4884 654 4943 sit.
677 4884 714 4943 Et
735 4886 832 4947 retulit
851 4888 922 4947 milri
980 4896 1081 4949 tantus
1101 4890 1139 4951 ab
1157 4890 1293 4949 omuibus
1312 4886 1450 4947 «laetemur.
1472 4884 1660 4961 ‹pranulusrir
1673 4888 1781 4965 cogita·

116 5000 157 5039 ea
177 4981 245 5059 ejus
265 4980 371 5039 aulicis
391 4978 434 5037 vir
453 4976 570 5041 nubilis,
588 4994 653 5035 curu
670 4976 756 5037 uillas
780 4980 922 5059 «putandam
983 4984 1062 5041 tiuue
1083 4984 1204 5061 intelligi
1225 4988 1331 5061 pultat.
1355 4978 1403 5037 rlb
1423 4978 1499 5057 ipsu.
1520 4978 1547 5033 si
1569 4996 1626 5035 nun
1647 4980 1781 5041 credunt.

118 5072 316 5137 ulrtinuisset,
337 5092 374 5129 ue
400 5070 504 5129 demus
530 5068 645 5149 quidem
673 5071 787 5143 liurrens
812 5080 922 5149 terrere.
982 5070 1781 5137 eerrairaaemulare-unumunurn.salutamuuuia-

120 5168 172 5221 :rut
193 5164 314 5223 relicere
332 5184 383 5241 per
401 5164 514 5242 aliquut
533 5166 593 5242 jan
605 5182 701 5223 annus
714 5164 772 5222 albi
784 5164 921 5227 licuisse:
981 5188 1042 5247 que
1060 5168 1184 5229 babere.
1204 5176 1236 5225 ut
1257 5178 1287 5223 er
1313 5166 1425 5239 uratiae
1451 5162 1523 5223 liei.
1553 5172 1583 5221 et
1608 5163 1782 5225 clenreutiae

124 5256 238 5314 rustici.
260 5274 278 5313 ιι
314 5254 354 5313 ad
373 5276 450 5333 quas
476 5256 504 5315 id
525 5256 707 5335 pertinebat.
738 5260 878 5319 anmibaa
903 5280 922 5321 a
981 5260 1081 5337 lingui
1102 5263 1203 5322 l'rari.
1225 5278 1279 5319 scu
1307 5256 1416 5335 lituis.
1443 5256 1488 5313 vel
1515 5252 1702 5333 lruperaturta
1722 5260 1784 5325 (⁸5⁰

1381 5360 1427 5416 tlt·
