3742 5626
515 202 570 265 tit:
590 194 1198 273 sansonescovruco,n1ssu
1219 198 1256 260 V.
1669 208 1725 267 ibt

54 376 145 431 tateru
166 372 299 450 ipsorum
318 364 359 429 ad
377 364 568 427 Plescoriam
588 384 638 425 res
649 362 751 439 duero,
770 381 808 424 ac
819 381 857 421 ue
917 362 1018 443 spatio
1038 364 1177 423 resarciri
1197 362 1277 424 nullo
1295 360 1384 425 niodo
1394 374 1510 446 posset,
1529 366 1557 427 sl
1573 370 1725 447 prouincia

55 482 198 525 sumniam
218 458 336 543 quidem
357 479 424 520 cum
444 458 567 522 aliarum
577 456 641 519 iere
651 458 781 518 ominium
794 460 858 515 tum
918 454 1047 518 Livouia
1069 451 1207 519 omnibus
1226 455 1342 515 interim
1360 460 1542 519 necessariis
1554 458 1674 524 rebusa
1690 482 1727 527 se

55 554 176 635 frigoris
195 552 400 615 dilbmrltatenr
421 550 461 614 sb
480 548 640 613 obsidione
664 554 787 610 nostros
815 566 859 607 re·
920 544 1036 609 firmata
1055 545 1167 609 bellurn
1185 546 1315 609 llloscus
1333 544 1537 629 redintegrare
1546 552 1647 630 vellet,
1667 574 1726 618 ma-

25 668 165 723 ¹vocare
195 650 318 729 jamque
343 648 469 707 nraxima
500 644 608 705 lrienis
638 648 724 723 parte
755 646 859 701 exacta
916 640 1002 721 jores
1022 660 1073 701 res
1092 636 1215 719 gerendi
1236 638 1407 703 facultatem
1427 641 1486 703 sibi
1507 666 1567 705 non
1592 644 1725 727 praecidi

55 744 172 803 mitiora
190 747 325 821 tempora
351 740 464 801 instare
487 736 703 817 intelligerent:
735 734 861 795 maxime
920 754 979 793 non
1006 732 1132 795 strolcste
1157 730 1259 794 lerret.
1309 732 1418 813 Legati
1433 738 1605 815 juramento
1624 742 1728 803 statim

56 842 155 895 autern
184 830 388 907 Passerinus,
420 832 470 913 qui
502 850 561 911 qno
594 832 690 890 minuas
715 832 861 909 suspecta
920 846 974 889 eas
994 824 1161 887 firmarunt:
1183 822 1221 887 ds
1241 824 1411 909 Principum
1419 830 1601 909 juramento,
1620 842 1654 893 ut
1666 854 1726 895 ma·

55 924 133 987 bdes
157 946 214 991 sua
236 922 315 1005 apud
340 924 465 987 lloseos
486 930 580 999 esset,
598 940 664 983 cum
683 920 746 981 illis
766 916 861 981 diver·
916 920 1001 1003 jores
1022 920 1129 1000 Legati
1150 918 1288 999 exigendi
1300 922 1480 981 sacramenti
1501 926 1727 1006 eausapriuum

56 1018 190 1093 sabatur,
209 1038 248 1080 ne
268 1016 328 1079 allo
348 1038 414 1081 cura
433 1014 531 1079 imctu
551 1018 580 1078 in
600 1034 633 1077 re
652 1022 713 1077 ta·
733 1016 783 1096 pia
798 1020 861 1075 tau·
916 1008 939 1075 'a
958 1012 1045 1093 llege
1064 1010 1104 1075 ad
1122 1010 1274 1089 Mosurrn,
1294 1010 1364 1073 inde
1384 1034 1403 1075 a
1421 1010 1532 1075 lllosco
1552 1012 1591 1075 ad
1610 1014 1726 1097 Regem

57 1120 118 1175 turn
139 1110 336 1189 elaborarent,
355 1130 471 1173 snurura
486 1106 568 1191 apud
576 1118 732 1189 utramque
747 1114 862 1188 purtem
921 1106 1114 1179 mitterentur,
1134 1106 1325 1167 constitutum
1345 1104 1411 1167 iuit.
1450 1104 1486 1169 ln
1500 1106 1608 1169 litteris
1628 1106 1729 1173 loede-

58 1198 195 1267 libertatc
223 1208 254 1266 in
279 1226 385 1287 peccru
410 1202 609 1273 irrcrtmbcret,
635 1220 687 1261 res
712 1200 861 1261 conuenit.
921 1201 964 1259 ris
991 1196 1236 1275 conscribendis,
1256 1220 1309 1273 per
1328 1198 1442 1281 aliquot
1462 1200 1552 1261 ctiam
1571 1198 1638 1263 dies
1659 1224 1727 1265 con·

59 1298 146 1361 Parti
173 1308 205 1359 ut
230 1318 304 1360 rasa
330 1318 418 1361 sacra
438 1296 574 1375 llerpato
599 1314 637 1357 ac
662 1288 864 1370 llorogrodco
920 1298 1085 1353 uoremum
1105 1290 1175 1358 luiitt
1196 1290 1277 1375 quod
1295 1290 1395 1355 lllosci
1415 1290 1454 1359 ab
1475 1294 1560 1355 initio
1572 1296 1729 1359 universae

58 1390 165 1453 tollere
183 1390 242 1453 sibi
262 1390 379 1463 liberet,
398 1409 455 1450 nec
467 1388 640 1469 Episcopus
652 1380 863 1446 sacerdotesve
920 1380 1052 1445 Rosciae
1078 1382 1221 1446 Tsarumt
1249 1394 1356 1468 postes
1382 1406 1449 1447 cum
1474 1382 1513 1447 de
1540 1407 1578 1448 eo
1594 1390 1658 1469 jam
1678 1386 1728 1452 de·

60 1506 160 1547 corum
181 1482 357 1545 contumelia
370 1481 567 1551 allicerentur,
586 1480 726 1540 universa
736 1476 863 1539 livonia
924 1479 1103 1551 cessissent,
1122 1474 1286 1538 secundum
1298 1478 1472 1541 dieseos-ise
1492 1477 1730 1545 etVlodimiriae

59 1598 148 1659 quarn
169 1578 198 1638 in
220 1597 276 1639 sna
296 1582 447 1657 potestate
460 1574 608 1655 Princeps
620 1568 864 1645 eorumbaberet,
923 1570 1059 1652 aliosque
1073 1570 1241 1652 complures
1263 1571 1367 1633 titulos
1381 1572 1668 1637 Astrscbanensiuru
1688 1584 1731 1639 ta·

60 1669 273 1731 decesserunt:
316 1666 412 1746 llegis
448 1670 567 1728 tremine
599 1670 722 1727 econtra
754 1664 864 1735 Lucis,
924 1684 991 1726 oren
1013 1664 1269 1727 ctCasarrensirrm
1283 1662 1474 1725 Tartarorum
1487 1664 1624 1741 Tsarnm,
1644 1666 1730 1733 Priu-

60 1762 240 1835 Zavolocia,
265 1760 381 1823 Nevaia
400 1759 528 1841 aliisque
547 1756 682 1819 castellis
704 1756 865 1833 rnorrnullis,
924 1760 1022 1839 cipem
1048 1776 1134 1819 suum
1160 1756 1283 1839 apellari
1316 1756 1472 1833 volebant,
1494 1762 1591 1823 nostm
1611 1770 1732 1843 praeter

61 1876 138 1939 quoae
155 1854 359 1937 superioribus
379 1855 468 1913 arenis
487 1850 527 1914 ab
539 1850 628 1913 hoste
640 1850 785 1931 cepisset,
804 1848 866 1911 Vc·
925 1872 1036 1913 morem
1063 1851 1207 1931 majorum
1226 1848 1299 1911 nibil
1319 1870 1355 1912 se
1375 1850 1418 1913 illi
1438 1848 1601 1915 tributuros
1611 1861 1732 1917 conten·

61 1950 131 2011 lisio
150 1970 187 2011 ac
205 1946 374 2011 Polotieusi
393 1966 466 2025 agro
486 1946 710 2025 omnirecepto,
730 1942 867 2005 illisccs-
927 1942 1044 2013 dorent,
1060 1944 1124 2025 jam
1144 1942 1233 2027 paulo
1254 1950 1324 2005 ante
1341 1952 1438 2005 autem
1447 1940 1636 2023 Pausaniam,
1655 1967 1733 2030 quae

61 2064 127 2103 suar
147 2040 211 2103 luit.
250 2040 301 2103 De
319 2038 421 2101 Narra
441 2037 568 2119 aliisque
588 2034 733 2109 castellis,
752 2055 829 2116 quae
848 2056 867 2097 a
925 2058 944 2099 a
963 2036 1074 2099 Suecis
1093 2032 1303 2111 obsidebatur,
1323 2046 1507 2099 cour-estus
1526 2038 1626 2121 iuopia
1645 2040 1732 2104 velae-

62 2136 162 2197 Succo
188 2140 335 2215 occupata
361 2138 462 2204 erant,
487 2128 539 2191 diu
570 2126 770 2209 disceptatum
803 2126 867 2201 furit,
926 2140 1041 2193 menter
1060 2128 1207 2200 laborare,
1227 2150 1263 2189 ae
1282 2130 1331 2191 vix
1350 2136 1478 2211 quatuor
1500 2134 1733 2215 septimanorum

62 2248 129 2289 cum
149 2226 243 2288 riustri
262 2226 432 2287 lluscornm
452 2224 716 2301 tergiversatione,
736 2222 766 2282 in
785 2226 868 2303 pote·
926 2226 1026 2305 spatio
1053 2222 1183 2285 tolerare
1208 2222 1332 2283 lloscos
1357 2242 1466 2305 posse,
1503 2244 1558 2305 per
1588 2222 1733 2291 Tbomur

62 2330 172 2383 statem
191 2320 282 2379 Sueci
300 2318 424 2378 uenisse
444 2336 481 2377 ca
500 2312 773 2391 dicerent,·ll1osci
794 2314 868 2375 nibil
926 2314 1130 2391 limbdanum,
1155 2314 1291 2397 aliosque
1316 2334 1439 2395 quornm
1460 2312 1615 2399 diligentia
1635 2322 1665 2381 in
1685 2340 1734 2381 co·

63 2410 103 2474 ad
122 2432 159 2473 sc
177 2410 408 2493 praestationem
428 2426 528 2469 eorum
549 2404 868 2490 pertinerecoutende·
928 2404 1111 2491 gnosceudis
1137 2407 1228 2469 rebus
1254 2408 1339 2469 bisce
1370 2398 1526 2487 utebatur,
1555 2410 1734 2475 Zsmoscias

64 2512 144 2579 rent,
165 2524 243 2587 quae
262 2522 319 2563 nec
339 2508 440 2563 arctoa
458 2522 494 2561 se
509 2500 684 2563 interarces
692 2500 864 2573 Livouicas‚
929 2508 1128 2581 cognouerat3
1147 2522 1165 2561 s
1184 2498 1303 2563 Joarurc
1322 2498 1473 2563 Zborovio
1492 2512 1659 2587 praeterea,
1683 2508 1734 2587 qui

64 2618 141 2681 quas
160 2598 238 2676 llcgi
258 2594 454 2669 obtulissent,
483 2596 634 2656 nominata
653 2592 792 2669 luissent,
811 2614 869 2655 nec
929 2598 1063 2657 maximis
1082 2588 1271 2669 vadimoniis,
1290 2598 1532 2679 necessariisque
1550 2600 1617 2661 suis
1636 2618 1674 2661 ae
1693 2596 1735 2663 la·

65 2710 144 2753 rrurrc
163 2696 343 2753 tetamentum
384 2684 520 2749 'l'andenr
539 2706 606 2749 cum
626 2690 656 2748 iu
677 2708 714 2747 eo
733 2686 868 2747 lracrerc·
928 2686 1027 2749 miliae
1051 2706 1126 2747 snae
1152 2686 1281 2765 negotiis
1307 2696 1433 2749 coactus
1459 2690 1489 2749 iu
1516 2688 1671 2753 Poloniaor
1690 2712 1734 2753 re·

65 2792 128 2859 tur,
149 2782 191 2847 ita
209 2782 414 2843 controversia
440 2800 605 2859 suspensa,
630 2788 664 2839 ut
680 2780 742 2858 juri
762 2798 818 2839 suo
837 2778 869 2838 in
929 2778 1041 2851 dierat,
1070 2780 1179 2839 certior
1197 2777 1295 2839 lactus
1316 2776 1421 2854 luerat,
1440 2778 1480 2843 ad
1499 2802 1550 2845 res
1572 2804 1667 2847 nouas
1684 2784 1735 2849 Ll-

65 2874 196 2937 Narram
209 2872 400 2955 reliquasque
418 2890 515 2932 arces:
535 2890 612 2951 quac
632 2892 651 2931 s
670 2870 771 2931 Sueco
789 2878 872 2931 tene·
927 2892 1023 2933 verres
1042 2870 1214 2945 sollicitari,
1233 2890 1426 2953 rumoresque
1444 2876 1560 2957 spargi,
1578 2874 1695 2957 Regem
1706 2880 1735 2937 si

66 2974 169 3029 restim
182 2966 301 3027 minuisse
310 2964 425 3041 Regem
446 2960 612 3024 defuturum
622 2962 714 3043 legati
728 2969 872 3025 testatum
929 2964 1085 3029 Liuoniam
1101 2964 1277 3046 recepisset,
1296 2964 1374 3025 inter
1394 2962 1555 3047 ilungaros
1567 2970 1735 3033 anismam

66 3058 215 3121 lucerent:
234 3056 462 3139 Vejsenstejnio
487 3062 602 3131 auum,
621 3052 701 3137 qaod
716 3058 782 3137 jem
801 3062 872 3115 ante
930 3054 1167 3123 distributurum.
1208 3054 1300 3135 Quod
1318 3076 1407 3139 mum
1428 3060 1449 3119 ii
1468 3056 1531 3121 beri
1554 3081 1614 3123 nou
1632 3082 1737 3145 posse,

66 3152 144 3233 llegi
165 3150 291 3214 lloscua
310 3148 481 3221 obtulisset,
500 3146 722 3229 disertelegati
742 3150 809 3229 ejus
823 3144 874 3207 de·
932 3154 992 3213 nisi
1012 3152 1072 3233 ipsi
1093 3168 1198 3213 omines
1215 3146 1342 3213 sedibus
1358 3154 1425 3213 suis
1441 3160 1652 3231 evmmreatur,
1671 3174 1737 3237 per-

67 3240 219 3321 cederent,
239 3242 278 3305 de
297 3240 427 3325 captiuis
445 3238 556 3302 deinde
575 3250 674 3304 sctum
694 3240 757 3303 init.
798 3240 871 3302 Cura
930 3246 1097 3327 spicerent',
1124 3262 1183 3303 non
1203 3262 1308 3325 parum
1328 3264 1364 3305 ea
1383 3264 1417 3307 re
1442 3245 1601 3309 multorum
1621 3248 1738 3311 animos

65 3336 168 3401 lllosci
185 3338 323 3419 utrinque
342 3336 478 3417 captiuos
497 3334 565 3397 sine
581 3334 678 3417 pretio
689 3330 783 3396 'reddi
811 3332 872 3395 vel·
931 3337 1109 3399 commoveri
1121 3356 1248 3399 neccsse
1261 3344 1335 3399 erat
1365 3336 1617 3421 Proponelrantar
1629 3338 1736 3405 eodem

68 3432 139 3505 lent,
157 3430 255 3511 Regis
273 3430 402 3504 nomine,
424 3424 504 3509 prod
524 3448 561 3491 er
578 3428 695 3491 lloscis
714 3428 872 3510 primarios
929 3438 1064 3513 tempore
1089 3428 1181 3491 Sueci
1207 3431 1327 3491 nominc
1346 3428 1463 3509 edicta,
1489 3432 1599 3515 quibus
1616 3454 1738 3497 suoru!

69 3526 204 3587 bomines
226 3520 406 3603 complures,
425 3520 468 3583 illi
490 3540 527 3583 cx
543 3518 650 3601 Regiis
660 3524 809 3602 captivam
830 3524 872 3583 in·
931 3526 1039 3605 cuique
1066 3520 1230 3595 bonorum,
1263 3530 1295 3585 et
1324 3542 1401 3605 quas
1431 3524 1568 3609 pristinis
1596 3530 1737 3611 tempori·

67 3620 182 3697 signem
193 3616 305 3677 unllum
319 3612 546 3685 lcrcbabcrent,
557 3612 728 3687 Zanclaeis,
748 3612 874 3691 Nereia,
930 3616 998 3689 burs,
1020 3618 1150 3697 maJorcs
1168 3616 1315 3697 cujusque
1333 3614 1526 3681 beneficiario
1538 3622 1609 3701 jure
1626 3622 1738 3683 tenrds-

68 3730 106 3775 ac
130 3707 308 3771 Sebiesrum
327 3730 364 3771 ac
390 3714 523 3769 extrem
543 3704 611 3767 locu
631 3704 873 3787 Sebicsaumpro
930 3716 1014 3785 sent,
1052 3710 1278 3789 posscssionum
1317 3710 1468 3770 restitutio
1502 3712 1738 3795 promittebatur,

68 3806 196 3887 captiuis
216 3810 406 3884 posceretur:
440 3798 569 3861 llloscus
587 3820 659 3861 vero
678 3818 738 3861 nou
759 3804 872 3861 tantam
931 3798 1029 3881 adque
1053 3802 1282 3883 possessionem
1307 3799 1451 3863 bonorum
1483 3800 1669 3881 adeundam,
1698 3802 1739 3867 ad

67 3898 232 3969 bominum,
257 3900 397 3975 manum
415 3896 644 3973 possessionum
660 3892 804 3955 rationem
823 3890 875 3953 ba·
931 3912 1008 3973 quos
1034 3910 1072 3953 ca
1092 3892 1290 3975 pertinerent,
1310 3892 1520 3957 invitabantur.
1560 3894 1644 3957 luter
1661 3894 1739 3959 alios

68 3988 197 4053 bendum
217 3986 276 4047 sibi
292 3984 452 4067 judicaret,
473 3986 503 4045 iu
521 3982 603 4045 alind
614 3992 744 4067 tempus,
763 3982 873 4067 quoad
929 3982 1093 4063 Biringius,
1113 3988 1164 4067 spu
1177 3984 1292 4066 aliquot
1303 3984 1575 4067 castellallegiain
1586 3996 1740 4071 potestate

69 4078 246 4161 exigendum
267 4080 297 4139 in
317 4098 421 4159 pacem
443 4096 461 4139 a
480 4096 516 4141 sc
536 4084 636 4139 mutuo
655 4086 874 4141 sacramentnm
931 4076 1078 4155 babebat,
1103 4085 1137 4138 ut
1161 4098 1198 4139 cx
1216 4076 1334 4141 Moesis
1353 4078 1502 4141 Pausania
1521 4078 1739 4145 decedentibus

70 4174 190 4249 legatos
215 4174 353 4253 utmnque
372 4172 491 4233 missuri
512 4178 627 4247 essent,
647 4178 711 4233 tota
730 4170 807 4233 baec
825 4190 875 4233 res
933 4172 1084 4251 cognitum
1102 4178 1210 4253 postca
1229 4168 1294 4247 luit,
1315 4170 1431 4235 litteras
1450 4170 1489 4235 ad
1504 4174 1629 4237 llosces
1648 4172 1738 4239 dede·

69 4264 162 4327 dilata
183 4262 248 4325 luit.
286 4262 336 4325 lle
354 4266 509 4327 tormentis
530 4284 567 4327 ac
585 4272 732 4347 apparatu
757 4264 876 4338 bellico,
933 4272 988 4338 rat,
1008 4260 1117 4347 quibus
1135 4266 1163 4324 si
1184 4260 1297 4325 diutius
1309 4268 1460 4329 sustinere
1471 4264 1660 4331 obsidionem
1679 4288 1739 4331 non

70 4380 147 4441 quae
173 4360 202 4419 in
229 4354 389 4439 praesidiis
410 4364 530 4433 essent,
550 4358 591 4419 ita
612 4360 759 4433 convenit,
779 4366 876 4425 utre·
933 4362 1069 4441 possent,
1088 4364 1124 4445 ut
1142 4358 1271 4421 Succiac
1286 4362 1388 4441 potius
1402 4380 1490 4443 quan
1504 4360 1651 4427 Polonise
1659 4358 1739 4443 Regi

70 4454 160 4523 lictis,
181 4470 258 4533 quiae
277 4468 343 4510 eum
356 4470 492 4531 praeque
505 4458 690 4533 caperentur,
710 4452 739 4511 iu
755 4448 875 4514 arcibus
934 4470 1000 4513 cam
1025 4446 1192 4527 dederent,
1217 4450 1353 4513 loristus
1382 4454 1571 4521 coaluerat.
1615 4452 1651 4519 ln
1681 4454 1741 4515 boc

71 4544 216 4621 luissent,
242 4562 319 4625 quac
343 4544 500 4625 utrinqnae
526 4544 610 4607 illata
637 4550 752 4613 essent,
770 4564 874 4607 secum
933 4545 1023 4623 igitur
1041 4544 1187 4607 lrisoniac
1205 4542 1387 4609 amittendae
1406 4544 1594 4623 discrimine,
1613 4550 1672 4609 etsi
1691 4545 1740 4607 rel

72 4640 198 4721 quisque
222 4634 360 4699 delcrrct.
405 4634 451 4699 lis
475 4638 565 4715 igitur
584 4635 805 4701 conditionibus
825 4636 875 4701 dc·
934 4634 1094 4713 ritandem‚
1113 4638 1140 4697 si
1160 4636 1298 4703 subsidia
1319 4638 1379 4701 sibi
1399 4660 1418 4701 a
1438 4638 1524 4721 llege
1550 4634 1740 4721 quemadmo-

72 4731 206 4793 ceunulis
233 4750 294 4812 pas
320 4726 453 4811 pcrlecta
479 4728 550 4807 luit,
577 4749 643 4791 cum
664 4752 721 4793 nec
738 4732 876 4794 lloscutn
935 4728 1004 4791 dum
1033 4750 1100 4791 cum
1126 4750 1163 4791 eo
1183 4734 1395 4805 constituerat,
1415 4733 1576 4793 summissa
1596 4728 1741 4791 luissent:

73 4826 103 4883 in
124 4844 161 4885 eo
181 4826 358 4885 amissarum
377 4820 594 4905 provinciarum
615 4822 720 4885 dolore
739 4829 876 4907 opportu-
934 4832 987 4885 aut
1005 4822 1113 4885 saltem
1134 4842 1238 4885 meuse
1256 4820 1366 4901 laurio,
1389 4822 1468 4885 ultra
1487 4842 1574 4905 quem
1594 4820 1742 4885 obsessos

75 4914 207 4977 nioribus
220 4914 406 4998 temporibus
418 4914 711 4999 permotusaliquos
729 4917 875 4995 interegni
935 4938 995 4977 non
1015 4914 1204 4991 toleraturos,
1223 4924 1413 5001 perspectum
1433 4912 1574 4988 babebat,
1601 4908 1679 4979 lame
1698 4924 1741 4979 at-

74 5016 127 5073 aut
150 5010 227 5073 alias
252 5014 431 5073 occasiones
455 5007 558 5071 ablata
583 5005 778 5093 recuperandi
804 5028 878 5091 spes
936 5027 995 5089 qus
1015 5014 1199 5070 commeatus
1208 5010 1310 5091 inopia
1320 5012 1351 5071 in
1361 5016 1541 5093 potestatem
1551 5006 1741 5089 Plescoviam

74 5100 244 5179 desereret,
273 5110 305 5165 et
328 5102 395 5165 Res
419 5110 502 5165 tanta
521 5100 607 5165 clads
626 5112 716 5185 atquc
734 5098 879 5165 vastitate
936 5108 1090 5163 uenturam
1099 5098 1278 5165 Zsmoscius
1290 5124 1350 5165 non
1370 5100 1568 5185 desperabatr
1584 5096 1741 5191 'adpsce'm

74 5196 249 5259 lloseomac
269 5192 361 5267 illata,
380 5210 458 5277 qaae
477 5204 538 5259 tarn
558 5214 718 5279 pausem
738 5212 880 5259 annorum
939 5204 1036 5259 taren
1056 5188 1183 5259 anisium
1206 5194 1326 5259 tande·
1345 5186 1558 5261 adverteridum
1583 5194 1642 5260 sibi
1663 5186 1742 5278 judi·
