3734 5610
143 199 204 263 Μ
766 191 898 258 vnum
923 189 1193 256 ODERBORNH

146 361 320 425 iuterimesf
339 380 399 422 uon
418 368 514 433 eerte;
534 367 565 421 et
584 378 638 421 eos
658 361 709 440 qni
728 358 803 420 baec
822 355 951 420 audituri
1010 359 1126 419 animos
1157 376 1223 421 cnm
1251 356 1394 419 felicitate
1429 376 1525 418 rerum
1556 362 1722 435 gestem,
1754 364 1813 417 tun

147 462 226 528 sunt,
246 454 339 517 multo
359 454 563 517 vehementius
582 451 724 515 imitabis.
766 449 951 534 ltaquedan·
1010 470 1070 513 uns
1088 454 1214 515 mammo
1237 451 1401 526 eeleritate,
1420 471 1479 532 qua
1496 449 1690 511 vehementer
1713 447 1814 511 utebe

148 546 219 610 dum
238 546 353 630 aliquid
371 549 497 630 tempori
518 565 647 623 censeo,
681 541 811 608 dandum
838 542 952 625 aliquid
1010 554 1067 619 tur,
1086 543 1289 607 incredibilem
1309 546 1338 605 in
1359 542 1479 605 medem
1500 543 1671 605 conterurit.
1699 539 1814 605 Rode·

148 640 331 725 reipublicae
349 648 381 703 et
400 644 468 722 paci
488 638 646 702 communi.
675 637 811 701 Pontifici
833 658 951 719 quoque
1011 639 1074 701 fere
1092 647 1228 717 tempere
1259 636 1299 699 ad
1317 636 1464 714 Orsuae,
1498 636 1537 699 ad
1566 635 1760 699 Mobilevum
1788 647 1814 699 et

149 733 291 807 Maximo,
310 737 360 816 qui
380 753 486 816 pacem
505 733 593 795 vobis
611 730 737 808 suadet,
761 751 836 793 suus
854 731 952 793 honos
1011 731 1153 794 Selorum
1169 731 1248 793 ferro
1278 731 1453 812 fluminaque
1474 730 1572 791 bfosei
1582 729 1814 810 grassabuntur.

151 837 199 891 est
217 825 390 889 babendusr
417 835 448 890 et
466 824 594 909 quidem,
614 835 648 888 ut
665 826 835 888 summatim
854 827 953 886 omnia
1011 824 1059 886 En
1079 829 1182 887 nuntio
1209 832 1335 906 eccepto
1361 823 1502 886 Redivilo
1529 823 1711 886 lectissimis
1736 842 1813 885 ersa·

151 918 257 993 dicam,
277 922 465 1003 iniquissima
485 940 542 1002 pax
561 916 754 981 anteferenda
782 926 831 981 est
846 921 953 999 justis·
1011 919 1193 980 tissimorum
1213 920 1343 997 equitum
1361 919 1420 981 elis
1440 919 1614 993 instructus,
1635 915 1814 979 nudemu-

151 1016 228 1075 simo
261 1013 353 1076 bello.
392 1013 553 1076 Dicentem
578 1011 778 1073 possevinum
813 1012 879 1074 Rex
911 1013 954 1073 itu
1011 1032 1074 1074 ram
1093 1009 1220 1091 agendis
1238 1011 1330 1073 rebus
1349 1011 1432 1087 fecit,
1451 1011 1591 1091 hostique
1610 1008 1735 1072 obviam
1755 1028 1814 1093 pre

151 1103 304 1184 audiebat,
325 1113 359 1168 nt
378 1104 450 1168 belli
464 1126 585 1167 carrum
604 1107 725 1168 omuino
745 1126 763 1167 e
781 1103 879 1168 medio
899 1105 954 1167 tol·
1012 1124 1148 1186 gressus,
1168 1105 1258 1168 multa
1278 1104 1408 1176 fortiter,
1427 1105 1518 1166 multa
1537 1103 1668 1165 feliciter
1684 1105 1762 1184 agit,
1782 1107 1816 1165 ei·

150 1198 269 1263 leudem
289 1220 361 1263 esse
379 1198 589 1273 arbitraretur,
613 1197 701 1260 aliter
725 1201 802 1260 euim
827 1197 884 1260 bos
909 1218 954 1260 er·
1011 1201 1123 1261 vitales
1141 1206 1299 1280 expugnat,
1311 1217 1402 1277 agros
1420 1205 1538 1273 vastet,
1557 1195 1815 1260 inflammationem

151 1313 264 1355 morum
294 1293 437 1356 tumultus
462 1310 646 1373 nequequam
672 1291 767 1373 sopiri
792 1311 886 1374 posse
911 1290 954 1353 di·
1013 1294 1118 1375 pagis,
1142 1311 1246 1353 necem
1266 1290 1435 1352 bominibus
1454 1289 1552 1367 infert,
1585 1288 1720 1372 praedae
1749 1294 1815 1372 agit,

152 1384 250 1449 cebet.
291 1385 401 1448 Stabili
421 1390 500 1446 enim
521 1383 642 1446 decreto
663 1386 791 1460 innixus,
811 1384 953 1464 singulari
1013 1395 1045 1449 et
1064 1388 1149 1467 quasi
1170 1392 1337 1466 tempestas
1355 1382 1502 1465 quaedam
1521 1391 1631 1445 cuneta
1644 1387 1815 1465 prosternit

153 1482 374 1561 perseverantia
393 1498 497 1540 omnes
517 1478 711 1558 longissimae
730 1478 853 1540 militiae
880 1475 955 1539 diff·
1014 1480 1088 1541 (iam
1118 1475 1160 1540 ed
1189 1481 1340 1557 ingentem
1368 1477 1466 1539 laeum
1499 1478 1647 1557 bnoojum
1671 1481 1815 1551 verbm,

152 1570 283 1634 enltates
300 1592 360 1634 non
379 1574 492 1632 minore
511 1575 619 1634 virtute
638 1592 703 1645 sua,
728 1590 814 1652 quam
834 1570 955 1633 Mosco·
1013 1573 1128 1634 bestias
1148 1568 1257 1643 eaedit,
1286 1580 1426 1653 precatus
1447 1591 1486 1631 ue
1505 1590 1541 1631 se
1565 1569 1637 1630 illae
1655 1578 1759 1635 turae
1778 1576 1815 1633 in·

152 1684 217 1726 rum
236 1663 361 1739 invidia,
386 1663 549 1745 superabat
579 1673 610 1727 et
636 1673 834 1747 proposuerat
861 1667 954 1727 emori
1012 1665 1106 1727 ritum
1124 1666 1283 1746 accipient
1304 1663 1397 1726 'lior
1417 1666 1449 1724 in
1468 1661 1637 1725 districtum
1661 1662 1816 1727 Smolem

154 1760 272 1842 potius,
304 1777 392 1839 quam
423 1756 589 1820 abscedere
618 1761 702 1819 irrito
730 1760 861 1839 incepto.
902 1756 957 1818 nt.
1014 1777 1135 1821 censeor
1154 1758 1301 1831 invectus,
1319 1777 1396 1830 eum,
1419 1759 1536 1818 nemine
1554 1765 1756 1838 repugnate,
1771 1778 1816 1820 vs·

152 1870 259 1933 gresso
279 1856 385 1914 iterum
404 1849 444 1913 ed
462 1849 628 1913 Basilidem
660 1851 840 1924 Psssevino,
867 1851 955 1912 maxi·
1014 1860 1086 1914 stat
1117 1854 1152 1912 ln
1171 1858 1256 1913 tauta
1275 1870 1380 1931 nempe
1399 1869 1496 1911 rerum
1518 1850 1649 1911 omnium
1665 1850 1815 1933 perturbe

153 1965 219 2008 nes
237 1946 288 2006 ille
309 1944 381 2006 belli
401 1950 432 2005 ot
451 1947 538 2026 pacis
563 1942 675 2004 arbiter
698 1942 784 2004 Deus
811 1941 850 2003 ad
875 1942 954 2004 deei-
1014 1949 1107 2019 tione,
1127 1965 1184 2005 nee
1204 1947 1322 2004 animus
1340 1941 1460 2005 Moeris
1479 1939 1520 2002 ud
1537 1941 1755 2018 resistendum,
1764 1965 1816 2007 nee

152 2056 231 2100 num
261 2042 419 2120 septimum
453 2035 642 2119 Septembris
673 2034 751 2098 diem
779 2055 830 2098 res
860 2037 955 2116 Regis
1015 2037 1056 2101 ad
1075 2038 1203 2099 beaute
1226 2032 1409 2099 moriendum
1438 2044 1518 2109 orat3
1548 2044 1581 2097 et
1608 2035 1702 2116 Regii
1734 2042 1815 2101 dieu

153 2130 280 2195 feliciter
299 2128 486 2194 secundavit.
526 2132 601 2192 Cum
621 2131 698 2190 enim
715 2128 786 2191 Dur
805 2128 956 2192 Obolens·
1016 2150 1074 2214 qeo
1094 2133 1189 2211 major
1207 2136 1274 2192 erat
1291 2129 1420 2190 bestium
1432 2130 1488 2204 vis,
1507 2148 1544 2189 eo
1564 2129 1661 2208 magu
1681 2129 1817 2195 videbas·

155 2229 220 2287 cius
241 2244 308 2287 eum
326 2224 492 2289 lectissime
511 2226 640 2304 equitum
661 2221 852 2304 peditumque
868 2216 956 2286 mauu
1015 2235 1064 2288 mr
1081 2222 1123 2285 ad
1140 2220 1360 2285 contemnenda
1380 2214 1513 2303 perieala'
1533 2220 1718 2285 eoum-nrt.
1761 2224 1816 2286 lle·

154 2316 255 2379 urbem
286 2320 449 2399 irrumpere
476 2336 532 2399 per
564 2315 671 2377 flumen
697 2313 737 2376 de
763 2322 852 2377 noete
877 2318 957 2397 eogi-
1015 2318 1096 2380 letus
1115 2325 1224 2401 postea
1235 2318 1314 2377 iuter
1331 2313 1816 2396 infestaretirritetesgestessd

155 2416 242 2485 teret,
261 2430 279 2471 a
300 2409 448 2472 custodiis
466 2428 629 2490 quassam
655 2412 684 2469 iu
710 2428 773 2471 rem
794 2416 824 2469 et
850 2412 880 2469 in
904 2408 958 2469 flu·
1015 2411 1194 2484 Fercem,
1221 2409 1328 2470 incolis
1348 2428 1408 2470 nou
1433 2407 1689 2491 repugna-tiber,
1713 2410 1816 2474 fidncia

155 2504 249 2577 mine,
280 2510 312 2563 et
332 2506 362 2563 in
382 2510 462 2564 terra
480 2502 646 2564 collocatae
671 2509 772 2572 erant,
805 2511 957 2583 exceptus,
1016 2504 1169 2584 religionis
1185 2499 1382 2575 diriVitoldi,
1402 2522 1420 2563 u
1438 2520 1498 2582 quu
1518 2498 1670 2564 conditum
1679 2505 1817 2588 oppidem

155 2614 223 2655 eum
243 2594 340 2677 copiis
366 2598 432 2656 suis
457 2597 565 2677 purtim
591 2591 746 2655 demersus
772 2596 803 2655 in
829 2592 958 2672 flumine,
1016 2604 1097 2673 eret,
1120 2597 1203 2678 parci
1218 2596 1326 2677 jessit3
1346 2594 1444 2656 laetus
1463 2613 1524 2657 nee
1541 2594 1678 2658 militiam
1700 2604 1817 2676 mah,

154 2691 262 2770 partim
287 2708 355 2751 cum
379 2707 416 2750 se
441 2689 471 2747 iu
494 2690 590 2770 ripam
614 2689 812 2768 conjecisset,
838 2689 976 2750 occisus
1015 2692 1208 2752 verumetiam
1225 2689 1355 2767 vestigio
1373 2691 1495 2750 utenti
1505 2684 1659 2770 Princip'm
1676 2702 1819 2756 seeum

155 2789 213 2843 est.
234 2782 302 2844 Nee
320 2781 415 2845 multo
434 2789 506 2864 post
526 2780 716 2843 vaostovus
738 2782 958 2863 eumquinges·
1017 2782 1136 2847 Obvius
1153 2779 1274 2844 mandem
1294 2780 1399 2842 babuit
1412 2777 1818 2850 Nosdrovatemetbfrebas

155 2875 196 2937 tis
221 2874 372 2962 equitibus
400 2875 511 2938 anxilio
540 2873 679 2937 obsessis
706 2880 863 2950 venturus,
890 2894 959 2937 ean-
1017 2874 1315 2949 lemlioratiuscium,
1334 2895 1371 2935 ex
1391 2873 1498 2955 quibas
1517 2873 1674 2938 besorum
1692 2883 1819 2943 exercite

154 2965 223 3031 dem
248 2968 337 3050 plene
361 2966 509 3030 fortunam
535 2987 602 3029 eum
632 2969 697 3029 suis
727 2975 869 3049 oupertus
899 2976 958 3031 est.
1018 2967 1138 3041 occidit,
1161 2967 1245 3029 illum
1265 2966 1436 3029 vulneribus
1462 2964 1626 3030 deformem
1659 2973 1690 3033 in
1718 2972 1818 3056 fugem

156 3059 290 3142 Cumque
305 3063 370 3140 jam
390 3081 444 3142 pro
464 3057 722 3139 magnitudinorei
736 3068 768 3122 et
784 3062 958 3126 bellicomm
1017 3065 1158 3145 eonjecit.
1196 3062 1243 3123 Es
1263 3061 1389 3121 victoria
1408 3063 1521 3142 potitus
1540 3060 1761 3128 Rssoriemm
1780 3065 1820 3128 ti·

155 3173 278 3216 casuum
296 3157 440 3216 varietate
461 3151 579 3214 obsidio
590 3151 701 3213 diutius
713 3150 881 3232 duceretur,
902 3176 960 3217 nee
1018 3157 1294 3232 tionemingressus
1308 3160 1366 3229 est,
1386 3174 1454 3215 eum
1474 3162 1581 3227 entem,
1600 3157 1688 3217 sicuti
1708 3163 1740 3217 et
1758 3178 1820 3219 om·

154 3246 214 3309 sibi
235 3245 477 3310 committendum
501 3266 571 3309 esse
590 3246 656 3310 Rex
678 3245 845 3327 judiearet,
872 3257 904 3311 ut
928 3258 961 3313 et
1019 3269 1086 3311 nem
1126 3248 1310 3309 bfoseoviam
1345 3246 1551 3315 nobilissimus
1582 3246 1677 3325 Velga
1708 3247 1819 3310 fluuius

156 3340 327 3411 antumnali,
345 3350 376 3402 et
395 3342 489 3422 primo
510 3339 634 3400 hiberno
658 3349 792 3422 tempore
817 3341 959 3422 pessimis
1019 3349 1160 3424 pererrat,
1179 3341 1368 3419 emensisque
1390 3339 1601 3402 Casauensium
1620 3347 1654 3399 et
1672 3341 1820 3407 Musca·

156 3432 385 3513 tempestatibus
417 3433 592 3510 longissima
622 3440 653 3492 et
680 3434 869 3513 iniquissima
900 3438 960 3511 via,
1019 3454 1123 3496 uorum
1148 3433 1237 3495 tern's
1261 3433 1445 3515 eliorumque
1473 3433 1662 3495 Tartauurum
1687 3431 1821 3498 desertis

157 3544 264 3603 magno
291 3544 357 3584 eum
380 3527 581 3605 jumentorum
611 3527 745 3598 interitu,
777 3534 809 3586 et
836 3525 959 3589 militem
1017 3529 1209 3611 septuaginta
1228 3528 1317 3587 ostiis
1341 3529 1372 3586 in
1393 3546 1473 3588 mare
1498 3527 1641 3608 Caspium
1665 3529 1733 3589 siue
1758 3528 1821 3592 llir·

157 3615 334 3679 detrimento
354 3636 425 3678 sese
446 3620 475 3678 in
493 3616 632 3696 Regnum
653 3617 789 3691 referret,
816 3617 887 3680 belli
907 3619 960 3683 du·
1020 3638 1125 3683 eanum
1156 3618 1261 3681 influit.
1307 3618 1447 3682 Rudirilo
1471 3617 1549 3681 vado
1576 3622 1607 3680 in
1634 3617 1756 3684 flumine
1779 3642 1821 3685 re

157 3731 210 3774 ces
230 3711 378 3791 ingentem
403 3714 434 3771 in
462 3709 579 3771 bestico
603 3720 746 3773 terrerem
771 3713 960 3777 circumferre
1019 3722 1104 3798 perte
1125 3732 1241 3774 omnem
1261 3732 1327 3775 eam
1345 3714 1499 3792 regionem
1510 3712 1620 3776 infesta
1631 3714 1822 3798 populations

154 3807 258 3887 jussit
280 3806 360 3866 luter
379 3805 435 3865 bos
458 3802 850 3885 ChristopbomsRedivilo,
871 3827 959 3889 quem
1018 3813 1198 3891 pervagatus
1217 3813 1277 3881 est,
1295 3803 1529 3889 Jetrsovumque
1548 3805 1669 3869 celebre
1697 3811 1767 3871 istis
1794 3814 1821 3870 in

157 3918 236 3960 nune
265 3896 441 3960 Vilnensem
473 3896 642 3959 Palatinum
680 3902 898 3981 conspicimus,
929 3910 961 3964 et
1019 3902 1096 3964 locis
1117 3896 1257 3980 oppidum
1277 3898 1357 3971 vicit,
1378 3908 1409 3961 et
1427 3897 1570 3961 incendit.
1611 3899 1648 3962 lu
1668 3909 1753 3963 tauto
1772 3920 1822 3963 au·

157 3988 246 4053 Pbilo
266 3990 374 4068 Cmita',
394 4000 425 4053 et
444 3990 552 4072 Spitco
572 3989 735 4066 londanus,
762 3988 854 4055 facile
883 3995 959 4076 prin·
1019 4003 1079 4058 tem
1100 3989 1260 4055 arridentis
1279 3991 1415 4055 forttmue
1431 4013 1581 4055 sueoessu
1606 3992 1822 4055 nobilissimum

157 4088 241 4167 eipes
260 4083 353 4146 fuere.
392 4085 433 4147 lit
452 4081 622 4145 Radiviloni
643 4081 762 4165 quidem
786 4102 857 4147 eure
878 4095 960 4149 men·
1018 4087 1099 4150 illam
1117 4085 1211 4147 feram
1231 4094 1262 4146 et
1282 4084 1405 4166 hydram
1423 4085 1602 4161 bemseam,
1628 4089 1726 4168 ipsum
1744 4085 1818 4148 vide

157 4175 260 4238 dorum
281 4176 381 4239 lirnium
401 4174 581 4238 demandata
605 4176 719 4249 fueret,
746 4181 834 4259 eique
859 4179 960 4244 lectis·
1018 4181 1091 4243 lieet
1110 4176 1277 4242 basilidem
1296 4199 1404 4261 capere
1424 4189 1556 4260 poterut,
1587 4181 1647 4240 uisi
1677 4178 1730 4241 ille
1756 4199 1822 4242 eon·

157 4272 299 4329 simorum
318 4273 448 4351 equitum
475 4276 544 4331 octo
568 4271 659 4332 millio
680 4270 832 4348 attribute,
851 4274 959 4356 quibus
1019 4276 1136 4356 spectis
1155 4275 1186 4357 iu
1205 4274 1370 4354 propinquo
1390 4274 1526 4353 ignibus,
1553 4281 1584 4334 et
1609 4271 1691 4335 fama
1717 4269 1823 4335 adveu-

156 4358 196 4422 ad
214 4361 437 4443 propulsandos
464 4365 634 4443 quommvis
667 4362 797 4426 bostium
831 4369 959 4449 impetus
1019 4370 1112 4430 tantis
1131 4367 1280 4428 exercitus
1299 4365 1560 4429 vehementissime
1580 4365 1754 4446 pereulm,
1773 4386 1826 4449 per

156 4462 298 4517 uteretur.
337 4453 402 4516 Sed
422 4455 542 4517 excelso
569 4459 688 4536 ingenio
715 4455 775 4517 alta
800 4467 891 4541 etque
916 4480 960 4522 ar·
1020 4469 1136 4523 noctem
1156 4457 1290 4521 tenebris
1310 4459 1531 4542 terroribusque
1551 4463 1752 4540 importunam
1777 4480 1824 4541 ge

157 4545 216 4610 duu
241 4547 405 4611 meditandi
432 4568 618 4630 nequaqnam
651 4569 688 4610 eu
717 4551 870 4630 provincia
900 4553 981 4643 pls·¹
1020 4574 1104 4616 mena
1135 4561 1165 4613 et
1188 4559 1319 4613 uomens
1353 4573 1390 4614 ex
1416 4552 1546 4615 Starieia
1578 4572 1645 4613 cnm
1674 4551 1825 4615 omne·

157 4645 233 4720 cuit,
258 4643 435 4726 pulcriorem
455 4638 617 4724 potiundse
639 4639 738 4703 laudis
769 4648 959 4708 occasionem
1020 4645 1126 4708 sobole
1151 4653 1182 4704 et
1196 4644 1372 4706 ancillarum
1397 4646 1539 4727 gregibus
1570 4644 1756 4725 aufugisset.
1791 4647 1825 4707 h

157 4735 327 4818 quaerebat,
348 4735 508 4816 gloriosius
527 4743 611 4797 ratus
632 4738 661 4796 iu
683 4734 799 4798 hostien
815 4737 960 4819 repellere
1019 4759 1055 4800 eo
1074 4736 1201 4799 tumulto
1220 4734 1331 4799 Daniel
1350 4737 1455 4801 Mursa
1475 4760 1493 4802 u
1513 4734 1654 4802 Bnoilide
1680 4738 1826 4821 profugus

157 4825 278 4905 bellum,
310 4848 399 4912 quem
428 4832 460 4891 in
485 4826 596 4889 finibus
615 4823 783 4891 admittere.
823 4829 959 4894 Tandem
1019 4830 1060 4896 ad
1078 4830 1289 4895 Rudivflonem
1308 4833 1405 4909 venit,
1426 4841 1456 4894 ct
1482 4836 1563 4895 vitae
1587 4829 1711 4914 quidem
1735 4831 1826 4895 furtu·

157 4921 315 5000 impetrate
340 4922 379 4985 sb
404 4920 489 5004 Rege
515 4919 692 4983 discedendi
712 4924 800 4984 venis
826 4927 959 5006 penitius
1020 4944 1181 5008 irarumque
1216 4926 1345 4986 omnium
1378 4926 1610 4989 incolumitatem
1643 4929 1826 5009 impetravit

155 5009 273 5091 quidem
292 5014 323 5074 ln
342 5016 442 5079 bostis
459 5013 602 5078 ditionem
620 5034 810 5097 progressus,
829 5017 959 5080 omnine
1019 5017 1075 5081 sed
1095 5027 1195 5082 temen
1214 5017 1285 5080 fidei
1306 5027 1543 5096 pammsanctae
1570 5019 1672 5082 cultee
1702 5019 1826 5084 infamia
