3742 5626
117 189 175 252 atu

117 354 204 433 sequi
241 370 300 410 nou
331 349 510 429 potuisses,
561 343 678 423 Regem
724 344 920 426 Stephanum,

112 450 142 506 in
176 445 319 524 gratiam
343 437 499 500 Pontificis
526 435 650 498 Maximi
682 438 821 517 Gregorii
831 436 918 499 Xlll.

116 537 169 599 tibi
196 538 377 607 accessisse,
403 540 436 593 ut
455 529 544 591 nobis
563 531 698 608 Legatos
718 549 792 591 suos
812 528 851 592 ad
871 530 922 591 ali·

116 634 203 713 quem
223 628 320 689 locum
341 623 445 701 (nobis
470 621 501 683 id
526 625 625 704 ipsum
645 621 837 700 facientibus)
857 612 920 684 mit·

116 731 202 785 teret.
249 720 348 799 eram
374 715 413 779 ad
439 736 511 791 rem,
539 715 593 776 tibi
619 736 636 776 a
665 714 813 794 Gregorio
833 714 921 777 xlll.

116 815 262 877 Pontilice
287 811 417 873 blaximo
443 807 621 884 mandatam,
642 827 698 868 nos
718 828 835 890 quoque
855 809 920 870 hor·

119 912 204 970 teris:
232 915 276 977 ut,
289 904 422 978 scilieet,
442 909 564 983 propter
584 920 688 983 pacem
709 900 920 964 Christianiam

116 1010 238 1063 nostros
247 1000 383 1078 Legatos
403 998 564 1069 mittamus,
585 1013 643 1054 non
657 994 762 1075 procul
783 1015 801 1056 a
821 994 920 1069 uobis,

113 1099 271 1156 interram
289 1088 579 1170 Novogardiensem‚
598 1095 651 1149 aut
670 1087 744 1162 alio,
770 1084 842 1148 data
861 1087 921 1147 illis

115 1187 203 1268 plena
213 1184 425 1246 instructione:
442 1181 509 1243 Rex
523 1200 595 1241 vero
609 1179 783 1261 Stephanus
799 1177 838 1241 ad
852 1200 920 1240 eun·

113 1278 181 1341 dem
191 1279 288 1340 locum
299 1278 397 1338 mittat
409 1277 542 1353 Legatos
554 1293 637 1343 suos,
648 1274 732 1354 pacis
742 1270 921 1335 statuendae

114 1374 227 1451 gratiae
247 1379 278 1432 tu
291 1378 389 1431 autem
408 1365 447 1429 ad
467 1364 594 1427 eundem
612 1365 710 1427 lucum
731 1363 771 1427 ad
782 1366 919 1444 Legatos

114 1471 233 1525 nostros
260 1483 326 1523 cum
352 1461 477 1539 Legatis
503 1458 608 1538 Regiis
633 1460 753 1533 venias,
786 1467 818 1519 et
843 1479 918 1537 agas

113 1558 267 1620 uobiscum
297 1551 335 1613 de
361 1554 439 1613 omni
459 1551 539 1612 bono
554 1551 734 1628 Christiano,
754 1572 790 1613 ac
810 1549 848 1612 de
869 1573 918 1632 pa·

113 1652 157 1713 cis
177 1647 404 1730 compositione.
443 1643 644 1722 Quamobrem
664 1652 745 1705 tuum
765 1642 918 1706 Andream

112 1741 325 1825 Appollonium
355 1739 472 1814 misisti,
499 1748 532 1798 ut
557 1759 624 1799 eum
644 1735 810 1799 audiamus.
850 1738 917 1799 Nos

111 1839 211 1915 igitur,
231 1840 264 1894 ut
273 1833 416 1895 Summus
433 1832 577 1912 Princeps
591 1829 788 1901 Christianus,
799 1852 918 1910 semper

111 1929 287 2010 optavimus,
307 1931 340 1985 ut
359 1926 434 1984 inter
453 1945 519 1994 nos
539 1931 569 1984 ct
584 1922 772 2005 Stephanum
789 1923 915 2002 Regem,

111 2021 266 2101 sanguinis
277 2022 413 2079 cessaret
422 2015 538 2088 effusio,
557 2024 587 2077 et
607 2017 690 2077 initio
711 2017 741 2077 id
754 2017 915 2080 voluimus:

111 2138 170 2197 qus
190 2114 229 2177 de
249 2133 281 2174 re
301 2110 363 2182 tibi,
385 2111 505 2181 Antoni,
528 2112 626 2172 omnia
647 2109 758 2172 diserte
778 2112 914 2191 exposui·

111 2229 187 2280 mus,
205 2226 241 2269 ac
260 2203 537 2288 posteauberrimas
550 2203 666 2265 litteras
676 2203 830 2264 dedimus:
851 2224 912 2280 cur,

111 2301 242 2370 seilicet,
269 2293 349 2358 inter'
372 2316 437 2365 uos,
457 2302 488 2357 ct
505 2294 692 2374 Stephanum
712 2296 826 2376 Regem
845 2318 912 2359 sau·

109 2394 209 2473 gulnis
233 2391 380 2469 copiosior
406 2388 482 2449 lacta
508 2390 549 2450 sit
562 2388 678 2450 effusio.
717 2388 843 2470 Propter
863 2413 912 2472 pa·

110 2506 176 2547 cem
195 2490 295 2546 autern
308 2481 517 2553 Christianam,
537 2489 568 2542 et
586 2482 912 2554 tuamadmonitioneru,

109 2584 140 2641 et
164 2579 328 2660 injunctum
351 2574 404 2634 tihi
429 2594 538 2635 mrrnus
563 2597 581 2634 a
601 2574 748 2636 Pontihco
773 2575 912 2648 hiarino,

108 2679 139 2734 et
159 2690 247 2740 nurse,
265 2681 296 2730 et
314 2674 422 2750 postea
442 2667 591 2739 volumus,
610 2674 643 2729 ut
663 2667 825 2730 Christiani
844 2691 911 2732 san·

109 2767 208 2845 guinis
228 2762 335 2825 effusio
357 2762 434 2821 inter
455 2781 519 2831 nos,
539 2766 570 2822 ct
589 2761 774 2843 Stephanum
794 2762 911 2843 Regem

107 2870 220 2921 cesset.
265 2856 382 2928 Quare,
409 2861 440 2915 ct
458 2852 497 2914 ad
509 2861 694 2932 conventum,
715 2877 774 2936 qua
794 2856 910 2917 Velico·

105 2948 418 3026 lucrrm'Novogardia
443 2952 490 3007 esi
516 2948 585 3018 iter,
616 2949 692 3008 inter
725 2948 911 3024 Porcouiam,

105 3053 136 3107 et
154 3044 352 3114 Zavolociaru,
373 3042 412 3102 ad
424 3041 537 3101 Jamum
551 3040 703 3122 Zapolscii
725 3062 840 3122 pagum,
853 3042 898 3103 Lo

104 3142 321 3219 gatosnostros
341 3135 496 3194 mittimus:
517 3133 585 3192 data
607 3134 667 3196 illis
685 3135 774 3216 plena
786 3137 909 3196 instruc

104 3234 185 3293 tione
210 3229 248 3289 de
272 3229 410 3288 omuibus
432 3229 469 3286 iis
489 3227 587 3296 rebus,
607 3227 775 3308 dequibus
794 3228 833 3289 ad
854 3250 909 3289 rros

104 3323 268 3405 scripsisti,
293 3320 448 3400 loquendi,
469 3340 504 3380 ac
525 3319 682 3398 loquendo,
705 3326 734 3380 et
755 3322 908 3382 tractando

105 3439 142 3478 ea
161 3414 361 3483 confirmandi,
381 3434 457 3493 quac
479 3414 640 3481 internos,
664 3418 694 3470 ct
719 3411 906 3492 Stephanum

105 3511 219 3587 Regem
240 3525 367 3585 acquum
388 3514 436 3564 est
456 3505 645 3563 constituere.
687 3503 734 3564 Tu
756 3526 834 3576 uero,
847 3509 906 3567 An-

104 3604 174 3674 toni,
200 3596 355 3680 Stephano
381 3596 458 3675 Regi
486 3597 616 3676 loquere,
642 3618 678 3658 ac
698 3600 855 3676 persuade,
876 3607 908 3661 ut

102 3693 262 3757 l'lescoria
286 3690 437 3762 discedat,
457 3702 488 3750 et
509 3691 670 3751 exercitum
689 3713 776 3751 suum
796 3693 907 3773 ubique

103 3787 258 3871 prohibeat
295 3784 470 3863 sanguinem
510 3782 710 3845 Christianum
743 3783 902 3848 clluuderc.

101 3883 167 3944 Nos
193 3881 279 3941 etiam
308 3878 467 3938 exercitum
493 3884 624 3938 nostrum
650 3879 820 3958 peremnia
839 3879 905 3940 loca

102 3978 181 4037 idem
210 3973 308 4033 lacere
319 3971 505 4052 jubebimus
526 3977 554 4031 cl
575 3991 613 4030 nc
626 3971 766 4049 praelium
778 3975 905 4032 commit·

100 4076 178 4130 tatur
202 4066 308 4135 ullum,
328 4066 554 4145 praecipiemus,
575 4063 715 4142 quarudiu
736 4066 827 4124 nostri
846 4063 903 4124 Le·

101 4165 162 4237 gati
184 4181 250 4219 cum
270 4158 395 4233 Legatis
419 4156 565 4236 Stephani
588 4156 682 4234 Regis
703 4159 731 4216 in
758 4164 903 4221 conuentu

100 4259 200 4314 mutuo
221 4249 331 4328 aliquid
351 4256 430 4309 recte
452 4250 668 4319 constituerint,
687 4257 719 4309 ut
731 4272 767 4310 cx
780 4258 903 4330 utraque

100 4352 183 4428 praete
209 4341 314 4402 etlusio
334 4344 489 4418 sanguinis
501 4342 664 4402 Christiani
684 4354 796 4404 cesset.
819 4345 902 4405 lllisi-

98 4461 164 4501 mus
183 4442 280 4497 autem
300 4455 351 4514 per
371 4435 545 4495 Zachariam
565 4435 725 4507 Boltinum‚
744 4446 902 4518 antequam

99 4536 232 4612 Legatos
240 4535 363 4589 nostros
373 4529 567 4601 mitteremus,
589 4528 626 4588 ad
641 4529 828 4609 Stephanum
840 4530 899 4590 Re·

97 4650 162 4707 gcm
188 4624 254 4685 hilei
266 4621 400 4701 publicae
415 4621 537 4691 litteras,
555 4633 675 4703 propter
683 4622 817 4700 Legatos
834 4624 900 4684 Ste-

99 4719 197 4799 phaui,
222 4717 327 4794 Regis.
375 4714 422 4774 Tu
447 4716 555 4793 itaque,
576 4717 696 4790 Antoni,
712 4718 798 4797 juxta
818 4737 899 4796 prae.

97 4819 213 4892 ceptum
244 4808 402 4869 Pontiheis
427 4807 566 4877 blaximi,
597 4829 663 4870 cum
688 4809 812 4886 Legatis
832 4810 898 4870 Ste-

96 4906 188 4986 phani
208 4903 304 4980 Regis
324 4903 427 4962 venias
439 4902 477 4962 ad
489 4900 615 4961 eundem
627 4902 733 4974 locum,
745 4903 821 4963 iuter
832 4924 899 4978 nos,

96 5005 127 5059 et
146 4995 331 5078 Stephanum
351 4994 477 5074 Regem,
496 5015 563 5055 cum
584 4996 694 5055 nostris
707 4994 832 5074 Legatis
853 5019 899 5075 pa·

97 5114 161 5153 cem
188 5090 422 5169 compositurus:
441 5095 471 5148 ct
495 5089 619 5165 cogites,
640 5108 764 5168 quanam
785 5090 899 5150 ratione

96 5189 155 5249 tuis
174 5182 323 5251 consiliis,
346 5181 451 5243 cllusio
465 5182 621 5260 sanguinis
645 5181 803 5243 Christiani
825 5183 900 5244 iuter

704 181 924 246 ANTONIUS
946 180 1215 245 POSSEVlNUS

981 365 1037 404 uos
1051 346 1079 404 iu
1092 343 1315 405 Christianitate
1325 352 1438 411 cesset,
1452 360 1578 421 resque
1588 337 1632 399 ad
1646 357 1745 419 pacem
1754 338 1789 397 de·

980 436 1115 510 ducatur,
1126 444 1157 499 et
1168 438 1197 497 iu
1208 441 1357 519 posterum
1366 455 1492 516 quoquc
1502 434 1564 496 liat
1573 430 1748 492 inmobilis.
1757 434 1789 490 lc

979 532 1202 610 quamprimum
1216 535 1317 589 noster
1330 527 1510 607 prodronus
1519 546 1603 587 cnm
1620 521 1789 584 mastos

979 613 1789 705 publicaelitterisadRegenStepbanunreoerit,ilrr

979 737 1097 797 quoquc
1108 716 1281 797 Stephanus
1304 715 1429 776 eunden
1448 713 1678 796 prodeo-un,
1693 708 1787 770 litters

978 829 1046 870 cum
1056 812 1194 892 publicae
1203 810 1270 871 lidei
1285 830 1338 891 pro
1349 808 1479 889 Legatis
1498 807 1640 877 mistris,
1656 805 1783 884 qua-pri

980 896 1786 986 mumremittatquaslitterrsnostrisoqucnturlargsl

978 1001 1010 1057 et
1034 1016 1099 1058 curu
1126 997 1273 1076 Stephani
1300 994 1395 1073 Regis
1424 994 1585 1074 Legatis‚
1620 1012 1662 1054 ae
1693 992 1786 1051 nostri.

979 1090 1056 1151 inter
1079 1089 1255 1152 Porcuriam
1282 1094 1313 1150 ct
1330 1087 1541 1157 Zavolocian‚
1568 1105 1738 1147 wncums
1752 1084 1784 1141 bi

980 1182 1056 1253 deu,
1071 1184 1192 1263 negotia
1205 1184 1290 1264 pacis
1309 1186 1502 1252 tractaturus,
1515 1188 1554 1241 et
1579 1181 1785 1242 consumens

978 1276 1091 1341 interim
1121 1278 1212 1337 nostri
1239 1274 1345 1353 Legati
1370 1295 1436 1334 curu
1458 1279 1579 1334 nostra
1601 1275 1785 1334 instructiore.

978 1378 1009 1427 ct
1029 1369 1116 1449 plena
1140 1370 1361 1451 praeceptione,
1386 1373 1459 1428 cunt
1479 1368 1639 1427 celeriter
1657 1366 1784 1444 Noregar-

977 1460 1067 1528 diam.
1086 1464 1267 1541 expectaturi
1291 1460 1504 1540 Norogardiae
1525 1461 1694 1541 Stephani
1713 1460 1785 1523 Resi-

976 1554 1089 1616 litteras
1110 1576 1234 1634 passus:
1257 1556 1370 1616 litteras
1390 1561 1491 1615 auten
1512 1553 1673 1615 liticines
1691 1552 1784 1635 prta

975 1654 1061 1726 gatos
1082 1655 1200 1710 nostros
1219 1651 1370 1719 mittimus,
1388 1654 1422 1707 ut
1442 1649 1580 1718 sciatur,
1604 1668 1656 1717 ca,
1677 1648 1782 1728 quaein

977 1754 1125 1803 conventu
1146 1742 1197 1802 illo
1208 1744 1322 1820 egerint
1332 1741 1438 1819 Legati
1449 1741 1567 1812 nestri,
1590 1760 1663 1801 cu·
1680 1741 1782 1816 cogas

976 1834 1122 1917 Stephani
1143 1835 1248 1914 Regis,
1268 1854 1339 1895 osse
1361 1833 1527 1893 uoluntatis
1550 1840 1694 1895 nomme.
1733 1834 1780 1892 Str-

974 1927 1092 2010 phanus
1112 1950 1230 2011 quoque
1250 1928 1319 1989 Rex
1338 1927 1463 2005 Legatis
1484 1927 1560 1986 suis
1588 1927 1713 1988 sinaites
1730 1926 1780 1985 tm

972 2021 1088 2083 litteras
1108 2023 1219 2095 tradat,
1239 2022 1349 2102 quihus
1368 2021 1489 2099 liqueat,
1511 2041 1567 2091 ea,
1590 2021 1780 2101 quaccgcrid

971 2114 1077 2194 Legati
1097 2119 1174 2199 ejus,
1204 2135 1271 2176 cum
1301 2114 1426 2193 Legatis
1464 2115 1613 2185 uostris,
1645 2134 1721 2175 esse
1745 2134 1773 2171 r·

971 2208 1094 2270 luntatis
1125 2209 1272 2290 Stephani
1292 2208 1404 2286 Regis:
1442 2212 1476 2267 ut
1517 2212 1555 2267 ct
1600 2208 1728 2275 nestris,
1759 2214 1779 2262 ct

972 2301 1120 2383 Stephani
1161 2303 1257 2381 Regis
1293 2301 1418 2380 Legatis
1454 2306 1574 2371 tecum,
1617 2303 1673 2381 qui
1702 2300 1779 2376 Lege

970 2387 1022 2439 tus
1041 2399 1077 2440 cs
1097 2381 1260 2449 Pontificis,
1279 2379 1309 2439 in
1329 2383 1478 2438 conventu
1497 2377 1570 2450 ille,
1593 2379 1636 2440 dc
1656 2379 1780 2437 enatus

971 2473 1098 2551 negotiis
1116 2480 1259 2543 statuere,
1279 2480 1310 2532 et
1320 2471 1491 2532 contiruarc
1513 2470 1626 2542 liceat,
1644 2474 1778 2553 quainter

973 2585 1029 2626 nos
1053 2566 1082 2624 in
1109 2578 1259 2646 posterum
1291 2567 1385 2636 firma,
1415 2563 1549 2625 fraterna
1580 2567 1730 2637 amicitia,
1754 2576 1776 2621 et

970 2660 1102 2720 societas
1117 2679 1183 2719 cum
1210 2659 1364 2739 Stephano
1386 2658 1474 2734 Rege
1487 2659 1673 2721 stabiliatur
1691 2659 1775 2717 inmo·

972 2751 1076 2812 biliter.
1115 2752 1251 2833 Scriptae
1291 2753 1320 2811 in
1346 2750 1471 2830 lmperio
1504 2759 1636 2828 uestro,
1668 2753 1698 2811 iu
1722 2749 1776 2808 aula

970 2844 1180 2918 Slobodiensi,
1220 2866 1297 2905 auno
1327 2844 1412 2904 7090.
1476 2842 1610 2906 lllensis
1644 2845 1773 2905 Octobris

970 2938 1018 2999 dic
1040 2940 1089 3002 23.

1077 3172 1323 3248 Jonnmr
1374 3170 1656 3267 uastam,

1102 3333 1230 3378 MAGNO
1270 3330 1487 3378 mascusius
1528 3333 1633 3385 DBCh

1141 3456 1597 3505 ANTONlUSPOSSEVlNUS.

1042 3598 1114 3660 illisi
1131 3599 1291 3661 Serenitati
1314 3604 1396 3671 tuae,
1417 3618 1485 3658 cum
1504 3600 1639 3679 primum
1658 3598 1698 3657 ad
1711 3600 1769 3656 Ste-

965 3689 1098 3771 phanum
1111 3693 1223 3772 Regem
1237 3693 1370 3771 perroui‚
1390 3690 1541 3752 Arrdrearrr
1559 3692 1770 3774 Appollonius

966 3791 1106 3858 uostrum,
1128 3807 1194 3848 curu
1206 3787 1310 3846 litteris
1332 3785 1415 3857 meis,
1435 3785 1545 3863 quibus
1559 3786 1763 3863 significabas

964 3890 1145 3959 quantopere
1154 3881 1216 3940 tuis
1237 3879 1399 3938 rationibus
1411 3877 1608 3939 consulturus
1629 3878 1770 3945 csseasi

963 3991 1052 4049 quam
1072 3974 1215 4033 citissime
1227 3971 1265 4032 ad
1285 3973 1451 4053 propiorem
1470 3969 1586 4041 locum,
1607 3991 1697 4049 quan
1715 3970 1768 4030 blo

963 4086 1035 4124 seua
1054 4067 1104 4143 sit,
1124 4066 1258 4144 Legatos
1279 4066 1412 4123 mitteres
1433 4072 1512 4122 tuos.
1547 4061 1652 4133 Quem
1674 4063 1714 4124 ad
1735 4064 1766 4120 ln-

963 4180 1027 4219 cum
1059 4160 1159 4220 darem
1189 4178 1307 4238 operam
1335 4156 1503 4234 diligenter,
1532 4160 1564 4213 ut
1594 4177 1675 4216 suos
1706 4159 1765 4215 item

962 4251 1096 4330 Legatos
1123 4250 1297 4332 Stephanus
1318 4250 1382 4310 llcx
1404 4252 1546 4309 mitteret:
1568 4270 1641 4309 curn
1662 4252 1766 4329 quinne

961 4346 1098 4405 omnihus
1122 4346 1187 4424 ipsc
1214 4365 1348 4423 «puroque,
1378 4343 1446 4402 lleu
1470 4345 1615 4424 jurante,
1630 4343 1669 4404 ad
1692 4344 1765 4423 pacis

959 4440 1162 4500 tractationem
1182 4437 1393 4498 absolvendam
1407 4436 1607 4495 conventren.
1650 4436 1755 4497 h'eruu

960 4534 1098 4611 quoniam
1124 4531 1285 4611 pollicebar
1309 4532 1397 4590 etiam
1418 4529 1600 4589 Serenitatis
1621 4538 1704 4599 tuae,
1723 4552 1761 4588 ιι·

959 4646 1046 4704 quam
1067 4625 1189 4704 primum
1209 4624 1320 4703 aliquid
1332 4623 1469 4703 responsi
1479 4644 1497 4680 a
1508 4623 1670 4702 Stephano
1684 4625 1761 4699 Rege

958 4718 1067 4778 elicere
1094 4718 1271 4795 potuissem,
1296 4717 1335 4777 ad
1355 4739 1400 4788 ea,
1420 4736 1497 4796 (puae
1516 4716 1589 4775 nrihi
1611 4720 1643 4777 iu
1664 4720 1760 4778 itinere

958 4810 996 4871 ad
1021 4813 1088 4893 ejus
1113 4810 1268 4892 epistolam
1290 4811 1478 4890 rescripsisti,
1499 4808 1588 4869 idad
1609 4824 1643 4872 te
1665 4814 1761 4872 nisu·

956 4925 1036 4966 rum:
1056 4905 1217 4964 litterarum
1227 4910 1324 4965 autem
1344 4902 1501 4963 earundem
1521 4902 1651 4964 alterum
1673 4922 1762 4964 ere·-

957 4999 1021 5078 plar
1051 4997 1217 5058 statuebam
1248 4997 1285 5058 ad
1311 5003 1341 5057 te
1367 4998 1496 5066 mittere,
1522 5016 1602 5073 ‹puas
1631 5015 1687 5075 per
1707 4999 1760 5058 alu-

957 5090 1055 5150 dream
1067 5089 1257 5170 Apollonium
1277 5092 1352 5162 misi,
1372 5096 1404 5149 ut
1423 5092 1449 5149 si
1471 5088 1539 5168 quid
1552 5089 1606 5161 illi,
1630 5092 1678 5152 ccl
1690 5095 1760 5152 inter

957 5184 1077 5245 militum
1085 5185 1288 5255 excursiones,
1300 5186 1348 5244 uel
1358 5186 1387 5244 in
1399 5184 1625 5262 reliquoitincre
1638 5185 1758 5247 accidis·
