3734 5610
547 219 676 283 VITAE
697 218 879 282 testinis
900 217 1118 292 BASlLlDlS,
1138 219 1262 284 LlBER
1281 217 1320 281 ll.

100 394 244 465 tyrannus
264 383 569 459 siveiurorecaecus,
590 382 793 444 sivebarbara
806 386 905 443 imma·
966 379 1168 443 vehementius
1193 386 1280 444 novis
1301 388 1330 443 et
1349 385 1590 463 exquisitissimis
1609 389 1765 447 tormentis

99 480 192 539 nitate
206 475 324 552 ductus,
344 478 410 536 sive
426 473 494 536 odio
509 479 609 555 gentis
622 476 820 538 Germanicae
840 475 907 536 effe·
966 471 1032 534 illas
1053 474 1254 555 oppugnabat.
1304 473 1379 536 Cum
1405 472 1513 535 lesum
1542 479 1572 537 in
1607 477 1763 559 suppliciis

97 578 190 641 ratus,
212 572 241 628 in
260 572 464 650 promiscuam
483 568 671 629 imbecillium
687 568 903 629 multitudinem
964 563 1095 641 laridari,
1113 576 1241 629 etsuum
1260 587 1367 628 stamen
1379 566 1501 627 lacerari
1513 566 1646 643 audiret;
1665 570 1766 650 lingua

98 663 306 742 grassabatur,
337 672 369 722 et
393 665 478 742 quasi
500 659 720 742 jucundissimo
740 661 904 741 voluptatis
963 658 1031 720 illas
1057 663 1197 741 privavit,
1222 679 1281 741 qua
1307 658 1411 721 evulsa
1437 661 1554 742 puellae
1575 665 1642 743 ipsa
1667 672 1765 726 mente

97 775 191 816 sensu
212 753 364 828 frueretur,
385 775 451 815 cnm
470 754 562 816 lvano
588 763 620 814 ct
637 752 815 814 Pboedrone
835 751 904 814 filiis
963 751 1072 814 clarius
1084 774 1150 814 cum
1163 754 1228 815 Deo
1242 754 1360 815 locutae
1386 759 1466 823 suunt,
1487 760 1518 812 et
1538 755 1645 833 spiritu
1656 764 1765 831 tamen,

97 846 260 923 (loannem
288 856 319 908 et
346 845 536 908 Theodorum
567 867 623 908 nos
651 846 809 921 vocamus)
839 853 903 906 toto
962 848 1012 924 qui
1034 866 1070 906 ex
1090 846 1173 907 vultu
1193 854 1224 906 et
1245 845 1340 906 oculis
1360 843 1517 916 emicabat,
1530 847 1686 908 immanem
1705 848 1763 910 Ba-

98 937 147 1000 die
173 937 308 1000 caedium
335 948 489 1021 spectator
508 949 587 1001 crat:
618 961 653 1000 ex
681 939 789 1020 quibus
809 940 904 998 minor
961 934 1060 996 silidis
1080 939 1260 1019 impietatem
1284 936 1416 999 refutare
1437 939 1521 997 visae
1542 946 1629 999 sunt:
1651 943 1699 1020 qni
1725 938 1764 1001 ad

97 1040 178 1108 natu,
199 1036 248 1112 qui
268 1054 346 1094 inune
362 1054 459 1093 rorum
473 1036 592 1114 potitur,
612 1032 659 1093 rel
671 1036 713 1093 rei
726 1031 902 1111 indignitate
961 1038 1142 1110 postremum
1179 1050 1231 1092 eas
1263 1028 1462 1092 candentibus
1499 1030 1629 1093 verubus
1669 1040 1765 1095 barsa-
1861 1104 1866 1113 ⁸

99 1132 206 1200 motus,
226 1126 274 1186 rel
296 1129 384 1188 etiam
405 1129 661 1188 commiseratione
682 1125 859 1205 plorantium
871 1131 903 1185 et
960 1120 1036 1194 fixit,
1056 1124 1141 1203 quasi
1162 1142 1262 1186 earum
1281 1126 1442 1184 viventium
1465 1126 1599 1185 cruciatu
1620 1127 1762 1188 satiatus.

97 1221 274 1295 gementium
291 1216 448 1291 adductus,
468 1238 534 1278 cnm
555 1216 662 1281 lllilrita
678 1217 902 1292 Romanosicio,
960 1213 1075 1277 Postea
1087 1236 1143 1277 nec
1162 1216 1238 1296 ipsis
1260 1224 1437 1277 mortuarum
1448 1213 1646 1279 cadaveribus
1658 1237 1762 1298 peper·

97 1312 256 1390 precipuae
282 1310 447 1371 nobilitatis
478 1314 541 1371 viro
568 1314 598 1370 in
629 1310 732 1370 urbem
760 1327 899 1369 reversus
961 1310 1011 1367 cit.
1051 1308 1203 1369 Extrrrctis
1230 1313 1307 1370 enirn
1332 1308 1502 1388 ingentibus
1523 1311 1615 1388 rogis,
1639 1312 1707 1390 igne
1727 1329 1763 1371 ea

96 1399 210 1463 crudeli
247 1403 422 1484 spectaculo
452 1403 605 1464 abstinuit.
664 1400 801 1473 Quadam
829 1421 900 1461 vcro
959 1398 1135 1474 combussit,
1166 1399 1368 1482 collectosque
1388 1403 1504 1465 cineres
1532 1403 1563 1461 in
1594 1400 1763 1482 Neglinnae

97 1495 268 1556 Germanici
288 1499 445 1575 sanguinis
465 1496 599 1577 puellae,
619 1497 743 1555 eximiae
762 1502 900 1556 venrrsta-
959 1492 1206 1575 alveumsparsit,
1227 1493 1434 1557 etceterosad
1454 1515 1543 1556 unum
1564 1498 1762 1576 omnesjugu·

99 1589 156 1662 tis,
187 1607 255 1647 cum
285 1588 390 1650 codem
418 1589 568 1670 supplicio
593 1585 768 1648 afficiendae
787 1595 901 1663 essent,
958 1585 1054 1647 lantes
1073 1594 1164 1667 ponte
1176 1590 1393 1667 praecipitavit.
1427 1586 1542 1649 Videre
1555 1590 1760 1650 tuucsiriuxo·

95 1683 231 1760 quamvis
257 1702 393 1761 magnam
425 1684 569 1762 pecuniae
599 1700 742 1741 summam
772 1699 828 1760 pro
855 1700 900 1740 re·
960 1676 1284 1751 rumsuarumcaedes,
1294 1680 1760 1755 uxoreaviromm,inlantesma·

95 1770 245 1833 damtione
278 1775 393 1836 illarum
420 1774 504 1834 multi
533 1776 587 1833 viri
621 1773 737 1834 nobiles
766 1773 899 1848 offerent,
959 1779 1051 1842 uum,
1065 1777 1095 1832 et
1107 1780 1217 1833 matres
1230 1771 1417 1853 parvulorum
1427 1793 1547 1834 suorum
1557 1771 1662 1835 lunera
1671 1772 1763 1835 delle

95 1876 125 1926 et
145 1874 289 1944 tyrannus
309 1867 418 1946 alioqui
439 1875 523 1928 esset
542 1869 751 1938 avarissimum
773 1884 832 1925 non
848 1884 899 1945 po·
958 1884 1037 1927 vere.
1059 1865 1205 1929 lacerata
1218 1864 1401 1927 autemierro
1413 1864 1761 1946 corporalleglinnallu·

93 1968 177 2020 tuere
196 1967 294 2021 tamen
314 1968 344 2020 in
366 1959 531 2020 libertatem
542 1956 695 2020 uindicari.
734 1959 797 2020 liae
810 1960 900 2037 igitur
958 1958 1024 2019 vius
1043 1959 1201 2038 impatiens
1222 1960 1296 2019 tanti
1316 1961 1416 2021 ouans
1436 1961 1598 2020 cruentatis
1611 1961 1699 2039 aquis
1712 1980 1761 2021 ve·

96 2070 205 2131 preces
233 2056 263 2113 in
296 2053 368 2112 iram
402 2060 612 2113 convertentes
640 2053 703 2132 jam
741 2052 899 2111 immanem
962 2048 1034 2111 bere
1059 2058 1183 2111 coactus
1209 2057 1267 2111 est.
1313 2049 1401 2128 Quae
1421 2053 1520 2112 omnia
1541 2047 1645 2115 auditu
1671 2053 1760 2114 etiam

93 2143 311 2218 truculentiam,
334 2147 395 2223 jam
412 2146 466 2224 jus
486 2143 558 2204 belli
578 2143 733 2215 violatum,
750 2145 813 2223 jam
834 2163 898 2223 per·
957 2140 1153 2205 intolerabilia
1164 2141 1298 2203 bisonas
1311 2145 1394 2223 passi
1413 2150 1495 2215 suut,
1512 2142 1620 2224 quibus
1633 2146 1760 2207 vicinam

93 2234 210 2311 fidiam,
244 2245 275 2297 et
300 2243 444 2317 superata
465 2238 593 2296 omnium
613 2236 762 2298 bominum
782 2236 898 2297 scelera
956 2234 1296 2314 Litbuanorumgentem
1306 2235 1396 2297 simili
1406 2235 1495 2318 plane
1505 2233 1759 2316 audaciaaggrcs·

93 2330 219 2409 principi
247 2328 374 2389 barbaro
394 2328 627 2409 exprobrabant,
648 2329 838 2410 implorantes
858 2331 897 2390 si·
958 2330 1013 2390 sis.
1036 2325 1644 2408 sigismundumAugustumetlleuricum
1655 2329 1758 2411 Reges

93 2420 153 2481 mul
173 2421 336 2482 coelestem
352 2424 509 2501 justitiam,
529 2431 562 2484 ut
581 2421 670 2503 hujus
690 2430 750 2482 tam
772 2421 896 2482 scelesti
957 2423 1124 2494 contemsit,
1143 2421 1385 2501 illommlegatos
1399 2419 1527 2483 ludibrio
1545 2421 1665 2485 babitos
1684 2426 1759 2486 into·

93 2514 235 2575 facinoris
264 2518 342 2575 viter
370 2534 441 2575 esse
470 2514 571 2576 vellet.
623 2512 741 2587 Quibus
771 2514 896 2576 vocibus
956 2513 1129 2577 lerabilibus
1142 2515 1379 2595 injuriisaffecitt
1392 2511 1758 2578 inbrrlbusVitebsceusi-

92 2605 245 2668 Basilides
265 2610 352 2688 quasi
377 2610 407 2667 in
433 2627 540 2668 novum
571 2607 698 2669 furorem
731 2627 896 2669 conversus
955 2607 1065 2684 bus,in
1084 2610 1152 2689 ipsa
1172 2606 1277 2687 Magni
1296 2608 1432 2671 numme
1449 2607 1628 2671 Litbuaniae
1644 2607 1758 2671 ditione

93 2703 241 2762 cruciatus
273 2701 303 2760 in
335 2700 403 2762 illos
424 2699 505 2761 diros
537 2703 702 2779 excogitat,
722 2708 753 2761 et
769 2702 895 2781 primum
954 2700 1207 2783 propugnaculum
1215 2699 1425 2775 collocavitac
1432 2701 1758 2780 persuosreimilitaris

90 2792 224 2873 reliquos
255 2814 358 2855 omnes
391 2796 527 2874 captivos
562 2793 592 2851 in
625 2793 740 2854 illarum
773 2811 898 2873 conspe·
955 2791 1123 2874 praefectos
1142 2791 1202 2851 illis
1221 2791 1309 2851 etiarn
1330 2790 1406 2852 locis
1425 2792 1527 2870 regios
1548 2791 1756 2855 subditostru-

91 2897 142 2946 ctu
168 2889 273 2965 partim
299 2885 510 2963 submergere,
542 2887 649 2965 partim
678 2887 835 2945 tormentis
855 2882 897 2945 di·
955 2884 1065 2946 eidavit
1084 2884 1169 2954 alios,
1188 2883 1266 2945 alios
1286 2879 1492 2944 crudelissime
1512 2880 1643 2964 diripuit,
1663 2887 1757 2946 utin·

93 2978 207 3038 laerare
222 2977 320 3058 jubet,
341 2996 417 3057 quos
437 2979 533 3057 ipsae,
554 2984 587 3037 ut
606 2975 782 3057 suppliciam
805 2976 896 3037 liben-
955 2979 1040 3040 terim
1065 2976 1218 3038 Polociem
1245 2984 1414 3050 taceamus,
1443 2994 1531 3056 quam
1551 2974 1756 3056 sigismundo,

88 3081 136 3132 ter
147 3090 201 3150 pro
221 3070 318 3150 gloria
337 3068 448 3131 Christi
469 3068 613 3144 subirent,
632 3067 733 3129 verbis
746 3072 896 3148 magnani-

90 3166 148 3224 mis
168 3160 411 3226 exhortabantur.
455 3161 530 3223 Mox
555 3161 710 3223 carnifices
730 3161 893 3243 puellarum

90 3260 291 3319 innocentium
316 3275 419 3324 manus
445 3262 535 3336 atque
559 3252 656 3337 pedes
675 3252 793 3315 duobus
812 3274 894 3316 asse·

88 3349 172 3411 ribus
192 3349 282 3412 libula
301 3349 479 3430 conjunctis,
500 3356 589 3430 atque
609 3344 895 3427 disclusisalligant,

90 3452 121 3504 at
140 3443 208 3503 illas
227 3442 402 3503 uerberibus
429 3440 599 3503 concidunt:
622 3448 653 3502 et
670 3439 798 3519 ungulas
817 3440 894 3502 evel-

90 3534 164 3608 lunt,
186 3543 275 3613 atque
294 3543 328 3594 ut
347 3531 458 3595 botius
479 3540 702 3613 torquerentur,
720 3533 763 3593 ita
784 3553 893 3613 corpus

89 3625 230 3706 paulatim
251 3634 390 3705 carpunt,
410 3634 444 3686 ut
463 3646 523 3685 non
543 3623 651 3685 sceleri
672 3632 766 3685 morte
786 3622 892 3687 dolori·

89 3718 147 3780 bus
174 3716 377 3778 acerbissimis
401 3716 470 3777 tinis
502 3720 711 3797 imponeretur.
764 3716 894 3777 bliserae

88 3812 206 3873 interim
226 3829 341 3871 omnem
362 3829 380 3870 a
400 3829 525 3889 corpore
546 3805 894 3869 doloremnominelcsu

90 3906 212 3984 saepius
243 3905 381 3964 invocato
413 3899 620 3983 depellebant,
651 3909 683 3962 et
712 3899 753 3960 illi
780 3904 892 3979 gratius

89 3995 230 4076 agebant,
250 3993 330 4076 quod
349 4003 433 4056 tanta
452 3993 605 4076 patientia,
623 4000 707 4055 tanta
726 3989 823 4054 adbuc
835 4000 893 4054 tor·

88 4096 189 4151 nrenta
214 4091 274 4170 pati
300 4092 485 4171 potuissent;
514 4107 571 4148 nec
595 4094 711 4147 tantum
736 4085 892 4167 suppliciis

91 4180 331 4252 delectabantur,
356 4201 457 4243 verum
485 4189 516 4242 et
539 4178 727 4261 supplicibus
752 4178 892 4241 verbine

88 4291 202 4335 summo
222 4292 319 4334 renuo
338 4282 423 4355 patre
443 4271 619 4335 delictorum
642 4275 759 4335 veniam
785 4291 890 4354 posce·

87 4367 175 4430 bant:
196 4374 322 4445 tyranno
341 4368 449 4428 iterum
469 4372 559 4447 atque
578 4369 685 4427 iterum
705 4361 891 4426 crudelitatis

88 4455 237 4521 borridum
259 4457 400 4532 habitum,
425 4459 622 4521 truculentam
643 4456 759 4529 ladem
781 4457 891 4519 violen-

88 4563 136 4615 tos
157 4554 293 4635 spiritus,
314 4570 418 4611 voce!
438 4551 609 4624 terribilem,
629 4552 785 4630 omniaque
804 4551 893 4612 minis

88 4655 119 4707 et
137 4647 272 4706 cruentis
292 4646 434 4726 imperiis,
453 4642 563 4705 reierta
581 4644 661 4705 illius
672 4642 890 4723 acteobjicieu·

89 4748 146 4799 tes.
192 4738 254 4816 Qui
281 4757 317 4799 ea
342 4739 486 4816 uirginum
506 4739 675 4797 constantia
700 4735 891 4817 perturbatus

90 4828 179 4889 multo
209 4830 347 4910 graviora
377 4832 476 4890 animo
507 4827 654 4910 supplicia
690 4827 889 4908 praelerebat.

89 4916 157 4978 Non
181 4932 297 5001 poterat
323 4927 400 4984 enim
424 4923 502 5004 pati,
531 4939 634 4981 omnes
661 4938 735 4981 suos
755 4930 890 4991 conatus,

89 5029 164 5091 quos
184 5010 224 5074 ad
242 5015 357 5077 illarum
378 5019 515 5077 uirtutem
524 5021 555 5074 et
564 5014 738 5094 patientiam
755 5012 890 5091 trangon·

89 5102 157 5164 dam
168 5117 397 5186 comparaverat,
417 5106 456 5170 ad
477 5106 597 5169 nibilum
608 5103 766 5167 recidisse.
799 5107 891 5185 igitur

88 5215 147 5279 «quo
157 5202 393 5267 ‚meranensis
405 5200 549 5282 patientia
565 5196 788 5282 permanebant,
807 5207 890 5261 tanto

954 3074 1002 3133 cui
1022 3091 1075 3153 per
1096 3070 1211 3133 litteras
1232 3070 1316 3152 pacis
1336 3065 1474 3131 fiduciam
1493 3068 1643 3143 attulerat,
1665 3072 1757 3132 scele-

952 3164 1102 3227 ratissime
1121 3165 1238 3244 eripuit,
1257 3169 1430 3240 tantumque
1449 3163 1505 3223 toti
1527 3160 1687 3243 aliquando
1706 3164 1756 3227 Li·

952 3256 1092 3320 tbuaniae
1115 3264 1258 3319 umorem
1278 3254 1420 3329 incussit,
1439 3262 1473 3317 ut
1493 3254 1575 3316 cives
1595 3257 1624 3314 in
1644 3258 1756 3337 praeci·

952 3353 1021 3432 puis
1036 3349 1161 3412 urbibus
1178 3351 1242 3429 jam
1262 3346 1362 3425 fugam
1381 3342 1603 3422 meditarentur,
1623 3357 1655 3410 et
1674 3347 1756 3431 quid·

952 3441 1022 3525 quid
1033 3443 1317 3525 pretiosissimarum
1337 3459 1434 3501 rerum
1448 3437 1528 3503 domi
1548 3439 1704 3519 baberent,
1723 3441 1755 3504 id

951 3539 982 3598 in
1004 3534 1162 3598 Prassiam
1180 3535 1431 3605 transmitterent,
1451 3554 1490 3596 ne
1516 3532 1556 3595 ab
1575 3532 1664 3596 hoste
1683 3554 1751 3597 ven·

950 3637 1017 3691 turo
1037 3629 1113 3691 lorte
1133 3629 1366 3706 interciperetur.
1409 3623 1473 3687 Sed
1495 3622 1533 3686 de
1552 3625 1696 3689 Polociae
1716 3633 1754 3691 si-

951 3729 983 3781 to
1015 3728 1046 3781 et
1076 3715 1279 3797 magnitudine
1312 3737 1410 3797 pauca
1445 3714 1590 3779 dicemus.
1652 3718 1756 3782 Distat

950 3812 1043 3873 Vilna
1068 3811 1280 3892 quinquaginta
1306 3806 1469 3870 miliaribus
1495 3809 1627 3887 magnis,
1646 3809 1754 3873 altissi-

951 3923 1064 3965 morum
1083 3903 1233 3964 fluminum
1252 3901 1361 3962 llunae
1380 3908 1411 3961 et
1429 3899 1568 3962 Polottae
1594 3905 1685 3965 variis
1705 3901 1754 3965 fle·

950 3995 1037 4059 ribus
1056 3995 1185 4070 alluitur,
1206 4000 1236 4055 et
1254 3996 1284 4053 in
1304 3989 1398 4053 arduo
1419 3992 1495 4053 clivo
1516 3994 1575 4055 sita
1602 4002 1664 4067 est3
1694 4015 1753 4057 mu·

950 4090 1002 4166 ris,
1022 4084 1263 4171 propugnaculis,
1282 4094 1314 4146 et
1332 4082 1494 4164 aggeribus
1513 4088 1613 4166 egregi
1624 4091 1754 4150 munita:

951 4180 1020 4243 olim
1050 4179 1124 4241 urbs
1157 4198 1232 4239 sane
1252 4177 1379 4239 maxima
1398 4175 1468 4252 tuit,
1495 4185 1527 4239 ct
1545 4199 1563 4241 a
1582 4178 1684 4243 multis
1702 4202 1752 4245 ua·

949 4271 1091 4348 tionibus,
1116 4278 1238 4353 propter
1263 4267 1422 4332 admodum
1451 4268 1570 4334 celebre
1591 4276 1752 4355 emporium

949 4366 1144 4446 frequentata.
1176 4362 1265 4423 Nunc
1284 4364 1314 4423 in
1334 4364 1489 4442 angustias
1508 4361 1631 4427 redacta
1645 4375 1702 4443 est,
1722 4378 1753 4428 ct

950 4479 1048 4522 arcem
1072 4466 1172 4520 mmen
1198 4456 1425 4517 munitissimam
1455 4455 1556 4519 babet.
1605 4457 1753 4520 Habitant

947 4556 1023 4615 inea
1036 4559 1155 4635 praeter
1174 4546 1346 4628 indigenas,
1365 4548 1500 4611 advenas
1519 4568 1606 4630 quam
1626 4550 1753 4630 plurimi,

948 4648 999 4728 qui
1018 4647 1171 4709 uvicims
1190 4641 1361 4721 regionibus
1382 4661 1419 4702 eo
1439 4649 1623 4701 recreaturus
1642 4641 1751 4703 lacien-

948 4737 1006 4801 dac
1026 4741 1120 4819 gratia
1141 4734 1354 4797 confluxerunt.
1400 4731 1511 4793 Libera
1539 4732 1700 4813 quinetiam
1721 4745 1751 4796 et

948 4827 1171 4910 magistratibus
1189 4823 1348 4906 aliquando
1375 4824 1515 4902 legitimis
1540 4822 1661 4886 subdita
1686 4823 1751 4897 luit,

948 4926 978 4984 in
998 4921 1162 5003 patrocinio
1181 4927 1281 4981 nmen
1308 4916 1466 4979 Sarmatici
1489 4916 1584 4996 Regis
1604 4916 1701 4994 latuit,
1720 4927 1752 4979 et

947 5013 1028 5075 illiue
1056 5018 1182 5093 partes,
1213 5010 1264 5071 ubi
1285 5009 1393 5070 bellun
1416 5007 1537 5091 aliquod
1556 5016 1666 5071 motum
1692 5019 1749 5085 est,

947 5110 1013 5169 sino
1044 5106 1235 5167 excusatione
1266 5110 1371 5165 secuta
1405 5101 1470 5165 fuit.
1525 5101 1611 5165 llsuc
1645 5100 1748 5163 urbem

948 5195 1101 5263 Basilides
1126 5214 1234 5277 capere
1260 5193 1449 5258 vehementer
1473 5192 1626 5279 cupiebat,
1655 5195 1750 5273 ipsius
