3742 5626
133 162 193 221 28⁰
694 158 917 225 ANTONIUS
936 156 1206 225 Possumus·

142 342 196 385 css
215 342 293 405 peue
312 321 453 393 invisunt,
471 324 529 383 nisi
550 340 608 403 quo
628 330 771 404 tempore,
784 322 948 388 Paschatis
1004 322 1170 385 cuculorum
1189 330 1386 405 patratorem:
1415 342 1501 405 quem
1521 340 1586 382 uon
1607 316 1696 381 adeo
1716 320 1803 381 colret

143 436 265 497 nempe,
294 413 513 479 Eucharistiam
542 424 672 477 sumunt.
712 416 949 479 Concionatores
1004 424 1039 477 ut
1056 416 1105 477 vel
1124 414 1245 479 Christo
1258 414 1387 479 Domino
1406 425 1547 497 aequent,
1565 413 1620 475 vel
1641 410 1804 473 Sanum

144 528 204 569 non
224 506 350 579 hahent;
380 506 437 569 sed
455 515 584 580 mutum,
613 530 689 589 quas
708 508 852 581 diximus,
870 511 949 569 uitas
1005 512 1162 571 maximin
1174 514 1352 583 existiment,
1371 512 1429 571 uisi
1442 511 1519 591 quie,
1543 510 1652 568 minus
1673 508 1805 567 veritates

145 602 325 675 Sanctorum
344 600 392 660 rel
411 620 528 673 eorum,
559 612 640 681 quos·
654 622 709 683 pro
728 606 844 665 sanctis
863 620 949 663 vene·
1006 599 1150 675 edoctus,
1182 607 1212 663 in
1237 624 1274 665 ea
1298 624 1331 665 re
1351 610 1439 664 erret.
1461 599 1623 681 Obliquas
1648 594 1760 659 deiude
1775 600 1806 665 in

146 702 264 766 rantur,
283 700 373 775 atque
390 691 528 753 homiliae
548 702 662 775 partem
681 705 714 757 ut
733 694 809 769 dixi,
836 697 889 759 tex
908 693 949 755 l).
1008 696 1067 775 ipsi
1095 693 1212 767 dicunt)
1238 704 1269 757 et
1293 716 1400 757 curras
1425 694 1516 755 lenias
1545 702 1665 753 sextas
1685 690 1806 771 quaeda

146 788 322 868 praesertim
361 784 593 864 Chrysostomo)
625 808 644 848 a
672 787 768 869 Popis
796 791 864 848 suis
902 805 950 846 au·
1008 786 1135 861 habent,
1163 806 1240 867 ornas
1266 787 1420 851 Niedslela
1451 782 1635 865 Vsiejedna
1671 788 1807 847 uenient

147 876 241 941 diunt.
272 877 405 940 Orantes
424 887 522 951 stant,
547 878 753 962 interdumque
771 881 868 941 lronte
888 898 952 960 per·
1011 879 1119 961 quibus
1145 880 1338 961 designatur,
1368 887 1462 941 totam
1492 874 1734 939 hebdomadam
1763 898 1807 939 ese

147 974 263 1033 cutinnt
279 978 404 1032 terrm:
426 969 505 1051 quod
523 972 583 1033 illis
602 992 719 1055 (puroque
736 977 766 1034 in
786 970 953 1035 salrrtandis
1011 976 1098 1055 quasi
1124 974 1323 1035 Dominicam.
1360 970 1439 1035 Nam
1462 992 1482 1033 a
1506 969 1645 1031 llomini
1668 968 1808 1031 Nativitsr

147 1068 298 1147 primariis
316 1066 390 1124 viris
410 1062 580 1145 aliqnando,
602 1074 634 1127 ct
653 1068 682 1125 in
695 1066 884 1145 eleemosyna
903 1085 953 1145 pe·
1011 1084 1107 1146 usque
1119 1064 1160 1127 ad
1170 1066 1376 1148 Epiphaniam,
1395 1072 1427 1125 et
1445 1072 1515 1125 octo
1529 1070 1612 1145 post
1621 1060 1806 1125 Pacemne

147 1155 240 1220 tende
257 1156 392 1219 solemne
411 1166 469 1219 est
502 1156 641 1235 Quatuor
660 1157 804 1220 candelae
826 1157 866 1221 ad
885 1178 954 1239 qun·
1011 1180 1049 1220 ac
1069 1158 1245 1239 quibusdam
1262 1159 1340 1229 aliie,
1360 1159 1409 1240 quei
1419 1158 1574 1237 jejunium
1597 1152 1707 1235 (quod
1720 1160 1810 1239 ipsiu

147 1260 216 1313 tuor
235 1250 327 1313 louhs
353 1257 455 1329 partes
481 1270 629 1313 accensae
659 1262 829 1332 ponuntur,·
846 1250 954 1333 quibus
1012 1260 1084 1313 caut
1102 1250 1149 1315 St
1170 1251 1269 1330 Petri)
1289 1248 1484 1321 antecedunt,
1501 1254 1540 1311 ut
1562 1256 1598 1309 et
1618 1250 1683 1321 iis,
1709 1252 1759 1331 qui
1774 1270 1811 1311 ιι-

150 1338 260 1405 deinde
280 1344 427 1415 abactis,
437 1341 588 1425 baptisma
607 1342 764 1407 adhibetur
782 1342 955 1415 infantibus,
1012 1343 1373 1425 gnamQuadragesimam
1383 1360 1599 1425 praecessere,
1610 1340 1812 1411 earnesedn

148 1440 228 1497 tuna
249 1438 343 1497 totius
367 1438 503 1515 corporis
521 1440 678 1499 mersione.
699 1439 826 1519 Aegroti
845 1441 896 1499 vix
912 1435 955 1497 ul·
1014 1438 1182 1519 lentiusque
1200 1441 1313 1499 vivum.
1327 1434 1489 1515 Pervigilia
1505 1454 1588 1495 vero
1608 1434 1813 1512 (utCathohol

150 1526 210 1587 lnrn
229 1524 393 1589 remedium
406 1526 558 1603 adhihent,
570 1550 658 1611 quam
678 1531 726 1593 vel
746 1534 867 1593 cremati
885 1532 956 1602 vini,
1014 1550 1074 1593 nou
1085 1532 1205 1593 habeut.
1227 1528 1263 1591 Si
1277 1531 1343 1610 quis
1356 1527 1518 1609 proiectus,
1540 1528 1597 1590 rel
1608 1530 1815 1589 anniversarias

150 1619 199 1683 vel
219 1640 328 1703 aquae,
349 1622 379 1679 in
400 1640 487 1701 qnam
507 1621 686 1685 Sanctorum
705 1624 845 1705 reliquias
865 1626 955 1704 impe·
1014 1624 1136 1687 alterium
1161 1622 1370 1685 celebrationis
1395 1617 1462 1681 dies
1482 1623 1514 1683 in
1538 1618 1724 1683 Peccantis
1738 1620 1816 1681 incidit

151 1715 268 1775 suerint
286 1720 398 1794 potum,
426 1711 474 1773 rel
494 1733 599 1797 aquae,
619 1737 637 1777 a
656 1715 873 1779 Sacerdotibus
893 1734 956 1776 ora·
1016 1714 1109 1789 diem,
1137 1736 1204 1777 enrn
1225 1718 1255 1775 in
1275 1714 1364 1775 alium
1384 1710 1465 1775 haud
1484 1712 1704 1775 transierunt.
1735 1712 1815 1779 llinis

151 1802 285 1867 tionibus
303 1803 520 1879 sanctificatae,
538 1812 759 1891 aspersionem
778 1808 827 1869 vel
847 1829 957 1869 nuncu·
1016 1828 1104 1881 meno,
1118 1808 1212 1869 semel
1224 1812 1254 1869 in
1273 1806 1323 1869 die
1333 1804 1528 1888 Epiphaniae,
1536 1810 1658 1869 iterum
1675 1818 1749 1871 aute
1763 1806 1815 1871 lte

151 1899 303 1981 potionem
320 1904 466 1973 rotomo,
488 1920 565 1981 quae
576 1902 747 1984 plerumque
757 1902 959 1967 beatissimae
1015 1904 1152 1965 tissimae
1171 1901 1307 1981 Virginis
1317 1900 1582 1980 Assumptionem,
1603 1898 1815 1963 benedicitlte

153 1990 282 2070 Virgini,
301 1992 377 2053 iisne
389 2012 466 2073 quos
480 1991 591 2055 babent
609 2016 663 2077 pro
674 2000 799 2068 senectia,
823 1996 959 2057 ollerunt.
1016 1994 1156 2075 tropolita
1176 1994 1285 2055 llomini
1304 1992 1458 2065 ltloscrae,
1478 1992 1530 2055 alii
1551 2012 1633 2055 vero
1651 1993 1815 2057 Sacerdos

153 2082 307 2147 Restituta
325 2083 511 2159 valetudine,
544 2090 689 2169 imagines
720 2108 837 2172 quoque
856 2108 959 2167 argon-
1017 2088 1085 2148 aliis
1100 2086 1279 2149 fluminibus.
1299 2084 1472 2147 lneomnlti
1494 2104 1614 2161 mares,
1627 2086 1815 2169 faenisecas

154 2185 221 2239 teas
246 2174 353 2241 iisdem
379 2177 516 2259 affigurat,
548 2181 773 2263 anitiquissimae
803 2181 960 2245 Ecclesiae
1017 2184 1094 2243 trina
1113 2183 1263 2243 mersione
1281 2181 1336 2241 toti
1356 2180 1584 2257 immerguntur.
1612 2178 1704 2263 Equi
1724 2184 1815 2243 hene

156 2288 267 2331 morem
286 2280 463 2345 seruantes,
483 2275 541 2335 uisi
567 2277 595 2334 in
616 2284 786 2337 saumonnn
806 2271 886 2355 apud
906 2292 960 2335 eos
1019 2277 1164 2355 imagines
1188 2276 1274 2355 qrrasi
1303 2271 1504 2353 baptizantur,
1534 2292 1578 2335 ac
1614 2274 1817 2356 propteresil

157 2360 340 2441 monendam
360 2368 577 2428 existimatione
597 2376 738 2430 emanent.
771 2364 962 2428 Moribundis
1020 2366 1219 2428 Chresczenie
1244 2386 1345 2427 corum
1369 2364 1486 2443 lingua,
1514 2362 1550 2425 id
1580 2374 1645 2439 est,
1676 2366 1816 2449 neptun·

157 2453 378 2517 Eucharistiam
404 2460 471 2519 sine
491 2458 609 2521 facibus
629 2460 894 2541 sternentemque
914 2480 961 2521 ex·
1020 2457 1138 2520 dicitur.
1150 2458 1210 2536 Qui
1231 2478 1307 2531 mos,
1326 2461 1391 2519 sive
1403 2460 1479 2518 ritus
1489 2456 1565 2519 licet
1577 2478 1646 2519 non
1658 2470 1819 2543 praecepte

158 2552 253 2609 trema
269 2550 410 2609 unctione
424 2553 577 2629 irrrrugnnt‚
596 2560 722 2633 peccata
741 2573 797 2613 sna
816 2554 962 2633 inprimis
1019 2554 1060 2612 sit
1080 2550 1226 2623 uentribus,
1247 2552 1348 2633 plures
1367 2558 1466 2613 tamn
1486 2570 1556 2611 eum
1571 2569 1613 2613 ex
1626 2552 1779 2633 religione
1789 2556 1820 2615 sio

159 2634 317 2701 sacerdoti
338 2640 532 2705 corilinrrtesz
560 2643 641 2727 prod
670 2654 702 2707 et
719 2644 847 2725 singulis
867 2647 964 2717 arenis,
1021 2652 1150 2717 servant,
1170 2652 1202 2705 nt
1221 2647 1337 2723 aegroti
1356 2662 1482 2724 quoque,
1503 2645 1558 2722 qui
1578 2644 1647 2705 sibi
1669 2666 1711 2707 ea
1730 2650 1822 2709 ration

160 2752 227 2793 eum
247 2732 362 2805 valent,
389 2743 478 2815 atque
498 2735 657 2819 aliquando
675 2742 815 2821 saepius,
840 2738 962 2801 laciunt
1022 2734 1177 2818 prrrtantad
1189 2735 1387 2799 valetudinem
1400 2734 1571 2809 consulere,
1590 2756 1721 2801 mommo
1734 2738 1823 2821 ingrh

161 2822 237 2887 Cum
260 2822 348 2887 funus
368 2826 496 2905 effertur,
516 2829 547 2891 id
565 2830 652 2913 Pupi,
691 2832 836 2913 laicique
857 2827 964 2894 cande·
1022 2830 1132 2893 effossa
1151 2830 1269 2911 glacie,
1288 2829 1493 2911 perforamen
1512 2830 1544 2889 in
1567 2850 1687 2914 aquam
1708 2828 1824 2895 dense

160 2916 200 2979 lis
220 2917 396 2999 quibusdam
416 2922 549 3003 parmulis
561 2923 745 2998 ardentibus,
767 2945 841 3006 qiras
860 2931 967 3004 gerunt
1022 2926 1196 2983 eximantur.
1223 2925 1267 2986 At
1291 2930 1323 2983 et
1348 2942 1413 2983 curn
1433 2940 1533 2983 uum
1555 2924 1590 2983 in
1612 2922 1702 2987 Alba
1719 2924 1827 2991 Roneis.

160 3012 192 3072 in
212 3012 357 3085 maenibus,
376 3026 603 3097 praecipiuntur,
626 3018 704 3079 neella
725 3018 839 3099 prelata
863 3038 967 3077 cruce:
1023 3016 1147 3077 relatum
1172 3024 1221 3076 est
1240 3014 1326 3087 milri,
1362 3019 1393 3075 in
1411 3035 1465 3087 ea,
1490 3034 1573 3093 quae
1594 3016 1704 3079 Rubra
1724 3016 1828 3083 dicitur.

163 3102 291 3181 imagine
312 3114 424 3166 tantum
447 3111 496 3190 pia
517 3108 662 3171 demortui
683 3114 797 3192 pectori
817 3110 967 3180 haerente,
1025 3130 1159 3190 praequm
1179 3112 1258 3181 item,
1278 3117 1311 3169 ut
1324 3106 1414 3181 Alba,
1435 3105 1586 3171 Poloniae
1605 3108 1687 3189 Regi
1713 3109 1829 3171 subdita

164 3198 213 3276 qni
232 3200 278 3257 sic
298 3197 469 3263 linteamine
489 3211 570 3263 totns
591 3202 767 3275 obvolnitnr,
787 3202 853 3264 sola
874 3212 906 3263 ut
925 3202 966 3263 la·
1026 3211 1082 3275 est,
1101 3202 1277 3263 Drohobicii
1297 3210 1418 3282 puteum
1437 3220 1509 3261 esse
1526 3220 1628 3283 aquae
1642 3202 1759 3273 salsae,
1779 3205 1827 3261 cui

164 3290 228 3349 cies
248 3295 329 3351 cerni
350 3297 457 3373 possit.
493 3294 575 3356 Nihil
602 3316 672 3358 vcro
698 3294 778 3357 aliud
798 3298 967 3367 concinnunt,
1026 3316 1092 3355 cum
1111 3294 1226 3355 solenni
1246 3294 1464 3375 supplicatione
1484 3290 1687 3366 Sacerdotes,
1704 3292 1759 3353 ubi
1778 3292 1830 3355 bc·

164 3390 283 3459 praeter
296 3384 367 3443 illud
379 3389 532 3464 trisagion,
547 3388 660 3449 Sancte
671 3389 772 3459 llerrs,
785 3387 899 3449 Sancte
910 3388 966 3448 lor·
1026 3386 1199 3459 nedixeriut,
1218 3408 1254 3448 ca
1273 3388 1412 3469 populum
1432 3396 1611 3468 aspergunt.
1627 3384 1711 3449 luter
1729 3384 1833 3449 Sacer·

164 3480 215 3549 tis,
235 3476 350 3535 Sancte
370 3484 400 3536 et
420 3478 603 3540 immortalis.
626 3481 700 3541 Cnnn
721 3490 820 3541 antem
840 3479 969 3541 cadaver
1026 3479 1114 3541 dotes
1135 3487 1233 3541 autern
1252 3488 1324 3541 serrat
1343 3480 1527 3561 Protupopi,
1549 3482 1642 3559 quasi
1662 3479 1833 3563 Archipres

164 3566 286 3630 marrdat
304 3569 492 3646 sepulturae,
523 3569 705 3646 Recordare,
735 3576 887 3655 inquiunt,
909 3574 969 3635 llo-
1026 3574 1131 3654 hyteri,
1151 3570 1418 3643 etArchidiuconi,
1438 3570 1546 3652 quibus
1569 3574 1675 3653 major
1693 3575 1834 3651 (stetin

165 3663 244 3723 rniuc
255 3666 371 3723 aninrae
384 3663 488 3743 hujus:
509 3686 546 3725 ac
559 3666 704 3745 quaedam
716 3671 746 3728 in
758 3686 825 3729 euin
837 3688 969 3740 sensum,
1027 3666 1104 3746 apud
1117 3688 1173 3727 nos
1184 3664 1232 3741 lit)
1250 3665 1346 3725 honor
1358 3662 1498 3725 delertur.
1520 3664 1568 3727 Ex
1581 3663 1634 3727 his
1645 3670 1753 3747 igitur,
1770 3688 1834 3749 quar

166 3778 203 3817 ex
225 3755 408 3817 Graecorum
435 3758 594 3835 Litnrgiis,
622 3768 674 3821 ant
698 3781 735 3821 ex
759 3759 798 3819 Ι).
821 3760 970 3841 Dionysio
1027 3761 1172 3821 hactenus
1193 3760 1249 3819 boc
1270 3762 1298 3818 in
1316 3761 1430 3830 itinere,
1450 3756 1497 3818 vel
1510 3761 1571 3840 ipsi
1583 3757 1735 3835 vidimus,
1753 3762 1834 3823 retu

166 3852 360 3931 Areopagita,
377 3848 468 3909 verbu
488 3850 649 3931 proferunt.
670 3852 821 3915 lllortuuur
835 3854 970 3917 osculan·
1027 3854 1145 3915 ltloscis
1165 3850 1340 3923 audivimus,
1360 3850 1483 3929 intelligi
1505 3858 1629 3933 potest,
1656 3864 1778 3935 quanto
1794 3854 1834 3918 lii

166 3952 232 4003 turs
257 3946 283 4003 si
305 3946 373 4023 operis
392 3952 490 4003 antero
510 3943 639 4005 nobilior
658 3950 788 4017 moritur,
808 3946 886 4005 berrae
905 3946 969 4007 llle-
1028 3949 1088 4006 viuri
1111 3946 1217 4017 cultus,
1238 3952 1269 4005 et
1279 3944 1436 4005 Ecclesiae
1456 3943 1535 4003 bono
1554 3942 1710 4021 luissent,
1730 3950 1834 4033 quibs

166 4036 315 4117 tropolita,
336 4038 444 4116 qrrieprc
462 4037 538 4097 alins
557 4036 647 4099 adest
665 4042 829 4099 incivitate
845 4042 969 4121 Episeo·
1029 4060 1129 4120 ropac,
1148 4046 1237 4119 atquae
1257 4038 1353 4097 Asiae
1371 4035 1447 4098 fines
1465 4039 1629 4115 attingunt,
1649 4044 1683 4101 si
1698 4040 1833 4105 Orthode

166 4149 233 4209 prus,
247 4132 438 4201 comitantur,
452 4150 605 4211 quousque
621 4135 650 4191 in
664 4133 845 4213 sepulturam
858 4134 970 4196 illatunr
1028 4152 1094 4193 narn
1118 4133 1201 4191 initio
1223 4127 1310 4189 fidem
1324 4128 1505 4193 harrsisscot.
1528 4130 1577 4190 rel
1598 4130 1687 4195 adeo
1701 4132 1833 4215 hodieque

166 4225 208 4281 sit
226 4220 362 4282 cadauer.
385 4222 524 4282 Ceterum
547 4222 585 4285 l).
608 4224 765 4285 Nicolaum
777 4225 881 4305 lllyrue
901 4228 970 4309 Epi·
1029 4225 1198 4285 haurirent:
1231 4222 1377 4283 Catholici
1403 4232 1455 4283 aut
1479 4222 1644 4304 Principes
1673 4226 1752 4290 huie.
1771 4234 1833 4309 genti

167 4334 292 4393 scopurn
312 4334 491 4396 magnopere
510 4325 702 4378 verrerantnr:
734 4339 820 4399 qurenr
842 4340 900 4380 non
921 4318 970 4381 de·
1029 4320 1198 4387 viciniores,
1219 4313 1344 4375 eandem
1365 4316 1447 4391 (cnm
1469 4314 1644 4378 lucileolinr
1657 4322 1834 4400 potuissent}

167 4409 279 4489 pictum
299 4414 427 4477 tautum,
457 4428 558 4468 verum
585 4414 674 4471 ctiam
708 4432 785 4491 pene
809 4420 902 4472 totum
923 4433 970 4473 ex·
1029 4414 1058 4471 io
1079 4432 1110 4469 re
1132 4410 1305 4471 Catholicae
1325 4409 1484 4486 religionis,
1504 4427 1595 4487 quam
1618 4410 1650 4473 bi
1668 4418 1835 4479 senatis

167 4500 316 4581 sculptum
336 4496 479 4571 uidimus,
500 4521 559 4561 reon
580 4504 682 4584 procul
700 4503 971 4583 Norogardiallla·
1030 4504 1217 4573 schismate,
1239 4503 1435 4562 constantiam
1456 4502 1559 4560 esuis
1579 4506 1718 4585 populis
1739 4508 1836 4571 narrari

167 4616 242 4675 gna3
261 4613 327 4660 eum
348 4594 427 4673 (quo
449 4595 478 4653 in
498 4592 565 4655 loco
584 4596 738 4675 religiose,
760 4600 910 4675 irnagone,
932 4618 971 4658 an
1030 4604 1252 4677 procurassent.
1276 4596 1424 4671 Qtrouiarn
1444 4592 1631 4657 verolllosci
1645 4600 1838 4667 abitantibus

168 4696 271 4752 statua
291 4686 355 4759 illa,
382 4695 447 4747 erat
467 4689 623 4768 expositu]
649 4688 791 4749 Moiracbi
811 4689 900 4749 roobis
920 4690 971 4771 ob·
1030 4697 1061 4749 ct
1081 4686 1231 4749 erroribus
1249 4685 1381 4767 impliciti
1401 4692 1479 4757 sient,
1499 4696 1665 4769 propterea
1691 4695 1739 4770 bi,
1760 4714 1839 4759 euna

167 4786 246 4845 viarn
264 4784 428 4851 vetuissent,
451 4782 480 4839 in
500 4782 593 4843 altera
613 4784 713 4862 patina
732 4802 839 4863 aquaem
852 4782 971 4845 henedi-
1031 4781 1175 4842 l’oloniac
1196 4778 1281 4857 Rege
1300 4777 1492 4857 adlllagnurn
1511 4778 1707 4849 Moscoriae
1728 4790 1841 4853 lineae

168 4886 255 4943 ctam,
276 4882 307 4934 et
327 4894 453 4945 enicem,
474 4876 503 4933 in
524 4875 616 4936 altera
635 4895 706 4934 vero
719 4896 835 4956 panem,
860 4896 897 4937 ac
915 4877 972 4949 sal,
1031 4894 1169 4935 reuersus
1185 4872 1277 4943 luero,
1300 4874 1346 4931 sic
1359 4892 1377 4930 a
1389 4890 1435 4933 me
1449 4872 1694 4954 perscriberetur,
1711 4892 1747 4945 ut
1758 4880 1841 4949 simet

167 4974 199 5025 nt
213 4966 320 5037 solent,
332 4966 500 5029 ollcrentcs.
522 4966 642 5028 Vocant
654 4977 752 5029 autern
765 4969 799 5028 S.
815 4968 971 5032 Nicolaum
1033 4966 1101 5049 quiid
1124 4969 1162 5026 iis
1179 4962 1343 5025 relntandis
1358 4962 1534 5043 responderi
1549 4972 1665 5046 possit,
1688 4976 1766 5039 ορ.)
1776 4978 1841 5055 2595.

170 5056 394 5127 thirdotvoretz,
416 5061 500 5139 qrrasi
515 5072 770 5137 enrupuroepyoe,
791 5061 820 5121 id
844 5072 900 5122 cst.
921 5068 970 5124 nni·
1032 5070 1125 5121 raone.
1146 5057 1294 5137 adjiciam.
