3742 5626
762 112 1034 186 counaurtmr.
1693 130 1729 187 or
1756 98 1762 105 ’

62 285 157 347 rande
176 288 321 345 tormento
342 281 510 359 diiigentiat
535 283 623 366 cujus
642 300 698 360 ego
719 285 866 365 jacturam
926 276 994 342 betti
1016 278 1123 350 aetate,
1143 281 1193 360 qut
1213 279 1358 350 curribus,
1377 279 1525 340 rabtcutis
1545 296 1583 340 ee
1601 284 1728 342 sarctnis

61 379 142 440 uitriti
165 378 250 443 tacio,
272 374 430 435 dummodo
450 374 587 436 bomines
606 375 676 434 mitri
703 376 866 456 supersint,
924 375 955 434 in
975 380 1105 434 castrum
1124 373 1341 452 confugiebant,
1361 377 1461 433 tantum
1475 375 1609 452 inportis
1622 375 1727 435 tumut-

61 473 113 551 qui
140 492 177 531 ca
206 469 329 529 tundere
354 469 452 548 iisque
486 471 528 528 uti
559 471 672 531 sciant.
708 471 866 529 Caeterum
924 473 974 528 tus
995 468 1135 536 oboritur,
1154 472 1186 526 ut
1211 467 1299 527 nimia
1325 465 1516 527 testinatione
1541 487 1576 527 se
1603 468 1727 528 invicem

60 561 273 624 biabmcdimin
293 580 375 638 rege,
401 563 459 621 sub
486 582 545 640 quo
572 561 767 621 Cazanenscs
786 558 866 619 dete·
926 565 957 618 et
977 559 1170 640 impedirent,
1196 563 1226 619 et
1250 558 1467 619 conculcarent.
1508 557 1554 620 En
1574 559 1728 620 muttitndo

62 661 174 723 nerant,
193 659 315 722 nortem,
336 652 568 715 Scbeatoducta
580 657 647 736 ejus
662 673 756 714 uxore
768 651 865 722 vidua,
923 658 1036 712 tantum
1057 652 1198 711 foetorem
1219 652 1247 711 in
1268 659 1366 712 castro
1387 651 1508 722 iecerat,
1534 658 1567 711 ut
1585 652 1611 710 si
1632 651 1730 711 bostis

62 746 213 826 Principis
230 744 402 806 Muscoriae
413 754 444 807 ct
458 747 555 808 trabis
568 744 671 807 uaeris
682 747 799 815 auritio,
810 745 865 804 Ca·
924 743 1020 805 tddoo
1047 751 1099 805 aut
1131 743 1286 824 quatriduo
1311 744 1368 805 sub
1400 745 1473 804 urbe
1502 746 1728 825 permansisset,

63 860 119 900 zan
139 859 258 919 regnum
278 839 420 900 obtinuitr
441 842 489 900 cui
502 847 628 919 mutuor
646 844 758 899 tantum
778 837 866 911 anuis
924 837 1013 898 etism
1035 842 1122 918 poste
1142 837 1282 897 obsessis
1300 837 1483 917 pereundum
1510 836 1634 909 tuisset3
1661 857 1729 897 nam

63 952 170 1010 magno
189 933 373 993 subditorum
398 938 430 993 et
448 931 516 992 odio
540 938 571 992 et
595 931 706 992 invidia
730 929 866 1010 praefuit
924 929 953 987 tn
974 933 1058 990 tanta
1076 929 1225 990 bominum
1247 929 1393 998 cottuvie,
1421 935 1454 989 nt
1480 930 1606 1008 quisque
1631 929 1729 990 iocum
1844 992 1849 999 ,

65 1025 222 1102 Augebant
241 1022 317 1085 baec
337 1027 430 1105 turpis
450 1031 481 1085 et
500 1025 741 1105 mottiscorporis
757 1022 866 1082 coristi·
925 1028 1092 1100 occuparet,
1124 1024 1165 1082 ita
1198 1027 1322 1082 naturae
1355 1020 1532 1082 satisfacere
1560 1023 1729 1100 cogebatur.

63 1119 153 1189 tertio,
173 1119 335 1177 eratenim
357 1117 445 1177 bomo
464 1123 567 1177 ventre
585 1116 776 1198 prominenti,
802 1133 868 1174 rara
925 1111 1019 1173 Erant
1036 1119 1097 1174 nrm
1118 1117 1260 1196 temporis
1280 1114 1455 1176 Moscoriae
1477 1113 1623 1175 Oratores
1642 1115 1729 1175 biro-

63 1211 164 1280 barba‚
189 1209 267 1270 facie
292 1231 371 1290 poue
396 1210 544 1269 muliebri:
584 1229 662 1288 qnae
688 1209 765 1267 enim
789 1205 867 1265 betto
926 1207 1064 1266 menses:
1096 1210 1146 1285 qui
1172 1227 1238 1268 cum
1264 1208 1442 1268 conscensis
1469 1207 1558 1286 aquis
1581 1207 1670 1286 fugae
1695 1224 1731 1268 se

63 1301 292 1381 haudquaquam
313 1301 451 1360 idoneum
472 1321 544 1360 osse
568 1299 771 1360 ostenderent.
810 1299 867 1358 Ac·
926 1296 1128 1368 mandassent,
1149 1305 1180 1358 ct
1194 1303 1422 1380 circumquaque
1432 1299 1506 1360 nibit
1518 1306 1636 1380 praeter
1646 1302 1731 1378 ignes

64 1395 192 1455 cedebat
216 1392 255 1453 od
275 1393 361 1461 boec,
383 1392 462 1470 quod
484 1397 652 1473 contempta
672 1411 709 1452 ac
730 1392 866 1470 neglecta
927 1396 958 1450 et
977 1391 1087 1450 tomum
1108 1391 1250 1462 riderent,
1269 1413 1364 1471 seque
1384 1390 1552 1454 aTartaris
1571 1391 1731 1455 circumda·

64 1487 248 1548 subditorum
258 1505 380 1545 suorum
391 1485 603 1554 berrerotentia,
616 1483 869 1564 Principibtosco·
925 1488 976 1542 tos
996 1503 1067 1542 esse
1079 1483 1295 1551 arbitrarentur,
1316 1483 1391 1543 adeo
1404 1489 1604 1565 properarunt,
1623 1491 1656 1543 ut
1671 1504 1731 1546 uos

67 1581 132 1640 viso
151 1579 222 1659 ptus
240 1599 335 1658 aequo
355 1578 475 1648 tereret,
496 1599 533 1638 ao
553 1578 682 1639 externis
702 1577 867 1656 piusquam
926 1574 975 1634 die
995 1577 1023 1634 in
1047 1576 1135 1644 Tuer,
1156 1594 1234 1653 qnae
1253 1576 1371 1653 triginta
1389 1594 1445 1635 sex
1468 1577 1632 1636 miliaribus
1659 1577 1729 1637 Ger.

64 1675 132 1732 suis
152 1671 264 1733 tideret.
305 1667 423 1740 Quibus
443 1671 533 1730 rebus
554 1670 748 1730 Cuanenses
775 1667 868 1737 ducti,
923 1689 943 1728 a
968 1667 1124 1728 dioscoria
1152 1669 1240 1727 abest
1267 1668 1463 1747 pervenirent.
1502 1666 1639 1745 Magnam
1669 1675 1731 1730 tun

64 1764 216 1843 Sapgirej,
235 1761 412 1839 ttteudtigeri
433 1763 502 1834 titio,
522 1763 573 1823 uui
593 1783 632 1822 ex
652 1762 798 1823 Tauricae
823 1780 867 1818 re·
924 1760 1042 1822 taudem
1065 1769 1231 1820 meruerunt
1251 1759 1447 1820 bombardarii
1460 1759 1628 1831 Alemanni,
1648 1782 1731 1843 pras·

63 1856 161 1935 gibus,
174 1873 295 1933 regnum
306 1854 457 1926 det'crunt;
471 1876 529 1934 quo
540 1855 725 1923 adveniente,
738 1852 868 1913 Scbeate
927 1856 1028 1914 sertim
1049 1853 1204 1921 Nicotaus,
1223 1873 1317 1934 prope
1338 1852 1493 1922 Rbcouur,
1527 1872 1584 1912 noo
1606 1853 1731 1931 tongea

64 1969 156 2028 regno
176 1947 285 2008 cedere
299 1949 419 2028 jussus,
440 1967 553 2007 cumse
565 1949 678 2010 viribus
691 1947 867 2015 interiorem,
929 1947 1028 2028 Spira,
1048 1945 1192 2026 imperiali
1214 1944 1391 2007 Germaniae
1411 1947 1538 2014 ciuitate,
1561 1952 1663 2007 natos:
1683 1948 1732 2007 cui

65 2041 253 2120 infestosque
272 2060 391 2100 suorum
410 2043 440 2100 in
460 2061 495 2099 sc
515 2042 632 2100 animos
648 2047 793 2109 cerneret,
813 2039 868 2098 tor·
927 2061 947 2100 a
963 2039 1127 2120 praesecto,
1147 2039 1273 2117 atiisque
1292 2037 1485 2108 consiliariis,
1510 2039 1559 2117 qui
1583 2041 1673 2099 nimio
1697 2040 1731 2100 ti·

64 2134 423 2213 tunaecedereoptimun
443 2140 535 2204 ratus,
551 2134 781 2202 cumuxoribus,
801 2152 869 2191 con·
928 2152 1013 2193 mose
1028 2135 1091 2214 jam
1112 2132 1174 2191 iere
1196 2132 1324 2192 consecti
1338 2136 1431 2201 erant,
1449 2130 1731 2194 tuendaenrbtsne·
1818 2204 1822 2209 ¹

66 2227 194 2296 sabinis,
204 2227 342 2304 omnique
355 2225 531 2304 aupettectiii
543 2226 572 2284 in
583 2224 778 2295 dioscoriam,
790 2223 870 2284 unde
927 2227 1035 2304 gotium
1042 2224 1246 2286 blandissimis
1252 2225 1351 2286 verbis
1357 2224 1559 2284 committitur:
1570 2226 1731 2295 orantibus,

66 2325 197 2389 venerat,
210 2317 308 2385 rediit3
323 2317 398 2378 baec
408 2325 476 2379 acta
488 2323 557 2378 sunt
568 2317 771 2380 annoliomini
784 2318 868 2380 1521.
927 2325 961 2379 ut
978 2320 1133 2378 tormentis
1143 2319 1314 2400 majoribus,
1333 2318 1442 2397 quibus
1452 2318 1570 2378 moenia
1583 2317 1670 2399 dejici
1684 2338 1731 2381 se·

66 2411 197 2472 Scbeate
217 2411 258 2472 ita
277 2432 295 2471 e
315 2429 405 2488 reguo
430 2411 630 2492 profugiente,
661 2411 867 2491 blabmetgircj
927 2411 997 2482 tent,
1016 2413 1074 2472 sub
1093 2418 1206 2492 portam
1228 2411 1317 2472 castri
1336 2410 1473 2470 deductis
1494 2409 1636 2472 Tartarus
1662 2411 1732 2472 inde

66 2525 119 2564 res
139 2502 294 2573 Tauricae,
313 2503 449 2583 Sapgirei
471 2505 589 2565 tratrem
609 2524 717 2582 magno
736 2503 868 2564 exercitu
927 2510 1050 2565 arceret.
1090 2504 1203 2564 tiorum
1222 2510 1322 2565 autem
1342 2509 1402 2564 tam
1422 2509 1508 2564 uasta
1531 2508 1596 2563 erat
1620 2505 1731 2582 magni·

68 2598 97 2656 to
120 2595 219 2656 Casan
239 2596 412 2658 introducit:
451 2598 629 2677 firmatisque
650 2597 869 2658 Catanensium
927 2596 1008 2665 tudo,
1027 2603 1060 2656 ut
1079 2599 1131 2658 rix
1150 2595 1238 2655 tridui
1253 2596 1356 2676 spacio
1367 2616 1404 2655 eo
1419 2594 1539 2673 perduci
1552 2597 1731 2673 potuissent.

66 2707 137 2765 erga
155 2688 273 2749 tratrem
284 2690 399 2759 animis,
421 2689 576 2750 Tauricam
594 2690 724 2760 rediens,
743 2690 870 2770 trajecto
928 2688 991 2749 Sed
1013 2710 1110 2768 neque
1135 2689 1275 2768 putrores
1301 2685 1510 2747 bombardicos
1536 2693 1595 2746 tam
1620 2687 1732 2749 multos

68 2780 173 2849 Tanai,
193 2781 377 2841 dioscoriam
397 2802 504 2842 versus
527 2782 686 2844 contendit.
726 2783 773 2843 Eo
797 2788 869 2841 tem·
928 2781 1079 2844 babebaut
1098 2784 1228 2862 paratos,
1247 2781 1356 2860 quibus
1377 2779 1425 2839 ret
1446 2781 1539 2840 seruet
1561 2781 1658 2861 majus
1676 2787 1732 2841 tor·

67 2893 140 2953 pore
160 2872 294 2932 basilius
314 2893 409 2934 rerum
429 2894 548 2933 suerum
569 2876 711 2945 securior,
738 2872 869 2951 nibitque
928 2882 1056 2936 sontum
1078 2874 1232 2934 exonerari
1242 2874 1403 2954 potuisset.
1422 2871 1529 2933 Soteut
1541 2873 1618 2931 enim
1631 2872 1731 2934 btoset

65 2965 127 3025 tate
145 2969 289 3034 metuens,
309 2965 605 3027 aurtitoTortsroruar
615 2966 754 3036 adventu,
767 2970 870 3026 coacto
928 2973 1072 3049 perpetuo
1092 2966 1171 3027 bunc
1190 2986 1300 3026 morem
1319 2985 1449 3036 serrare,
1469 2971 1502 3025 ot
1521 2959 1618 3025 onnia
1639 2967 1667 3025 in
1688 2985 1732 3026 rs·

66 3078 121 3138 pro
142 3068 277 3136 tempore
296 3060 442 3129 exercitu,
467 3060 517 3119 eui
544 3058 726 3121 Demetrium
755 3056 870 3118 Bietstri
929 3059 1057 3131 condito,
1086 3061 1319 3140 necquicquam
1333 3065 1431 3120 tanrou
1456 3063 1662 3139 praeparatum
1682 3057 1733 3120 ba·

66 3150 173 3210 ducem
194 3149 347 3228 praefecit,
367 3149 406 3210 ad
427 3150 539 3212 Occam
560 3151 687 3224 durium,
709 3159 743 3213 ut
769 3150 870 3212 Tarta·
928 3153 1034 3214 beant:
1056 3172 1156 3213 rerum
1175 3158 1299 3231 urgeme
1319 3153 1518 3221 necessitate,
1548 3151 1647 3213 omnia
1671 3157 1731 3213 tr·

67 3263 164 3303 romnr
191 3243 344 3303 transitum
377 3245 545 3323 impediret,
574 3245 743 3325 praemittit,
787 3242 870 3304 blab-
927 3245 1045 3306 demum
1066 3246 1203 3307 celeriter
1221 3246 1368 3306 conticere
1387 3243 1520 3305 madent
1561 3242 1670 3306 Visum
1683 3248 1734 3306 est

68 3337 201 3416 netgirej
214 3336 326 3395 viribus
338 3344 483 3417 superior,
494 3337 578 3398 0eca
589 3338 724 3398 ceteriter
737 3339 871 3420 trajecto,
929 3357 999 3417 ergo
1019 3336 1152 3410 Nicotao,
1174 3344 1207 3398 ut
1226 3344 1373 3400 tormenta
1390 3339 1513 3409 minora,
1532 3357 1609 3418 quae
1630 3336 1733 3420 procui

66 3428 106 3488 ad
130 3429 263 3508 piscinas
293 3428 439 3505 quasdam
466 3429 606 3491 tredecim
634 3434 716 3490 verat
739 3430 778 3489 ab
804 3430 871 3508 ipsa
929 3437 1067 3493 acastm
1088 3439 1170 3493 erant
1188 3432 1350 3505 recondita,
1371 3431 1502 3494 humeris
1523 3430 1731 3496 bominum'cc·

67 3519 452 3582 litoscoriacostraarctutus
465 3529 522 3582 est.
538 3521 608 3581 torte
618 3523 770 3600 eruptione
783 3521 870 3592 tacta,
930 3523 1028 3584 teritcr
1047 3527 1076 3584 in
1097 3526 1226 3586 medium
1247 3527 1473 3589 adducerentur.
1512 3526 1554 3587 tis
1569 3526 1638 3586 dum
1659 3527 1732 3586 doti·

67 3615 164 3674 omnia
184 3614 293 3690 rapinis
314 3614 520 3694 incendiisque
545 3616 708 3694 complevit.
749 3615 814 3674 Sub
840 3614 869 3674 id
931 3624 1077 3687 nerentur‚
1097 3618 1207 3680 ctamor
1226 3619 1387 3702 derepente
1414 3621 1559 3688 exoritur,
1591 3617 1733 3680 Tartarus

66 3707 208 3786 temporis
228 3705 365 3788 Sapgirej
387 3708 496 3787 pariter
515 3728 582 3768 curu
602 3709 734 3768 exercitu
755 3729 792 3768 ex
815 3710 870 3768 Ca·
929 3709 1055 3770 adesso:
1075 3732 1153 3791 quae
1173 3732 1223 3773 res
1242 3719 1355 3773 tantum
1375 3713 1507 3771 timorem
1519 3709 1677 3790 oppidanis
1691 3711 1733 3770 tn·

67 3819 123 3858 zan
148 3797 318 3878 proiectus,
346 3798 572 3861 Votodineriam
599 3807 629 3860 et
654 3800 869 3880 Norogardiam
929 3809 1074 3874 cesserat
1088 3810 1120 3864 ut
1132 3807 1271 3885 protectis
1288 3805 1436 3884 persicos
1448 3800 1624 3873 bombardis,
1644 3803 1732 3864 etiem

66 3890 232 3951 interiorem
244 3890 438 3970 depopulatus
458 3900 515 3953 est.
534 3893 591 3954 itis
604 3895 742 3975 peractis,
763 3894 869 3955 tratres
928 3900 1076 3958 moenium
1084 3896 1335 3957 defendendorum
1342 3912 1441 3954 curam
1448 3895 1624 3954 omitterent.
1642 3893 1732 3968 Quod

64 3982 172 4058 Reges
184 3983 404 4044 adCotmanan
415 3987 561 4047 deitatem
574 3988 759 4056 conveniunt,
781 3989 870 4046 vires·
928 3992 1027 4050 situm
1047 3995 1164 4049 centum
1185 3988 1315 4049 bostium
1335 3986 1451 4066 equites
1466 3987 1604 4068 impetum
1619 3990 1648 4049 to
1664 3991 1734 4052 civi·

66 4095 127 4154 quc
148 4077 336 4155 conjungunt,
374 4076 506 4139 Basitius
530 4079 656 4140 eumad
680 4083 793 4141 tantum
819 4077 869 4138 bo·
928 4088 1020 4142 tatem
1037 4081 1191 4150 iecissent,
1205 4100 1296 4161 parvo
1310 4079 1429 4157 negotio
1444 4100 1510 4141 earn
1524 4080 1658 4145 funditus
1671 4085 1731 4164 igni

65 4173 144 4228 stem
171 4167 399 4247 propulsandum
423 4172 563 4253 imparem
589 4193 625 4232 se
651 4193 723 4233 esse
748 4171 870 4242 videret,
928 4173 1195 4253 consumpsissent
1219 4172 1252 4234 tn
1272 4192 1309 4235 ea
1328 4171 1533 4253 trepidatione,
1552 4177 1732 4258 praefectus,

66 4259 354 4334 Patrosororiosno,
367 4262 869 4344 exregibusTartarorurroriundo,
928 4268 1040 4346 quique
1059 4285 1126 4326 cura
1146 4285 1183 4327 co
1195 4266 1385 4348 inpraesidio
1397 4275 1489 4340 erant,
1505 4271 1647 4350 optimu·
1668 4272 1732 4339 rati,

65 4353 349 4434 aliisqueoooouttis
362 4360 542 4436 proceribus,
553 4361 582 4418 in
594 4365 693 4419 castro
705 4378 772 4418 eum
786 4378 869 4439 prae·
926 4365 960 4420 nt
978 4358 1185 4444 biabnetgiroj
1215 4361 1295 4439 rogis
1314 4361 1450 4432 animum,
1481 4362 1586 4422 missis
1605 4363 1732 4423 muneri

66 4446 144 4506 sidio
164 4448 278 4518 rcticto,
297 4468 336 4510 cx
355 4449 511 4512 Moscovis
536 4452 624 4530 tegit:
663 4450 740 4512 adeo
765 4453 870 4513 timore
927 4453 985 4514 bus
1006 4454 1149 4535 piurimis,
1170 4455 1200 4514 in
1221 4455 1325 4536 primis
1344 4458 1442 4514 autem
1463 4453 1610 4524 medone,
1633 4455 1733 4534 placa

66 4540 405 4620 perculsus,utren1m
426 4564 546 4604 suarum
567 4544 792 4626 desperatione,
818 4546 869 4607 ati·
927 4553 1000 4619 rent,
1023 4553 1053 4608 et
1071 4548 1110 4608 ab
1130 4546 1286 4608 obsidione
1305 4553 1488 4608 everterent:
1519 4549 1654 4626 acceptis
1673 4566 1734 4605 rnu-

64 4633 196 4711 quandiu
216 4635 273 4695 aab
293 4654 402 4696 acervo
423 4635 513 4705 foeni,
534 4641 567 4696 ut
585 4637 703 4716 quidam
729 4637 869 4710 referunt,
926 4642 1062 4713 neribus,
1092 4639 1298 4722 btabmetgirej
1333 4660 1369 4700 ss
1395 4637 1580 4698 obsidionem
1606 4636 1732 4707 sotvere,

63 4726 191 4788 tatuerit
213 4727 361 4789 t'ieesima
381 4748 460 4788 nona
478 4727 559 4798 tatii,
582 4728 695 4789 Tartari
715 4731 869 4811 uttrapro·
927 4740 958 4794 et
976 4735 1126 4814 provintia
1145 4733 1223 4793 rette
1241 4731 1390 4793 decedere
1409 4727 1580 4808 respondit,
1605 4729 1632 4787 si
1653 4729 1733 4792 datis
1834 4740 1837 4745 '

61 4819 169 4896 gressi,
189 4821 249 4880 tote
268 4823 369 4884 omnia
388 4821 533 4882 incendiis
553 4822 787 4901 comptcrarantt
807 4829 870 4885 tan-
929 4825 1023 4887 titcrts
1041 4824 1176 4886 Basitius
1196 4845 1269 4886 sese
1293 4823 1472 4896 obstringat,
1500 4829 1670 4902 perpetuum
1696 4844 1733 4887 se

60 4916 182 4991 tumque
203 4923 344 4974 terrorem
364 4913 481 4976 btoscts
500 4916 703 4984 incusserant,
728 4920 761 4974 ut
780 4934 817 4974 ae
837 4916 868 4976 ie
929 4918 1112 4978 tributarium
1131 4919 1194 4994 regt
1214 4917 1287 4983 tore,
1306 4911 1550 4992 quemad-edua
1569 4917 1637 4996 ejus
1648 4925 1732 4999 pater

60 5009 160 5064 cuno
181 5011 212 5066 at
231 5007 259 5066 in
280 5008 400 5068 civitate
419 5029 519 5087 μιν·
546 5014 629 5069 tutos
647 5012 794 5088 putarent.
834 5010 868 5069 to
927 5015 958 5070 st
987 5010 1115 5088 majores
1143 5009 1190 5069 soi
1216 5007 1353 5066 intueat.
1405 5001 1525 5077 Qnibss
1554 5008 1648 5071 itteris
1677 5032 1737 5092 pro·

61 5116 99 5158 ea
118 5096 318 5178 trepidatione
335 5100 546 5171 amniierttrus,
565 5099 872 5182 puerisatiaqueiut
928 5097 1077 5164 rotuntato
1106 5099 1241 5179 seriptis,
1277 5099 1484 5180 acceptisque,
1524 5101 1730 5185 btabroctgire]
