3742 5626
150 220 185 275 tn
851 214 964 273 neten
979 213 1145 270 etvetttCt

151 376 244 434 elsam
263 372 304 433 nd
323 370 583 435 Lutbcrenismnn
602 371 786 453 pollicerent.
819 370 863 431 llti
883 390 954 432 uero

150 464 332 529 ndeeutees
351 465 458 547 epulam
479 466 565 527 tacite
590 467 784 544 respuebant,
809 463 955 525 vilissima

152 558 250 621 edulia
269 558 512 637 exquisitissimis
538 558 658 619 ferculis
682 556 903 639 praeferentes,
923 560 955 615 ut

152 654 182 713 in
201 648 348 713 catholiea
365 649 505 728 religione
526 658 700 713 constantes
721 658 954 729 perseuerarent.

154 743 284 817 Quidam
304 742 392 803 etiem
414 744 555 804 nobilium
575 764 642 805 eum
664 744 800 826 plebejos
825 748 857 801 et
882 742 956 817 agri·

153 839 237 899 colas
247 858 266 899 n
278 833 508 898 buthcranismo
523 857 649 897 aversos
658 839 875 919 conspicerent,
895 833 955 893 die·

153 930 211 991 bns
230 930 339 1010 quibus
353 930 498 1012 jejunium
519 928 665 991 catholica
683 928 835 991 indicebat
852 925 956 987 Eccle

153 1024 209 1092 sia,
227 1042 282 1083 eos
293 1022 498 1090 accensebant,
518 1042 627 1083 carnes
640 1027 670 1083 et
680 1022 764 1083 eibos
775 1021 883 1083 vetitos
895 1020 956 1079 rie·

154 1115 249 1176 lenter
266 1115 325 1175 illis
345 1116 376 1174 in
395 1134 446 1175 orn
466 1116 645 1194 ingerentes.
667 1114 753 1175 llaec
771 1114 906 1193 tyrannis
926 1118 957 1172 at

153 1229 270 1269 summa
288 1209 319 1267 in
338 1206 437 1267 beu·
456 1209 566 1289 pariter
590 1213 622 1267 et
647 1207 783 1269 bomines
809 1208 957 1287 impietas,

154 1320 273 1379 gravem
291 1298 452 1361 vindictam
471 1320 611 1376 supremo
632 1303 738 1360 numiui
754 1300 956 1378 extorquebat.

156 1394 277 1467 Quibus
296 1390 460 1453 accedebat
478 1394 617 1453 immanis
635 1394 797 1455 emdelitus
816 1400 848 1453 et
868 1392 955 1453 incle

156 1486 315 1547 montinio
336 1483 486 1555 subditos,
511 1485 718 1567 prodigalitas,
744 1487 899 1564 stuperbin,
925 1493 958 1545 et

156 1580 245 1639 luxus
263 1578 394 1639 omnium
420 1576 567 1649 ordinum,
593 1578 802 1649 Dominarum,
827 1579 957 1656 inquam,

156 1669 396 1738 tentonicorum,
420 1669 529 1731 deinde
548 1673 728 1752 equestrium
753 1676 784 1730 et
810 1671 958 1740 nobilium,

156 1762 285 1842 deniquo
305 1763 413 1823 civium
433 1768 464 1822 ct
484 1764 675 1846 plebejurum.

234 1854 409 1935 Priusquam
431 1854 589 1917 Teutonici
608 1855 721 1918 ordinis
733 1854 862 1923 Domini,
883 1853 957 1914 ordi·

156 1951 264 2029 utaque
287 1948 430 2027 magister
455 1947 494 2008 nd
519 1948 777 2008 Lutbcranismnn
808 1947 958 2007 descisce-

157 2051 233 2113 rent,
253 2041 392 2119 religiose
411 2041 518 2121 pictas,
537 2039 730 2119 suspicienda
744 2041 881 2117 gravitas,
900 2061 959 2098 mr.-

157 2134 261 2197 derato
280 2134 439 2205 sobrietas,
458 2131 587 2211 diligens
605 2133 755 2215 religionis
782 2134 959 2203 observatio,

157 2227 388 2291 decentissimus
409 2227 438 2285 iu
458 2227 589 2287 muribus
608 2235 638 2290 et
649 2228 750 2291 babitu
764 2226 872 2292 cultus,
892 2244 960 2285 cun·

157 2320 347 2402 spiciebatur.
387 2318 512 2378 Precum
537 2317 716 2383 horariarum
736 2340 872 2402 mesum,
896 2317 960 2379 reli-

158 2411 330 2491 giosissime
347 2410 569 2491 persolvebant.
606 2412 739 2475 Deorum
759 2412 882 2475 delubra
902 2413 960 2489 pic·

159 2514 232 2573 tate,
251 2502 357 2563 dumos
376 2522 450 2565 suas
476 2504 569 2583 glorie
594 2515 626 2567 et
650 2506 821 2568 tortitudine
841 2505 960 2566 deeora·

160 2600 241 2659 baut.
271 2594 331 2657 Ubi
352 2594 523 2660 Lutberaoa
544 2598 681 2678 dogmata
700 2599 838 2681 ampiecti
857 2618 960 2677 eoepe-

159 2696 234 2757 runt,
254 2686 329 2749 hoec
350 2690 447 2749 onnde
466 2692 562 2753 semel
582 2699 613 2754 et
631 2693 718 2753 simul
743 2700 899 2762 excutere,
920 2692 961 2751 lu·

159 2784 244 2845 stiria
262 2802 329 2844 cnm
350 2784 492 2863 snperbia
511 2788 734 2847 animoseorom
747 2784 898 2855 invadere,
919 2806 960 2845 ra·

158 2896 238 2956 pere,
258 2894 446 2947 consumere,
464 2898 521 2939 sue
541 2880 620 2958 parri
641 2877 780 2956 pendere,
805 2876 908 2939 lrnbitu
931 2890 961 2939 ct

157 2969 289 3029 moribus
300 2988 444 3031 summam
456 2969 603 3040 ferociam,
626 2971 735 3033 tastum
746 2970 960 3033 acdoninandi

158 3059 308 3122 libidinem
321 3061 495 3123 ostendere:
508 3064 659 3143 pudorem,
669 3064 848 3145 pudicitiam,
862 3064 961 3125 ‹tn-tm

158 3154 344 3233 humanaque
366 3156 550 3235 promiscua,
576 3158 616 3218 uit
634 3158 722 3237 pensi
747 3177 844 3235 noque
865 3156 960 3235 mode·

158 3248 211 3309 ruti
223 3245 351 3307 babere:
370 3246 552 3309 subditorum
565 3250 695 3311 minorita
711 3257 742 3309 et
751 3256 885 3327 egestate
898 3270 960 3309 cru·

158 3338 263 3399 deliter
281 3339 374 3409 abuti,
395 3340 518 3420 perinde
538 3342 623 3418 quasi
644 3342 778 3422 injuriam
799 3342 908 3411 lacere,
929 3342 959 3402 id

158 3430 274 3493 demum
293 3437 379 3493 osset
398 3433 518 3513 imperio
538 3432 590 3491 uti.
621 3433 727 3493 Abeo
746 3438 880 3514 tompore
901 3436 959 3512 ple·

158 3523 341 3585 biseonditio
351 3524 469 3593 misera,
480 3522 567 3601 longe
576 3524 760 3584 misserrima
768 3546 840 3585 esse
850 3528 960 3606 eoepit.

158 3614 310 3697 Siquidem
334 3617 384 3675 ubt
405 3614 590 3676 Teutonicus
607 3614 680 3675 ordo
706 3636 762 3677 nnn
788 3637 841 3698 per
861 3618 958 3679 ltine·

157 3715 188 3769 ct
208 3708 358 3769 libidinem
379 3704 563 3786 prodegerat,
583 3712 613 3764 ct
638 3707 799 3771 lentiliares
817 3730 892 3789 opes
910 3711 959 3773 de·

158 3800 301 3869 lacerant,
319 3798 358 3859 ad
376 3815 520 3857 munnam
539 3797 742 3861 crudelitatem
761 3809 792 3863 et
809 3804 959 3865 avaritia·

157 3895 224 3973 ipsa
242 3892 341 3967 inopia
361 3908 415 3946 eos
434 3886 614 3951 stimulabat.
638 3890 774 3974 Coepere
793 3896 880 3973 igitur
900 3898 960 3978 ple·

157 3986 223 4045 beer
245 3981 414 4057 deglubere,
433 3979 549 4041 tributis
573 3990 604 4043 et
627 3988 834 4049 exactionibus
859 4010 959 4049 emun-

157 4094 238 4151 gere,
257 4079 288 4129 ct
307 4088 384 4146 qnos
403 4076 530 4133 entre-n
547 4080 698 4153 premebat
710 4090 843 4157 egestas,
863 4084 901 4143 nb
922 4083 959 4143 iis

159 4162 288 4228 diuitias,
308 4172 338 4218 et
356 4161 445 4223 luxus
463 4165 656 4231 instrumenta
678 4176 860 4252 conquirere,
889 4176 959 4235 Ant.

159 4272 225 4311 mna
243 4270 318 4309 sene
337 4253 424 4313 neniis
444 4256 572 4319 imbutus
591 4264 714 4332 artiltns,
735 4275 766 4324 ct
778 4266 958 4346 quotidianis

159 4340 339 4421 uoluptatum
360 4344 507 4409 illecebris
526 4349 692 4425 delibutus,
717 4358 796 4417 ltnud
818 4359 904 4418 lncilo
926 4359 957 4419 li-

158 4430 309 4495 btdtatbus
328 4437 456 4503 carebat,
486 4461 582 4519 eoque
607 4449 757 4523 profusius
783 4450 903 4510 Vertere
927 4458 957 4511 et

158 4528 227 4589 lenn
247 4528 413 4589 aestuabat.
436 4532 571 4605 demebat
590 4558 688 4597 erarium
702 4541 856 4602 arrdaciam
875 4564 956 4604 resurr·

158 4630 256 4700 patum
279 4617 423 4679 ltaetcnns
451 4624 479 4681 iu
500 4627 634 4685 ruiscrmn
662 4631 778 4708 plebem
798 4635 958 4711 imperium,

158 4718 262 4791 utpote
281 4733 358 4791 quae
377 4715 419 4773 ite
438 4718 549 4776 seruire
568 4720 595 4778 ei
615 4722 724 4802 sttlrJiei
743 4726 905 4797 vitlebntur,
927 4734 957 4788 nt

159 4826 216 4865 ntro
238 4805 294 4873 sui,
314 4806 369 4865 sed
390 4807 477 4867 alieni
493 4811 586 4889 juris:
607 4834 664 4873 utria
684 4816 783 4888 liberi,
801 4820 857 4879 aed
878 4822 957 4881 scrrl

159 4897 344 4957 belrercntur.
383 4900 417 4956 st
438 4901 509 4978 qnid
529 4905 662 4967 criminis
681 4908 886 4989 designabant,
906 4934 958 4993 prn

158 4990 199 5047 rci
220 4990 372 5049 atrocitate
392 4992 518 5069 depellis
537 5008 568 5057 et
587 4996 958 5069 t'ustunriomutetphflnqm

1012 369 1153 429 miserum
1175 370 1282 446 uulgus
1302 370 1486 439 seeriebant,
1506 379 1540 429 ut
1559 368 1703 445 tlogriset
1717 370 1820 429 omlne-

1013 461 1111 531 ribus,
1136 462 1164 521 si
1189 463 1259 542 quid
1286 462 1436 523 habebant
1462 462 1687 528 frumentorum,
1708 463 1814 529 unium,

1012 554 1194 632 gallinam,
1213 556 1321 627 mellis,
1340 563 1371 615 et
1384 556 1414 616 id
1426 574 1522 632 genus
1532 559 1751 632 extorquerent
1771 556 1814 614 ln-

1013 652 1093 707 terea
1104 649 1223 707 servilis
1237 655 1267 708 et
1279 649 1366 728 inops
1379 647 1544 728 plebecula,
1557 648 1627 708 allia
1638 654 1670 707 et
1683 647 1818 708 arborum

1014 739 1132 800 radices
1153 746 1182 798 et
1204 744 1333 802 curmiccs
1352 741 1489 801 fiamelico
1515 762 1567 799 ore
1592 742 1725 819 privatin
1742 760 1819 800 atre·

1014 831 1095 902 dere,
1115 854 1221 912 aquam
1242 835 1336 895 serina
1360 835 1545 895 commixtam
1573 842 1687 913 potare,
1714 834 1746 893 in
1772 854 1820 894 ex·

1014 932 1108 987 trcmn
1117 928 1238 988 miseria
1247 934 1278 989 et
1288 934 1423 1003 egestate
1435 927 1657 987 uitamtrabere.
1669 926 1822 1005 Equester

1014 1021 1100 1079 etiam
1122 1018 1195 1079 ordo
1220 1019 1392 1080 Lutbcrnna
1411 1019 1544 1080 doctrina
1569 1022 1627 1098 jam
1652 1031 1822 1100 assrrmpta.

1015 1120 1156 1190 qtrnntum
1170 1113 1323 1190 apristion
1338 1116 1389 1172 virt
1396 1119 1446 1173 otc
1452 1113 1687 1188 degeneraverit,
1708 1134 1821 1173 morum

1015 1210 1045 1263 ct
1055 1206 1132 1263 ritae
1144 1206 1266 1265 mactatio
1278 1205 1448 1268 declararit.
1468 1208 1569 1267 Aratea
1578 1206 1725 1285 siquidem
1739 1206 1821 1267 dum

1014 1296 1137 1357 militine
1155 1318 1215 1378 quc
1232 1299 1337 1359 intenti
1358 1299 1541 1370 libertatem,
1561 1300 1750 1376 religionem,
1771 1321 1820 1377 pa·

1015 1391 1109 1457 triam,
1128 1397 1328 1470 parentesque
1346 1394 1437 1453 armis
1461 1402 1627 1470 protegere.
1665 1392 1733 1453 Non
1761 1394 1822 1453 illis

1016 1484 1100 1545 lelun
1119 1484 1266 1555 insolitus,
1286 1505 1344 1544 non
1359 1485 1444 1545 loeus
1456 1486 1535 1547 ullus
1544 1506 1633 1563 asper
1644 1496 1697 1546 aut
1707 1487 1822 1547 arduus

1016 1582 1089 1645 eret,
1108 1596 1167 1635 non
1187 1577 1330 1637 barbarus
1350 1576 1449 1639 bostis
1469 1578 1688 1649 formidolosus,
1712 1582 1822 1656 magis·

1016 1688 1074 1741 que
1094 1671 1123 1728 in
1143 1668 1261 1730 decoris
1280 1672 1370 1731 armis
1390 1677 1421 1730 ct
1430 1672 1606 1732 militaribus
1615 1672 1711 1751 equis,
1730 1693 1821 1751 quam

1017 1764 1046 1821 in
1069 1763 1176 1821 scortis
1197 1767 1287 1843 atque
1313 1765 1457 1823 conuiuiis
1483 1764 1631 1824 libidinem
1661 1763 1822 1827 babelmnt.

1017 1854 1141 1915 Summa
1159 1874 1232 1933 erga
1251 1857 1389 1937 plebejos
1410 1857 1614 1919 beneuolentin
1640 1864 1670 1917 et
1689 1857 1822 1919 leumani-

1016 1953 1079 2008 tate
1098 1948 1297 2027 praestabant,
1317 1948 1485 2027 dandisque
1504 1952 1611 2028 potins,
1636 1971 1724 2030 quam
1743 1955 1823 2014 aeci·

1016 2039 1137 2121 piendis
1157 2041 1311 2102 beneficiis
1326 2044 1635 2123 nndcitiaspnrebant.
1662 2044 1822 2105 Caeterum

1017 2134 1066 2195 nbi
1086 2135 1185 2213 prisca
1203 2135 1345 2213 religione
1371 2142 1489 2215 sprota,
1513 2139 1681 2216 prurientes
1698 2138 1822 2197 uteribus

1018 2246 1056 2289 en
1075 2248 1153 2306 qnae
1171 2228 1266 2288 ventri
1287 2228 1821 2307 edlultescelrantdogmataatttplecti

1018 2339 1154 2397 coepere,
1172 2321 1299 2402 pristina
1317 2321 1367 2381 illa
1388 2323 1543 2399 integritas
1562 2330 1593 2383 et
1611 2324 1773 2383 constantia
1800 2344 1821 2381 n

1018 2414 1114 2493 stirpe
1134 2416 1252 2486 interiit,
1275 2415 1368 2475 virtus
1388 2412 1562 2486 hebescere,
1584 2417 1682 2496 pietas
1700 2414 1818 2491 langue·

1018 2525 1115 2575 scere,
1134 2527 1188 2587 per
1207 2508 1305 2567 lusu·
1327 2516 1359 2565 et
1378 2507 1523 2567 licentiam
1551 2509 1627 2567 bona
1648 2509 1744 2586 patria
1761 2505 1822 2567 dis·

1018 2600 1126 2678 sipoto,
1147 2600 1243 2660 aliene
1256 2616 1369 2672 tapete,
1382 2618 1438 2657 sne
1451 2599 1606 2676 prodigere
1620 2597 1742 2656 delubra
1752 2621 1824 2676 spro-

1018 2692 1100 2763 linre,
1118 2708 1207 2751 sacra
1225 2687 1405 2767 prolnnnque
1417 2689 1517 2747 omnin
1527 2688 1733 2755 contaminare,
1755 2688 1824 2748 dor-

1019 2787 1091 2844 mire
1111 2782 1202 2862 prins,
1221 2798 1309 2859 quarn
1328 2781 1425 2841 susurri
1445 2778 1553 2859 cupido
1573 2786 1672 2850 esset,
1699 2801 1758 2840 uun
1780 2783 1825 2842 sa·

1019 2894 1108 2945 ntem,
1129 2892 1186 2932 non
1208 2873 1300 2944 sitim,
1321 2892 1417 2953 neque
1438 2873 1541 2951 frigus,
1562 2874 1824 2950 neqnelassitudi·

1020 2987 1087 3028 nem
1107 2967 1252 3045 tqrperiri,
1293 2965 1350 3026 sed
1371 2986 1408 3027 ea
1427 2969 1526 3027 ontrdn
1544 2966 1614 3025 lusu
1633 2973 1824 3046 antecapere.

1019 3060 1104 3121 llaec
1123 3078 1187 3127 cns
1209 3060 1258 3118 ubi
1278 3062 1410 3138 privatae
1428 3081 1503 3138 opes
1515 3059 1694 3127 defecerant,
1714 3058 1753 3119 nd
1772 3081 1822 3121 ss·

1019 3152 1137 3229 crilegia
1158 3153 1286 3228 rapinas.
1306 3151 1498 3231 direptiones,
1519 3159 1549 3211 et
1569 3152 1713 3211 violentus
1734 3172 1823 3213 exne·

1018 3247 1116 3305 lintres
1135 3243 1344 3307 incendebant,
1364 3246 1454 3319 lpitnr
1473 3245 1502 3303 in
1522 3244 1638 3322 plebem
1659 3255 1689 3303 ct
1708 3247 1823 3321 agrico-

1018 3336 1065 3399 las
1083 3356 1176 3416 snpra
1195 3355 1313 3396 omnem
1332 3335 1449 3397 modum
1469 3338 1594 3405 saevire,
1616 3339 1770 3416 tyrannice
1793 3345 1823 3397 et

1019 3430 1156 3499 bnrberc,
1176 3428 1388 3489 intoleranda·
1410 3430 1504 3489 ineos
1517 3430 1717 3491 crudelitatem
1739 3451 1823 3492 ener-

1019 3542 1097 3589 ccre,
1117 3521 1214 3581 detrec
1232 3521 1313 3601 qued
1334 3522 1484 3582 trabebant
1503 3530 1686 3583 conrmentua
1702 3532 1754 3583 aut
1773 3545 1822 3602 pe·

1017 3617 1122 3676 enni-nc
1144 3616 1262 3692 penitus
1281 3619 1448 3693 extorqueri
1460 3623 1490 3673 nt
1519 3615 1585 3675 nee
1596 3630 1736 3695 equester
1748 3618 1823 3677 ‹lern-

1017 3714 1096 3769 tent
1115 3707 1188 3767 ordo
1209 3707 1257 3768 liis
1282 3709 1360 3767 vibis
1385 3709 1576 3788 subjacebat,
1603 3710 1657 3769 scd
1684 3713 1823 3788 eordagio

1017 3801 1451 3881 qnasipestilcntiannivcrsam
1460 3800 1685 3880 licmpnblicam
1699 3805 1823 3865 eteiuas

1018 3896 1163 3973 pervasit,
1182 3898 1215 3953 nt
1236 3895 1335 3953 otnttia
1355 3893 1464 3964 luxum,
1485 3895 1644 3959 libidinem,
1667 3894 1773 3956 tastum
1791 3903 1823 3957 et

1017 3986 1456 4065 superbis-repraesentarent.
1469 3984 1554 4047 rideo
1563 3988 1758 4049 tirscinanerat
1766 4011 1822 4051 cos

1018 4101 1094 4141 nora
1115 4079 1165 4141 iila
1184 4076 1326 4147 doctrina,
1348 4086 1379 4139 nt
1399 4087 1526 4140 mentem
1539 4080 1626 4139 eintul
1638 4087 1667 4138 et
1679 4085 1822 4143 rationem

1017 4180 1200 4233 excarrtasse
1220 4170 1382 4231 videretur:
1403 4179 1434 4231 et
1453 4194 1530 4251 quuo
1551 4173 1659 4231 ‹tntnts
1671 4172 1820 4233 humanis

1017 4286 1076 4344 que
1097 4266 1216 4342 legibus
1235 4271 1340 4323 essent
1353 4267 1507 4333 contraria,
1528 4285 1565 4324 ea
1578 4265 1766 4327 Christianae
1779 4270 1819 4325 ri·

1016 4365 1065 4419 tae
1084 4366 1116 4417 et
1136 4356 1298 4433 Evangelio
1318 4365 1519 4417 censentanea
1539 4370 1708 4427 ccrtserent,
1728 4358 1817 4438 qnod·

1017 4472 1077 4529 qne
1095 4470 1210 4509 euertere
1230 4456 1294 4509 ernt
1313 4450 1428 4529 injuria,
1449 4451 1478 4509 id
1498 4449 1617 4511 electum
1633 4455 1701 4531 juro
1721 4472 1757 4511 sc
1775 4452 1819 4512 la·

1016 4563 1085 4602 cere
1109 4542 1332 4611 existimabant,
1356 4546 1426 4621 quin
1453 4542 1642 4605 lnrtlrerannc
1666 4544 1822 4607 doctrinae

1016 4654 1196 4714 praeconum
1217 4635 1355 4714 exemplo
1382 4635 1540 4697 iaciebant.
1582 4641 1685 4716 ltaque
1709 4641 1761 4700 nbi
1788 4641 1821 4701 in

1016 4727 1092 4787 deos
1111 4726 1303 4804 dirorumque
1324 4728 1433 4803 templa
1451 4736 1480 4788 et
1498 4731 1655 4791 sirarulncrn
1672 4735 1820 4793 saeviln-

1016 4830 1074 4889 est,
1093 4818 1270 4879 sacerdotes
1290 4832 1321 4879 et
1341 4822 1488 4881 interioris
1514 4824 1648 4883 todonae
1671 4825 1821 4895 beminen,

1016 4934 1173 4996 pauperes,
1194 4912 1319 4981 debiles,
1341 4922 1371 4973 ct
1391 4914 1618 4993 eleemosynarii
1639 4919 1824 4982 contumelia

1015 5016 1045 5069 ot
1064 5010 1175 5071 inuidia
1193 5007 1401 5087 gravabantur.
1421 5007 1494 5068 Erat
1510 5012 1595 5089 juxta
1609 5013 1757 5071 ciuitatem
1773 5016 1823 5086 (nt

158 5102 177 5139 a
197 5078 364 5149 Germanis,
383 5104 506 5161 quornm
528 5089 671 5164 tertuum,
690 5096 805 5177 ubiper
818 5099 956 5163 lunumet
1013 5102 1060 5178 tt)
1080 5102 1282 5183 leprosoriun,
1302 5097 1606 5182 eide-queadjuncta
1625 5104 1820 5167 Ecclesial).

157 5172 409 5253 intemperentia·
429 5179 652 5257 cullulrerentur,
671 5208 709 5249 co
723 5189 955 5271 impotentinsin
1013 5194 1142 5273 Georgii)
1161 5193 1278 5270 witti
1298 5209 1396 5253 ΜΒ·
1434 5190 1522 5255 ΗΜΘ
1540 5196 1689 5275 t¹¹⁰¹¹d⁸m
1709 5200 1740 5259 5⁰
1759 5208 1821 5259 ¹¹⁰·
