3742 5626
745 114 1013 172 consulturus.
1697 122 1717 175 o

55 264 205 325 tialrrielis
237 264 332 343 palmi
360 264 451 343 jussu
476 262 743 343 conprehenditur,
768 268 857 344 inque
917 288 986 325 veru
1001 267 1172 329 Senreeaica
1190 268 1271 337 dieti,
1292 268 1395 327 aona·
1415 273 1527 348 partera
1547 270 1716 347 provinciae

54 376 193 417 carceres
212 357 376 437 conjicitor.
404 352 464 415 Alii
486 354 563 417 lane
582 358 667 417 illurn
685 377 722 419 ac
741 358 858 436 frigore,
915 357 1049 419 Sererae
1074 362 1278 437 possidentes.
1305 359 1416 438 alioqui
1435 358 1612 423 Litbuauiae
1637 362 1718 423 duci·

54 470 125 529 pers
145 450 224 509 iuno
244 446 418 509 suffocatum
436 453 550 528 putant.
589 448 721 519 Gabriel,
740 451 859 511 virente
916 450 974 511 bus
994 450 1178 521 obedien'es,
1199 453 1320 530 imperio
1341 450 1438 511 blosci
1458 472 1494 511 se
1514 452 1641 513 tradunt.
1664 454 1717 514 Sic

58 541 499 617 liemetrio.grrbernatoremse
512 540 625 617 genitr
646 560 683 601 eo
696 560 766 600 vern
783 560 858 600 rnor-
916 543 1005 601 unico
1032 544 1183 614 condictu,
1210 552 1240 603 et
1266 544 1371 605 eodem
1396 565 1474 605 anno
1501 542 1628 624 adeptus
1654 552 1717 607 erat

55 638 116 701 tuo,
136 636 329 713 principatum
348 634 452 703 tenuit,
486 654 544 693 non
563 634 769 709 inauguratus,
799 631 858 695 Ga·
916 634 1051 705 blesens,
1071 655 1159 715 quem
1172 635 1305 695 vietum
1324 656 1451 713 magnus
1470 635 1718 699 duxlritbuaniae

57 724 161 783 brielis
178 726 318 785 duntaxat
344 726 374 785 in
395 723 500 785 Basilii
525 726 643 787 nrrmiue
667 730 857 787 commutate.
916 727 1017 787 uultis
1034 729 1133 797 annis,
1153 727 1348 807 maximisque
1368 729 1520 791 laboribus
1539 730 1716 793 obtinuerat.

57 814 130 877 linat
150 819 248 878 loanni
267 836 376 895 magun
385 816 454 877 duci
473 838 510 877 ex
520 817 644 898 Sophia,
664 819 723 879 lilia
732 818 858 888 Helena,
917 816 1011 879 Porro
1037 840 1104 879 cum
1130 817 1215 879 hisco
1242 820 1367 899 captivis
1390 819 1564 891 bitbuanis,
1592 822 1719 882 Moscus

57 930 146 989 quam
166 911 323 977 collocarit
341 909 512 970 Alexandro
533 930 638 990 unguo
658 910 726 971 duci
738 911 859 971 bitbua·
918 910 1067 971 crudelius
1089 913 1157 988 egit,
1177 912 1364 988 gravissimis
1383 910 1518 972 catbenis
1539 914 1655 973 uinctos
1668 914 1717 974 de

58 1002 134 1069 iriae,
153 1004 202 1079 qui
228 1008 335 1083 postea
360 1023 414 1062 rex
441 1002 582 1063 Pnlnuiae
607 1004 777 1065 declaratum
801 1008 857 1063 cst
917 1004 1018 1063 tinuit:
1045 1004 1163 1083 egitque
1181 1023 1249 1063 cum
1268 1002 1463 1063 Constantino
1483 1004 1575 1073 (luce,
1602 1013 1635 1065 ut
1654 1007 1719 1067 reli-

56 1094 226 1175 Sperabaut
246 1093 387 1155 bitbuani
402 1096 465 1174 jam
490 1098 683 1171 gravissimas
707 1096 861 1173 utriusque
919 1100 968 1153 eto
979 1094 1096 1155 domino
1108 1096 1241 1165 naturali,
1260 1096 1319 1155 sibi
1329 1096 1469 1167 serviret3
1490 1099 1618 1174 quicum
1631 1100 1719 1160 aliam

56 1187 199 1265 principis
219 1186 386 1247 discordias
405 1205 442 1243 eo
462 1186 645 1247 matrimonio
655 1189 772 1267 sopitas
783 1186 860 1245 l'oro:
919 1206 1004 1263 spem
1024 1188 1162 1247 elabendi
1180 1208 1238 1247 non
1259 1186 1398 1257 baberet,
1418 1186 1615 1249 conditionem
1636 1211 1720 1251 acce

56 1285 86 1338 at
108 1278 195 1354 longe
214 1282 365 1354 gramores
384 1276 454 1337 inde
473 1282 574 1335 exorte
598 1285 678 1338 sunt.
721 1279 753 1336 ln
773 1297 861 1357 spou-
920 1278 972 1359 pit,
998 1278 1218 1357 obstrictusque
1238 1282 1414 1356 gravissimo
1435 1281 1620 1360 juramento,
1650 1284 1721 1344 libe-

57 1372 176 1429 salibus
202 1388 330 1447 namquo
355 1366 526 1428 conclusum
552 1376 629 1440 erat,
659 1376 692 1430 ut
719 1370 862 1451 templum
920 1375 1003 1431 ratus
1028 1375 1086 1429 est.
1132 1369 1210 1429 Huic
1235 1392 1321 1449 porro
1348 1374 1482 1450 quamvis
1509 1373 1628 1448 praedia
1655 1396 1721 1453 pes-

60 1460 231 1521 Rutbenico
262 1462 319 1519 ritu
344 1458 374 1519 iu
398 1466 498 1521 outre
529 1460 683 1531 Vilnensi,
713 1460 862 1521 destinato
921 1462 1139 1539 sessionesquc
1161 1481 1211 1537 pro
1232 1468 1328 1521 status
1348 1465 1395 1522 sui
1416 1464 1584 1524 conditione
1602 1469 1721 1526 attribu·

61 1555 128 1613 loco
148 1552 398 1621 exaedificaretur,
419 1552 508 1631 eiquo
533 1560 632 1613 certae
658 1559 808 1613 matronae
826 1572 862 1613 ac
920 1558 971 1615 tae
990 1558 1103 1622 essent,
1129 1554 1166 1611 iis
1186 1558 1283 1611 tarmen
1304 1553 1411 1629 placari
1436 1575 1472 1613 ac
1498 1556 1621 1617 detineri
1646 1559 1722 1618 adeo

61 1647 190 1722 virgines
211 1642 344 1725 ejusden
364 1645 439 1703 ritus
456 1646 667 1723 jungerentur3
692 1666 770 1725 quae
795 1664 862 1707 ertu
921 1664 980 1707 oon
999 1650 1124 1726 poterat.
1144 1650 1176 1702 ut
1195 1644 1233 1703 ad
1254 1647 1373 1722 primam
1394 1648 1590 1717 occasionem,
1609 1670 1663 1729 per
1682 1652 1724 1709 in·

57 1734 864 1817 aliquantoternporelierinegligerentur,surritsooer
921 1738 987 1799 rias
1006 1738 1109 1817 sylves
1131 1734 1261 1795 redierit.
1302 1737 1474 1797 Alexander
1498 1758 1551 1797 rex
1572 1736 1724 1811 Pelusiae,

58 1848 180 1889 causan
192 1826 379 1887 bellieoulra
387 1826 649 1891 Alexandruurct
662 1828 863 1909 tripliciexer·
921 1848 1047 1905 euagrius
1071 1827 1133 1887 dux
1158 1828 1352 1897 Litbuaniael,
1384 1830 1434 1907 qui
1459 1836 1603 1908 perpetuo
1629 1835 1724 1909 magis

58 1923 118 1981 citu
135 1924 287 1989 instructo,
307 1924 409 1979 contre
425 1938 491 1979 eure
516 1920 714 1999 progreditur,
741 1923 862 2001 primunr
921 1942 997 2001 pace
1022 1942 1109 1999 quarn
1136 1920 1214 1979 bello
1246 1921 1410 1998 gaudebat,
1444 1921 1556 1980 relictis
1588 1926 1724 1985 ornnibus

59 2034 167 2073 sersus
193 2012 370 2090 provinciam
398 2012 540 2071 Sercrarn
567 2013 596 2072 in
623 2012 788 2083 meridiem,
816 2034 862 2072 se·
923 2015 1084 2092 provinciis
1104 2018 1134 2071 et
1154 2014 1262 2071 castris
1281 2013 1418 2072 ablesco
1438 2015 1602 2093 occrrpatis,
1622 2014 1723 2077 libera·

59 2106 189 2165 eundum
222 2124 293 2165 roro
323 2106 354 2163 in
375 2102 571 2163 Occidentem
596 2112 700 2165 eontra
727 2104 864 2183 Toropec
922 2107 1002 2164 tione
1022 2125 1141 2163 suerum
1163 2109 1330 2173 contentus,
1351 2124 1454 2183 pacem
1475 2124 1541 2163 cum
1557 2126 1663 2165 socero
1683 2108 1724 2167 le-

60 2206 92 2257 et
111 2196 198 2258 Biela
216 2196 351 2265 institunt,
370 2197 487 2255 tertium
506 2197 537 2255 in
559 2195 658 2255 medie
671 2196 864 2255 verausDro·
923 2198 971 2258 cit.
1001 2200 1031 2255 ls
1050 2197 1184 2256 loannes
1199 2194 1303 2255 Basilii
1322 2196 1399 2257 adeo
1414 2196 1581 2258 fortunatus
1601 2204 1673 2267 erat,
1693 2207 1725 2258 ut

60 2288 196 2365 gribeselr
221 2294 253 2347 et
276 2286 456 2349 Snoleusko
480 2288 621 2360 collocat3
655 2288 693 2348 ab
721 2288 758 2348 iis
783 2308 863 2347 error·
923 2288 1031 2366 praelio
1058 2285 1325 2364 Norogardenses,
1357 2289 1394 2348 nd
1422 2288 1541 2349 lluvium
1572 2289 1723 2361 Sebolqna

62 2386 152 2441 «eitun
173 2381 203 2439 iu
222 2378 369 2439 subsidiis
388 2381 504 2447 retinet,
524 2400 584 2457 qun
604 2380 776 2450 eimaxirrc,
796 2400 864 2439 con·
921 2380 1083 2458 superarit3
1104 2381 1199 2439 rietes
1209 2380 1318 2458 adegit,
1331 2382 1420 2441 certis
1432 2381 1650 2443 conditionibus
1663 2403 1725 2460 pro·

63 2483 108 2533 tra
127 2492 213 2550 quen
223 2470 389 2533 bitbuanos
408 2478 590 2552 pugnaturos
611 2472 864 2543 urrinnadrerteret,
922 2472 1039 2551 positis,
1059 2491 1095 2530 se
1116 2479 1149 2531 ut
1168 2472 1316 2531 dominum
1339 2478 1370 2531 ct
1393 2474 1556 2552 prinoipem
1580 2494 1724 2551 agnosce-

62 2584 236 2625 suecurrere
257 2570 369 2643 posset.
408 2563 730 2643 Postquurrrauternad
744 2563 863 2623 liuriunr
923 2568 1002 2623 rent:
1035 2583 1168 2639 magnam
1196 2565 1242 2623 eis
1269 2566 1424 2643 pecuniam
1450 2566 1617 2644 imperarit:
1647 2567 1725 2625 unde

62 2656 209 2737 quondan
230 2654 388 2717 Vedrtsolt
408 2662 532 2735 uterque
552 2657 701 2717 exercitus
720 2656 864 2725 venisset,
924 2656 1010 2713 ctiam
1042 2656 1230 2715 cnrrslituens
1264 2658 1345 2731 prius
1375 2657 1413 2714 ibi
1447 2657 1542 2716 lacurn
1575 2662 1723 2717 tenentem

62 2746 204 2809 Litbuani
230 2746 307 2807 duce
334 2746 531 2807 Coustamirm
558 2746 710 2829 Ostrnslrij
741 2750 866 2807 maxima
923 2769 1020 2817 strum,
1040 2748 1120 2807 abiit:
1142 2768 1209 2824 qun,
1231 2749 1343 2807 exactis
1365 2748 1482 2807 tandem
1504 2752 1726 2826 septemdenis.

64 2860 216 2919 procerum
236 2844 267 2899 at
286 2838 425 2899 nobilium
447 2839 612 2917 frequentia
631 2846 733 2917 septo,
752 2860 790 2901 ex
804 2840 865 2918 qui·
924 2861 1072 2908 reversus,
1099 2841 1246 2898 civitatem
1267 2840 1426 2917 ingreditur
1450 2839 1558 2901 auxilio
1583 2842 1725 2920 arcbiepi·

64 2932 191 2993 busdam
217 2932 343 3007 captivis
369 2949 516 2991 aunem·
543 2930 673 2991 bostium
697 2952 733 2991 ac
759 2931 865 2992 ducum
924 2932 1009 3010 scopi
1031 2930 1204 3011 'l'beoplriliz
1226 2932 1340 2991 incolas
1360 2931 1397 2991 ad
1418 2934 1608 2993 miserrimam
1635 2936 1725 2993 serri-

63 3045 183 3105 quoque
204 3043 269 3083 curu
291 3024 519 3101 cognovissent,
544 3040 679 3099 nagnam
699 3043 782 3101 spen
803 3044 865 3101 pro·
923 3030 1013 3083 tutem
1035 3022 1161 3099 redegit:
1181 3025 1306 3103 arreptis
1325 3032 1448 3101 argento
1467 3031 1497 3083 et
1516 3046 1597 3094 aure,
1618 3025 1726 3087 ablatis

64 3116 184 3195 digandi
204 3115 320 3175 brisim
341 3116 517 3193 concipiunt.
557 3114 649 3175 Porro
674 3137 739 3177 curn
766 3116 866 3177 llurio-
924 3116 1052 3194 denique
1071 3115 1207 3174 omnibus
1228 3116 1332 3173 civium
1353 3118 1454 3185 bonis,
1481 3116 1550 3175 inde
1575 3116 1649 3177 ultra
1670 3124 1725 3177 tre-

65 3210 114 3267 lus
133 3207 299 3267 condictum
320 3206 488 3283 inpediret,
513 3208 553 3267 ab
573 3209 706 3286 utrisque
724 3210 868 3269 transitus
925 3214 1013 3269 eenta
1033 3208 1166 3287 plaustra
1185 3207 1262 3265 bene
1288 3215 1397 3269 «inusta
1416 3209 1544 3269 abvexit.
1583 3211 1725 3288 ipsese

65 3322 121 3359 seu
143 3299 247 3360 redum
267 3300 426 3376 quaeritur.
466 3298 558 3359 Primi
578 3306 677 3360 autem
697 3296 795 3360 lllos'ci
816 3301 869 3361 ali·
926 3301 983 3360 mel
1010 3298 1155 3359 duntaxat
1177 3298 1255 3357 bello
1282 3300 1427 3370 interluit,
1452 3322 1518 3361 curu
1546 3302 1728 3380 principatus

65 3399 146 3472 quot,
167 3398 307 3471 superata
326 3391 397 3467 ripa,
418 3389 585 3452 Litbuanos
609 3392 649 3451 ad
674 3413 801 3472 pugnarn
828 3392 868 3453 la·
928 3390 1136 3469 Norngardiae
1156 3398 1185 3451 et
1205 3391 1230 3450 'l'
1234 3394 1369 3453 verensis
1389 3394 1626 3472 oceupalrnntur3
1652 3392 1728 3453 alias

66 3490 207 3545 cessuntr
233 3490 323 3562 etque
344 3483 385 3541 illi
405 3482 484 3541 baud
504 3483 596 3544 timidi
615 3486 773 3555 resistunt,
803 3504 869 3545 eos·
927 3486 1039 3564 praelio
1060 3504 1208 3563 nunquam
1229 3484 1339 3544 adesse
1356 3485 1490 3551 dolebat,
1517 3491 1661 3545 ettamen
1691 3487 1727 3544 ri·

67 3598 126 3655 que
146 3578 349 3655 insequuntur,
369 3574 481 3653 sugant,
501 3576 636 3653 ultraque
651 3574 868 3654 buriolunrpel·
928 3578 1047 3638 ctoriam
1074 3596 1194 3655 semper
1221 3577 1405 3655 reportabat:
1428 3576 1520 3641 adeo,
1546 3582 1579 3635 ut
1604 3595 1728 3651 magnus

67 3670 148 3739 lunl3
173 3687 240 3727 nort
266 3668 402 3745 utrinque
420 3667 504 3725 acies
529 3669 761 3737 eunrurittuntur,
788 3689 868 3746 prae·
929 3670 977 3729 ille
996 3668 1172 3748 Steplronus
1192 3667 1359 3729 bluldar'iae
1382 3668 1544 3745 palatinus,
1570 3668 1673 3724 crebro
1699 3668 1728 3725 in

66 3762 196 3839 liunqee
215 3764 297 3818 atrox
316 3759 416 3819 oritur.
446 3760 562 3818 interea
581 3756 648 3817 dum
670 3761 805 3837 utrinque
820 3781 869 3821 eo·
929 3761 1071 3821 conviviis
1083 3762 1149 3839 ejus
1163 3762 1337 3817 montionem
1350 3760 1474 3823 taciens,
1495 3757 1620 3814 diceret:
1642 3757 1726 3817 lllunr

67 3852 138 3913 dem
157 3851 262 3913 ardore
283 3852 443 3911 animorum
464 3850 569 3909 acriter
583 3856 739 3913 certarent.
760 3853 869 3911 enerei·
929 3852 1005 3911 demi
1031 3850 1166 3911 sedendo
1194 3856 1223 3907 et
1249 3848 1430 3909 dormitando
1462 3848 1613 3925 imperitus
1645 3870 1730 3909 suurn

68 3952 120 4004 tur
139 3946 169 4003 in
187 3942 307 4005 insidiis
323 3942 496 4009 collocatus,
515 3960 603 4019 quen
622 3944 793 4018 paucissimi
809 3942 870 4001 Ru·
929 3964 1048 4019 augere,
1071 3964 1106 4001 se
1126 3962 1195 3999 vero
1217 3939 1374 4017 pugnando
1393 3939 1524 4019 quetidie
1550 3940 1597 3999 vix
1624 3939 1731 4000 limites

69 4033 154 4094 tironi
172 4036 337 4095 adiuturum
358 4034 510 4103 sciebant,
530 4052 568 4091 es
588 4032 680 4092 latere
699 4034 729 4091 in
757 4032 871 4093 medios
930 4035 1091 4095 defendere
1111 4053 1214 4111 posse.
1261 4031 1312 4090 llle
1337 4032 1424 4089 etiam
1451 4050 1538 4107 reges
1560 4032 1670 4091 Casani
1695 4054 1732 4093 ex

69 4128 178 4187 hostes
197 4126 349 4187 inducitur.
390 4123 530 4185 bitbuani
556 4130 633 4184 notu
659 4124 803 4200 perculsi,
829 4123 871 4183 di·
931 4126 1079 4185 rnlnntate
1100 4142 1156 4181 sua
1177 4124 1337 4191 constituit,
1358 4122 1516 4201 aliquando
1537 4126 1671 4202 captives
1689 4145 1730 4183 re·

69 4220 224 4278 labuntur:
248 4218 402 4295 inperator
427 4217 578 4277 exercitus
602 4236 661 4275 una
674 4216 744 4273 'cum
772 4215 872 4293 pleris·
931 4217 1023 4283 duxit,
1042 4236 1060 4275 a
1080 4215 1187 4294 quibus
1207 4220 1306 4274 tannen
1328 4222 1474 4291 postremo
1495 4212 1590 4275 sen'ex
1608 4216 1732 4275 marinna

69 4332 130 4389 que
150 4310 299 4370 nobilibus
319 4310 447 4387 eapitur,
467 4307 570 4383 reliqui
591 4308 748 4385 perterriti,
774 4314 873 4366 (austra
931 4315 1032 4383 strage
1052 4306 1223 4385 prulligatus
1243 4314 1301 4369 est.
1329 4307 1470 4367 llleidera
1481 4308 1732 4387 primusesstrusr

71 4402 152 4461 besti
172 4401 356 4461 concedunt:
375 4406 451 4459 sect
470 4418 566 4457 arces.
588 4396 796 4474 Drognbusclr,
816 4397 873 4458 To·
931 4399 1113 4467 blnscoviae,
1133 4420 1279 4479 suamque
1299 4400 1418 4463 sedem,
1439 4404 1470 4457 nt
1490 4398 1579 4457 lrmlie
1598 4398 1735 4463 comitur,

71 4514 175 4569 repes,
195 4499 225 4552 et
237 4492 323 4553 Biela
343 4494 450 4565 pariter
469 4488 590 4548 dedunt.
623 4489 780 4549 Exercitus
794 4510 874 4555 vcro.
932 4512 1014 4552 rnuro
1035 4494 1230 4551 ‹eommunirit
1259 4492 1435 4551 blulieribus
1456 4484 1735 4569 porrerrsqueadeo

71 4588 124 4665 qui
144 4584 295 4645 meridiem
317 4604 424 4643 uersus
444 4590 646 4657 processerat,
671 4584 718 4641 cui
739 4588 876 4661 praeerat
933 4584 1070 4643 infensus
1089 4592 1161 4653 erat,
1181 4590 1214 4643 ut
1233 4586 1301 4663 ejus
1321 4588 1494 4662 conspectu,
1513 4580 1541 4639 si
1561 4594 1640 4655 quae
1660 4574 1736 4639 torre

71 4676 132 4737 dux
151 4675 400 4737 blaebsretberain
423 4672 566 4733 Tartarus
585 4691 637 4731 rex
660 4674 781 4739 Casani,
800 4673 875 4734 t'ortc
935 4677 1051 4737 nitriam
1071 4676 1129 4735 sibi
1151 4676 1314 4744 venisseut,
1334 4679 1444 4735 tantum
1466 4684 1580 4735 nom

73 4768 212 4829 lirenslro
231 4769 360 4829 civitatis
386 4762 581 4844 praesectum,
607 4783 692 4839 quem
719 4765 876 4825 vernacula
935 4776 989 4827 tur.
1031 4768 1218 4847 Pauperibus
1236 4789 1255 4827 a
1277 4762 1491 4846 potentioribus
1510 4774 1580 4839 appr

74 4864 174 4937 lingua
192 4856 358 4919 Volvodau
380 4862 496 4919 uocant.
516 4851 747 4934 comprehendit.
769 4854 876 4915 lirens-
932 4862 1069 4939 jurisque
1086 4858 1216 4927 allectis,
1242 4858 1341 4917 aditus
1366 4851 1406 4911 ad
1430 4868 1498 4909 eun
1523 4868 1556 4911 aa

75 4954 174 5029 ireque
193 4952 314 5013 civitate
333 4951 451 5029 politur.
493 4947 561 5007 lino
583 4951 649 5023 pest
669 4948 796 5019 germani
823 4948 877 5007 lra-
937 4953 966 5008 in
987 4950 1110 5027 prandio
1130 4948 1302 5025 plerumque
1321 4944 1396 5003 adeo
1422 4960 1460 5003 ιο
1485 4946 1556 5025 με

73 5051 148 5111 tres,
166 5042 272 5103 Basilii
291 5042 449 5119 patrueles.
469 5041 543 5101 alter
563 5038 601 5097 de
621 5036 785 5101 Starndub.
805 5040 878 5099 alter
907 5092 910 5103 .
938 5043 1004 5101 bat.
1029 5051 1060 5099 ut
1087 5058 1191 5095 serrano
1217 5036 1443 5112 opprimeretur}
1467 5034 1544 5109 lpffl
