3742 5626
165 205 201 262 68
749 203 877 262 RERUM
892 202 1226 260 uoscovrttcasun

163 380 237 430 rere,
258 378 294 419 ac
312 359 421 440 pectori
443 378 559 438 quoquo
579 359 657 420 nudo
677 360 825 443 applicare
835 359 960 420 soleant.
1022 357 1114 419 sedes
1142 357 1263 419 hahent.
1315 357 1363 418 Ab
1389 356 1496 439 Asoph
1525 356 1562 418 ad
1595 354 1826 418 Schamachiaru

165 453 298 513 Plantam
324 453 381 512 sibi
400 456 497 512 tamen
526 474 584 512 nou
605 457 697 514 visam
717 474 802 524 esse,
830 473 885 512 nec
912 471 962 511 no·
1022 458 1094 519 suut
1113 451 1269 512 duodecim
1291 450 1419 511 diaetae.

166 568 231 607 metr
251 566 287 606 se
306 547 393 616 scire,
412 546 468 605 uisi
489 545 568 625 quod
588 545 894 607 illicSamarcandoos
915 565 964 605 vo·
1099 547 1149 607 Ab
1170 545 1295 606 Oriente
1321 543 1478 604 lileridiern
1503 562 1609 603 versus
1635 541 1827 613 reflectendo,

164 645 263 699 cetur:
282 660 407 717 eamque
427 658 498 699 osse
524 660 559 699 ex
584 641 698 700 animali
725 642 816 700 instar
843 639 964 720 plantae
1023 639 1101 698 circa
1121 638 1283 700 Maeotidis
1302 637 1428 719 paludes
1448 641 1477 695 et
1488 634 1624 704 Pontum,
1645 633 1683 694 ad
1705 633 1826 695 flurium

165 731 195 792 in
217 738 326 794 terram
346 732 452 795 delixa.
493 731 579 804 Quae
600 754 663 794 cum
689 735 727 793 ab
753 733 874 793 aliorum
901 752 965 791 nar·
1024 730 1117 811 Cupa,
1137 734 1188 812 qui
1209 731 1334 812 paludes
1354 731 1456 800 inlluit,
1478 726 1726 809 Aphgasipopuli
1746 736 1828 799 sunt,

165 827 277 886 ratione
298 846 356 886 non
376 825 550 897 dissideant,
576 826 645 886 mihi
667 828 773 905 (inquit
797 825 960 897 Postellus)
1023 844 1082 902 quo
1102 824 1159 884 loci
1179 845 1276 903 usquo
1295 824 1334 884 ad
1353 822 1468 885 Merula
1487 823 1613 892 iluvium,
1634 820 1827 902 qniPootum

166 939 245 1000 poue
264 920 450 1000 persuadent,
473 930 505 980 ut
524 919 603 980 hanc
614 941 675 980 rem
690 922 789 979 minus
803 918 967 978 fabulosam
1022 915 1158 987 illabitur,
1179 930 1294 977 montes
1315 922 1477 988 occurrunt,
1499 935 1574 995 quos
1596 916 1741 985 Circassi,
1768 936 1823 977 seu

167 1019 345 1093 esseputem
361 1013 398 1075 ad
415 1013 534 1091 gloriam
547 1014 708 1085 Creatoris,
732 1012 968 1073 cuiomniasuut
1027 1008 1094 1069 Cilri
1114 1012 1256 1073 incolunt.
1275 1011 1314 1071 lli
1334 1012 1473 1070 montium
1494 1009 1653 1088 asperitato
1673 1007 1754 1080 freti,
1774 1032 1828 1071 uec

164 1107 329 1187 possibilia.
1027 1102 1143 1174 Tuccia,
1164 1124 1220 1163 nec
1240 1103 1371 1163 Tartaris
1391 1108 1502 1184 parent.
1540 1101 1604 1162 Eos
1623 1108 1721 1163 tanen
1745 1104 1829 1166 Chri·

241 1198 270 1258 A
285 1200 421 1281 Principe
433 1199 576 1269 Sebidalr,
599 1195 810 1278 progrediendo
827 1196 968 1258 in0rien·
1027 1198 1143 1257 stianos
1169 1218 1255 1269 esse,
1281 1199 1347 1257 suis
1374 1197 1491 1275 legibus
1518 1199 1633 1266 rivere,
1658 1194 1688 1255 iu
1713 1196 1774 1258 ritu
1800 1203 1830 1259 et

165 1300 226 1351 tem
245 1293 348 1373 viginti
359 1292 475 1363 diebus,
499 1296 654 1352 occurrunt
662 1290 761 1370 populi
781 1311 856 1370 quos
868 1290 967 1352 blosci
1027 1292 1223 1351 caeremoniis
1243 1311 1307 1350 cum
1325 1289 1450 1352 Graecis
1463 1291 1628 1358 convenire,
1649 1290 1752 1368 lingue
1763 1291 1829 1353 Sla-

164 1385 317 1465 appellaut
334 1386 483 1464 Jurgeuci,
504 1386 612 1466 quibus
631 1383 750 1444 Barack
769 1383 885 1455 Soitan,
905 1405 967 1444 mu·
1026 1385 1133 1446 vouica
1153 1385 1228 1463 (qua
1247 1385 1384 1457 utuntur)
1412 1402 1497 1443 sacra
1516 1403 1667 1464 peragere,
1693 1382 1830 1445 Rutheui

165 1480 216 1554 gui
237 1479 322 1539 Chan
347 1500 403 1540 seu
427 1480 506 1557 regis
531 1478 570 1538 de
590 1478 696 1555 Cataia
720 1476 809 1538 irater
835 1477 968 1556 imperat.
1025 1484 1181 1539 testantur.
1221 1477 1422 1538 audacissimi
1443 1478 1555 1557 piratae
1581 1482 1666 1549 sunt3
1689 1498 1753 1538 uam
1775 1479 1831 1539 tlu-

165 1572 196 1631 A
216 1571 335 1632 domino
362 1572 478 1634 Barack
503 1571 618 1643 Saltan,
643 1571 747 1631 decem
774 1569 882 1630 diaetis
909 1572 968 1629 itur
1026 1573 1093 1642 viis,
1113 1571 1162 1649 qui
1184 1591 1221 1630 ex
1240 1592 1339 1630 eorum
1359 1571 1510 1630 montibus
1530 1570 1630 1640 fluunt,
1651 1570 1778 1631 navibus
1800 1573 1830 1631 in

165 1664 204 1725 ad
224 1664 340 1727 Bebeid
360 1666 454 1727 Chen.
494 1665 552 1729 Hic
577 1671 624 1727 est
649 1664 700 1725 ille
723 1683 850 1743 magnus
881 1661 966 1722 Chan
1027 1685 1106 1725 maro
1127 1663 1250 1742 delapsi,
1264 1684 1456 1744 quoscunque
1470 1668 1594 1741 possunt
1604 1663 1750 1743 spoliant:
1774 1687 1831 1725 eos

170 1757 208 1817 do
231 1758 347 1841 Cataja.
1027 1758 1217 1839 praesertim,
1244 1757 1292 1836 qui
1323 1778 1360 1817 ex
1386 1756 1491 1835 Caplra
1518 1756 1830 1838 Constantinopolium

241 1853 410 1914 Astrachau
431 1853 661 1933 urbsopulenta‚
682 1867 879 1929 magnumque
895 1846 967 1907 Tar·
1028 1853 1172 1927 navigant.
1213 1849 1298 1910 Ultra
1324 1851 1409 1928 Cupa
1434 1850 1553 1909 llrrvium
1579 1840 1828 1927 est'ltlengarlia,

167 1949 295 2005 tororum
321 1947 499 2027 emporium,
531 1967 549 2003 a
582 1965 641 2022 qua
667 1949 730 2004 tota
755 1943 968 2022 circumjacens
1026 1964 1114 2025 quam
1136 1943 1281 2002 Heraclea
1301 1943 1407 2003 tiuvius
1427 1944 1624 2003 interlabitur:
1643 1941 1752 2004 deiude
1773 1946 1828 2005 Co-

167 2039 248 2116 regio
268 2059 372 2099 nomen
384 2040 507 2118 accepit,
525 2037 751 2097 decemdierum
764 2037 869 2095 itinere
890 2034 969 2094 inira
1027 2038 1126 2108 statis,
1146 2056 1233 2116 quarn
1255 2035 1372 2114 quidam
1395 2036 1528 2095 Colchim
1549 2057 1619 2096 esse
1640 2036 1827 2098 arbitrantur.

169 2130 269 2193 Casan
296 2134 324 2192 in
351 2133 486 2193 citeriore
506 2130 621 2208 Volgae
648 2133 720 2212 ripa,
746 2128 784 2189 ad
812 2131 879 2210 ejus
906 2127 968 2187 sere
1026 2132 1205 2209 Postquam
1226 2129 1337 2190 Phasis
1357 2133 1494 2201 occurrit,
1517 2131 1566 2208 qui
1586 2130 1728 2209 priusque
1750 2153 1828 2192 mare

169 2228 249 2287 ostia
267 2226 326 2284 sita
345 2230 401 2295 est,
423 2223 572 2295 'Quidam
600 2222 678 2283 hanc
704 2243 762 2282 non
789 2222 827 2282 ad
854 2222 968 2300 Volgao
1026 2224 1171 2293 illabatur,
1191 2222 1270 2284 haud
1290 2223 1446 2302 proculab
1468 2223 1554 2282 ostiis
1573 2222 1759 2284 Satabellum
1786 2227 1828 2285 in-

172 2320 259 2387 ostia,
284 2317 339 2377 sed
359 2320 469 2397 aliquot
494 2316 606 2377 dierum
632 2317 737 2376 itinere
762 2316 831 2375 inde
858 2315 968 2375 distare
1026 2317 1123 2379 sulam
1144 2316 1228 2376 lacit:
1257 2317 1286 2376 in
1312 2338 1371 2395 qua
1398 2315 1474 2375 sama
1497 2320 1558 2386 est,
1582 2315 1704 2377 tasonis
1734 2338 1828 2379 naves

175 2413 266 2491 ajunt.
304 2410 451 2490 Equidem
471 2431 507 2470 eo
528 2411 593 2471 loco
615 2430 672 2489 quo
698 2409 794 2488 Volga
814 2408 919 2467 ilarius
939 2410 968 2466 in
1028 2410 1174 2492 quoddam
1195 2412 1328 2471 stetisse.
1367 2408 1450 2469 Ultra
1472 2407 1600 2479 Phasim,
1621 2408 1788 2488 Trapezus.

171 2505 281 2562 multos
305 2524 413 2574 ramos,
439 2525 514 2585 quos
540 2505 656 2584 quidem
682 2504 870 2583 septuaginta
897 2522 969 2560 esse

173 2598 266 2676 ajunt,
286 2598 443 2669 scinditur,
469 2599 625 2679 pluresque
651 2596 767 2657 insulas
793 2595 877 2665 lacit,
905 2596 970 2655 toti·

174 2687 300 2769 demquo
319 2690 381 2752 sero
401 2695 489 2752 ostiis
509 2693 650 2771 Caspium
675 2709 756 2750 mare
781 2694 863 2751 tauta
882 2710 970 2769 aqua-

170 2804 232 2843 rum
257 2785 342 2864 eopia
361 2784 534 2864 ingreditur,
566 2791 599 2846 ut
625 2783 728 2866 procul
753 2783 970 2863 spectantibus,

173 2896 255 2935 maro
276 2898 347 2938 esse
366 2880 508 2947 rideatur,
531 2876 698 2939 astrachan
710 2876 795 2936 sitam
809 2882 969 2955 esseputo.

175 2968 253 3027 Sunt
272 2971 333 3039 alii,
353 2974 403 3049 qui
425 2993 490 3032 cam
512 2971 651 3031 Citrahan
673 2970 830 3048 appellant.

252 3059 336 3120 Ultra
355 3062 493 3124 Viatkam
518 3073 549 3124 et
570 3064 684 3129 Casan,
714 3062 753 3121 ad
774 3060 910 3120 Permiae
931 3062 971 3119 ri-

174 3154 268 3214 cioam
289 3154 404 3216 Tartari
430 3156 573 3227 habitant,
599 3156 648 3235 qui
675 3154 858 3222 Turncnskii,
887 3153 972 3213 Schi-

174 3247 303 3315 hunaldi,
322 3254 353 3308 et
372 3249 523 3310 Cosatzlrii
543 3253 698 3318 uocantum
728 3268 765 3306 ex
785 3246 893 3326 quibus
913 3247 971 3307 Tu·

1104 2503 1248 2564 Tauricae
1263 2502 1444 2563 Chersonesi
1464 2501 1601 2582 paludes,
1621 2524 1700 2583 quaa
1720 2507 1760 2566 ah
1780 2526 1828 2564 os·

1027 2597 1079 2657 tiis
1103 2596 1215 2655 Tanais
1248 2597 1276 2655 in
1304 2594 1515 2673 longitudinem
1547 2605 1678 2655 trecenta
1704 2598 1830 2658 miliaria

1028 2691 1130 2750 ltulica
1155 2688 1264 2749 habere
1285 2688 1433 2758 dicuntur,
1466 2687 1503 2747 ad
1529 2693 1616 2770 caput
1634 2688 1666 2746 S.
1687 2687 1828 2758 loannis,

1028 2784 1263 2866 promontorium,
1283 2803 1340 2862 qua
1360 2783 1387 2841 in
1408 2787 1518 2841 arctum
1540 2787 1654 2853 coeunt,
1678 2779 1736 2840 duo
1757 2790 1826 2842 tau-

1028 2888 1090 2937 tum
1111 2876 1231 2935 miliaria
1249 2874 1349 2936 italica
1368 2877 1530 2936 continent.
1565 2875 1598 2934 ln
1618 2895 1654 2935 ea
1672 2872 1765 2954 Krym
1787 2876 1829 2935 ei·

1029 2972 1122 3040 vitas,
1153 2970 1222 3029 olim
1257 2989 1378 3047 regnum
1408 2967 1553 3028 Tauricae
1585 2968 1692 3029 sedes:
1719 2990 1737 3026 a
1771 2990 1830 3047 qua

1029 3061 1169 3141 Krymslri
1202 3062 1433 3121 nominabantur.
1492 3061 1606 3121 Postea
1629 3068 1690 3122 toto
1717 3061 1828 3122 isthmo

1030 3158 1131 3234 spacio
1160 3153 1240 3213 mille
1260 3154 1454 3215 ducentorum
1479 3176 1621 3235 passuum
1649 3154 1688 3215 ad
1713 3155 1828 3215 insulae

1030 3249 1149 3308 t'ornmm
1163 3245 1310 3327 perfosso,
1328 3268 1415 3325 reges
1427 3268 1483 3306 narn
1498 3242 1659 3328 Krymslrii,
1672 3248 1728 3309 sed
1740 3246 1816 3309 Prae

175 3340 301 3400 menslrii
325 3342 354 3400 iu
382 3343 479 3422 sylvis
502 3342 647 3411 habitare,
674 3341 838 3420 decemque
862 3340 971 3401 milium
1030 3341 1160 3421 copskii,
1190 3340 1227 3398 ab
1253 3339 1304 3400 illa
1336 3341 1466 3399 nimirum
1499 3342 1685 3420 perfessione
1710 3352 1828 3423 sumpto

175 3452 325 3494 uumemm
356 3437 440 3516 ajunt
463 3456 521 3495 non
547 3433 705 3497 excedere:
738 3433 786 3492 alii
821 3441 972 3513 praeterea
1029 3433 1464 3510 voeabulo‚nomenaccopere.
1488 3435 1621 3517 Praecop
1634 3437 1720 3505 enim,
1732 3435 1829 3513 lingua

178 3524 294 3587 Tartari
313 3533 395 3588 trans
414 3527 484 3588 Rha
503 3528 623 3588 tiuvium
642 3533 727 3596 sunt,
747 3527 797 3607 qui
818 3525 896 3605 quod
916 3527 972 3588 soli
1030 3526 1188 3588 Slavouica
1203 3525 1368 3605 perfossum
1388 3533 1484 3588 sonat.
1508 3526 1596 3588 Unde
1607 3536 1738 3607 apparet,
1757 3528 1828 3587 scri-

173 3620 299 3701 capillos
313 3623 448 3693 nutriant,
464 3620 602 3682 Kalnrulri
619 3630 774 3681 vocantur:
794 3625 824 3679 et
843 3620 881 3681 ad
894 3641 972 3682 mare
1030 3630 1142 3703 ptorem
1162 3618 1307 3699 quondam
1328 3639 1454 3687 errasse,
1474 3622 1521 3700 qui
1536 3620 1709 3699 Procopium
1737 3641 1825 3699 quen-

175 3712 319 3793 Caspium
339 3714 546 3785 Schamachia,
570 3736 591 3779 a
615 3737 672 3795 qua
700 3715 788 3775 etiam
815 3716 896 3791 regio
922 3735 971 3774 no·
1030 3714 1098 3774 dam
1118 3714 1158 3772 ibi
1179 3731 1322 3788 regnasse
1343 3714 1472 3792 scripsit.
1507 3712 1598 3774 Porro
1617 3719 1680 3775 tota
1700 3713 1829 3774 Cherso-

172 3826 241 3869 men
261 3810 385 3890 accepit,
405 3810 446 3869 ita
465 3809 616 3889 appellati,
637 3808 772 3868 homines
791 3808 821 3866 in
835 3806 972 3868 texendis
1031 3828 1139 3878 nesus,
1168 3805 1253 3884 sylva
1280 3803 1407 3883 quadam
1441 3825 1493 3884 per
1519 3806 1645 3867 medium
1670 3805 1830 3867 scinditur:

175 3903 304 3962 sericeis
330 3904 466 3965 vestibus
492 3901 688 3971 excellentes,
719 3920 839 3980 quorum
865 3901 972 3959 civitas
1030 3921 1125 3979 eaque
1143 3920 1214 3979 pars
1235 3918 1311 3977 quae
1336 3907 1459 3978 pontum
1487 3901 1620 3978 respicit,
1645 3902 1674 3960 in
1693 3920 1751 3978 qua
1771 3900 1830 3958 Ca-

174 4012 232 4055 scx
251 3994 364 4057 dierum
385 3996 490 4083 itinerq
508 3996 596 4057 ehem
615 3996 653 4056 ab
673 3992 857 4061 Astracban,
883 4013 971 4071 quam
1029 3993 1088 4073 pha
1107 3994 1230 4068 insignis
1255 3991 1341 4059 urbs,
1371 3991 1438 4050 olim
1460 3989 1631 4053 Theodosia
1649 3992 1742 4064 diota,
1763 3991 1824 4053 Ge·

172 4102 235 4147 uua
264 4106 332 4149 curu
356 4088 476 4167 regione
499 4110 550 4150 rex
575 4089 730 4159 Persamm
754 4086 827 4147 baut
852 4087 896 4146 ita
920 4085 971 4145 diu
1031 4088 1186 4148 anensium
1206 4083 1330 4152 colonia,
1351 4089 1412 4143 toto
1433 4084 1559 4144 aTurca
1576 4085 1751 4163 possidetur.
1771 4087 1829 4147 Ca·

174 4178 232 4257 (ut
249 4180 349 4263 ajunt)
367 4183 532 4263 occuparit.
1031 4180 1117 4258 phem
1146 4185 1243 4240 autem
1260 4176 1463 4247 lllahumetes,
1491 4178 1540 4255 qui
1561 4182 1729 4258 expugnata
1750 4178 1825 4238 Con·

182 4264 210 4303 ”¹
249 4270 356 4351 Amph
377 4274 482 4334 civitas
507 4273 545 4334 ad
565 4274 700 4343 Tanaim,
725 4273 763 4333 de
788 4292 847 4351 qua
873 4290 972 4352 supra,
1031 4272 1229 4351 stantinopoli,
1249 4267 1425 4329 Graecorum
1437 4271 1590 4350 imperium
1602 4271 1755 4343 destruxit,
1770 4270 1827 4332 Ge-

225 4368 291 4453 ίῃ
307 4362 421 4427 dicum
440 4367 544 4427 itinere
563 4367 653 4427 distat
672 4368 710 4427 ab
730 4365 914 4425 Astrarehan:
934 4365 972 4424 ab
1030 4367 1195 4425 nueosibus
1213 4362 1331 4424 ademit.
1372 4363 1503 4422 Alteram
1524 4366 1698 4444 peninsulae
1718 4373 1828 4447 partem

241 4440 282 4543 ᾖ
302 4462 412 4530 subn,
430 4456 558 4520 Taurica
572 4459 793 4528 Chersonesus,
814 4459 972 4538 praecipue
1031 4458 1174 4518 Tartarus
1193 4454 1339 4538 possidet.
1363 4455 1477 4516 Omnes
1498 4462 1595 4516 autem
1606 4456 1733 4530 Tartari,
1753 4460 1829 4521 Tau·

233 4568 274 4615 Ι
293 4542 428 4633 Ρῐίοοορ
452 4552 572 4623 civitas,
592 4552 679 4611 abest
706 4553 834 4630 quinque
860 4550 971 4609 dierum
1032 4552 1110 4610 ricae
1131 4570 1232 4627 reges,
1257 4550 1397 4625 originem
1423 4571 1506 4610 suam
1533 4570 1572 4610 ex
1591 4550 1829 4614 Savolhcnsibus

253 4643 972 4719 stomomamtemotnseacmn,10ng0
1031 4646 1150 4722 regibus
1177 4644 1302 4703 ducunt:
1333 4648 1362 4702 ot
1394 4662 1459 4703 cum
1490 4643 1653 4705 domestica
1681 4645 1830 4706 seditione

241 4738 335 4815 ..dtu
350 4738 483 4819 Uolgam
504 4743 609 4807 bactu,
631 4737 668 4796 ad
685 4734 905 4815 Borysthenem
924 4759 972 4796 us·
1031 4738 1119 4818 aliqui
1140 4758 1229 4815 regno
1249 4737 1329 4817 pulsi
1350 4737 1486 4806 luissent,
1513 4757 1568 4796 nec
1587 4758 1710 4819 usquam
1736 4738 1765 4797 iu
1787 4739 1827 4797 vi·

233 4836 360 4917 ‚campi
386 4833 498 4896 deserti
523 4836 609 4900 suut,
639 4850 713 4910 quos
739 4830 854 4890 Tartari
885 4830 973 4891 nullis
1032 4833 1109 4891 ciuia
1129 4831 1238 4890 sinnam
1260 4831 1361 4891 sedem
1383 4829 1493 4889 haltere
1513 4837 1654 4909 possent,
1674 4830 1750 4891 hanc
1767 4828 1829 4891 Eu·

205 4926 268 4987 reth
296 4928 423 4991 sedibus
453 4926 632 4988 inhabitant:
662 4932 778 5001 praeter
806 4924 911 5004 Asoph
944 4934 973 4984 et
1031 4944 1120 5003 ropac
1146 4936 1260 5004 partem
1286 4942 1483 5000 «recuperaret
1513 4924 1681 5004 veterisque
1704 4923 1831 5005 injuriae

171 5014 280 5083 Μαι
297 5022 456 5093 civitatem,
475 5042 552 5103 quae
571 5025 618 5080 est
638 5017 793 5077 duodecim
813 5018 973 5079 miliaribus
1031 5016 1111 5078 haud
1132 5019 1324 5086 immemores,
1339 5015 1390 5073 diu
1409 5035 1474 5074 cum
1491 5015 1727 5077 Savolheusibus
1747 5016 1830 5079 dimi·

225 5130 267 5175 ”n
286 5112 393 5191 Asoph
414 5114 453 5176 ad
472 5114 614 5176 Tanaim:
637 5124 668 5173 et
687 5113 792 5173 minori
812 5110 906 5173 Tanai
934 5115 974 5173 vi·
1032 5112 1155 5172 cabant:
1175 5110 1270 5173 dorrec
1288 5112 1400 5189 patrum
1420 5112 1571 5168 nostomm
1591 5110 1740 5183 menone,
1760 5112 1829 5173 Ale·

241 5204 435 5275 erm.
465 5208 516 5285 qui
540 5212 647 5269 mnam
673 5204 790 5279 colunt,
819 5212 974 5287 cerasque
1032 5205 1144 5267 rendre
1165 5224 1268 5281 magrro
1288 5200 1365 5260 duce
1383 5198 1561 5263 hitbuauiae
1579 5203 1610 5263 io
1630 5201 1756 5267 Potomia
1781 5205 1831 5264 in·
