3742 5626
742 124 1011 191 contutante.
1693 130 1728 189 tt

72 299 130 359 que
148 284 333 349 consiliarios
352 306 424 347 esse
439 282 561 353 sciebat,
580 292 613 345 ut
627 302 727 361 regem
741 285 788 345 vel
802 281 870 343 inde
928 278 1050 343 maltam
1069 282 1156 342 etiam
1176 282 1293 345 valebat
1306 283 1440 354 oonsilio,
1458 283 1725 367 scritajocoslsque

71 382 130 434 tum
149 384 276 458 possent
294 379 332 440 ad
352 378 527 442 servandam
546 376 632 437 fidem
650 396 767 456 cogere,
789 378 869 438 sirni-
927 374 1017 435 rebus
1036 395 1132 454 acque
1153 375 1287 449 idoneus,
1306 377 1452 457 planeque
1472 377 1527 453 (ut
1545 378 1644 458 ajunt)
1665 397 1725 439 ern·

71 469 119 527 les
137 470 431 551 literaselliagitavit,
450 472 700 553 impertraritque.
720 468 784 532 Sed
804 491 869 531 cura
926 467 1004 527 nium
1024 466 1158 529 horarum
1177 471 1233 530 virr
1261 490 1320 549 qna
1340 470 1429 529 animi
1448 467 1624 529 dexteritate
1649 469 1721 529 mol·

71 562 138 642 ejus
156 564 199 622 rei
221 566 345 625 nuncius
364 568 392 626 in
410 563 508 625 lllosci
530 562 683 625 custodias
703 563 868 634 incidisset,
925 564 987 619 tum
1012 560 1069 621 sibi
1096 562 1207 639 gratiae
1233 561 1482 642 authoritatisque
1507 560 1585 643 apud
1609 581 1724 633 omnes,

71 660 237 735 captusque
256 668 349 730 esset,
368 679 399 719 re
423 655 590 739 patefacta,
613 652 800 736 Principique
821 675 866 715 ce·
926 651 1092 713 Germanos
1113 658 1289 731 praesertim,
1309 656 1359 716 nbi
1375 655 1520 715 educatus
1533 654 1637 726 fuerat,
1657 673 1724 715 coe·

71 747 511 828 leritcrsignilicata‚ll1icbael
537 750 683 828 Principis
703 748 794 831 jussu
820 768 866 809 ca·
924 744 1083 806 ciliavorat.
1103 744 1257 819 Tartarus,
1275 747 1445 809 Alexandro
1465 766 1535 825 rege
1554 750 1723 827 imperante,

70 841 158 919 pitur.
188 840 299 905 Eodem
320 850 453 925 tempere
473 842 582 904 nobilis
600 842 717 922 quidam
737 861 775 902 ex
796 838 866 902 'fre-
924 838 1032 916 insigni
1042 838 1351 920 cladeprofligaverat:
1364 861 1460 921 nequo
1477 838 1723 913 eVitoldimorte,

70 933 198 1012 plronum
224 934 349 1011 familia,
374 937 552 999 adolescens
570 935 709 1005 Pelonus,
735 932 865 1011 aSigis·
923 928 1063 992 laitbaani
1082 938 1141 992 tarn
1167 933 1347 1013 praeclaram
1372 954 1391 993 a
1412 934 1543 995 Tartaris
1569 936 1721 996 victoriam

69 1026 176 1086 arundo
194 1048 264 1107 rege
289 1028 329 1090 ad
346 1028 524 1092 blicbaelem
545 1026 727 1089 lllosceriam
752 1028 865 1087 missus
923 1043 1050 1102 unquam
1071 1031 1267 1106 reportarunt.
1301 1023 1389 1085 Hunc
1410 1024 1548 1085 Germani
1573 1046 1646 1087 voce
1663 1026 1721 1089 Bo·

69 1124 147 1178 erat:
173 1123 224 1201 qui
243 1128 276 1181 ut
294 1121 435 1183 mandata
461 1124 539 1200 regis
559 1119 738 1181 commodius
758 1120 865 1198 exequi
923 1114 1048 1187 irenica,
1059 1116 1492 1196 Panltiicbaelvecabantrqui
1504 1137 1579 1190 cum,
1592 1118 1723 1181 utborno

67 1219 181 1289 posset,
200 1213 352 1294 perfugam
372 1236 408 1275 se
426 1214 594 1275 simulabat.
616 1209 867 1292 lsquoquebaud
922 1207 1083 1269 Rutbenus
1103 1208 1282 1273 Graecomm
1307 1211 1336 1270 in
1363 1208 1421 1270 lide
1448 1210 1531 1269 ritum
1561 1211 1599 1272 ab
1628 1214 1721 1282 initio,

68 1303 187 1365 meliore
199 1306 316 1367 fortuna
335 1326 420 1375 usus,
440 1329 457 1366 a
478 1304 593 1367 llloscis
612 1306 741 1385 capitur:
761 1310 866 1363 etcum
924 1321 1018 1380 eoque
1033 1308 1103 1382 post
1117 1304 1257 1376 obmisso,
1276 1300 1441 1364 Romanum
1457 1309 1580 1363 secutus
1603 1302 1722 1375 fuisset,

66 1397 218 1477 perfugam
238 1418 274 1457 se
294 1397 414 1469 diceret,
434 1418 531 1478 neque
550 1398 606 1457 sibi
625 1396 699 1456 fides
715 1394 866 1456 adbibere·
923 1414 982 1475 quo
1003 1392 1152 1476 Principis
1176 1398 1204 1456 in
1223 1418 1258 1457 se
1278 1397 1350 1456 iram
1376 1395 1662 1487 indignationemque
1681 1396 1721 1457 le·

67 1496 123 1559 tur,
142 1488 218 1549 adeo
238 1491 338 1551 aream
354 1491 514 1551 ¹continens
532 1490 596 1560 fuit,
616 1496 648 1550 ut
667 1490 754 1549 etiam
773 1488 865 1567 gravi·
923 1488 1006 1559 niret,
1027 1488 1237 1567 mitigaretque,
1258 1490 1286 1547 iu
1307 1488 1433 1549 uinculis
1458 1487 1555 1549 denuo
1576 1488 1720 1550 Rutbeni·

66 1588 113 1640 ter
132 1586 235 1653 tarbis,
255 1580 285 1641 id
306 1604 363 1643 non
384 1582 534 1643 revelaret.
555 1581 721 1642 Porreeum
732 1580 864 1641 Michael
922 1600 987 1639 cum
1006 1581 1181 1660 assumpsit.
1224 1578 1271 1639 De
1291 1581 1358 1661 ejus
1376 1580 1558 1653 iteratione,
1584 1580 1669 1643 nobis
1689 1584 1719 1643 in

65 1680 181 1754 captus,
202 1677 230 1735 in
251 1680 443 1755 conspectum
468 1673 614 1754 Principis
634 1674 663 1732 iu
682 1673 863 1734 Smolenslm
920 1671 1074 1733 ll'loscoiia
1095 1670 1301 1740 existentibus,
1327 1671 1410 1731 multi
1439 1674 1578 1751 praeclari
1598 1674 1662 1744 viri,
1689 1676 1718 1735 in

63 1764 210 1828 adductus
236 1766 359 1827 fuisset:
384 1765 519 1836 Perbde,
545 1766 647 1843 inquit,
671 1765 790 1845 dignate
809 1787 863 1848 pro
919 1766 1020 1846 primis
1045 1770 1143 1839 autern
1162 1764 1307 1843 Principis
1328 1766 1470 1845 conjunx,
1495 1787 1571 1847 quae
1595 1767 1653 1825 sibi
1680 1786 1719 1830 ex

62 1861 176 1919 meritis
195 1880 292 1939 poena
311 1858 451 1930 afficiam,
474 1858 608 1937 adquae
630 1856 861 1921 illerPerbdiae
919 1858 1006 1919 fratre
1032 1860 1131 1939 neptis
1159 1864 1231 1927 erat,
1256 1856 1334 1937 apud
1355 1855 1523 1939 Principem
1549 1858 1717 1935 laborabat3

62 1954 183 2023 crimen,
201 1949 285 2031 quod
306 1951 374 2011 milri
385 1952 532 2031 impingis,
553 1959 610 2010 non
625 1970 773 2031 agnosc03
793 1972 861 2013 nam
916 1950 1117 2011 intercedebat
1136 1972 1189 2033 pre
1209 1970 1244 2010 eo
1264 1950 1352 2009 etiarn
1367 1947 1718 2024 Cacsarllleximilianus,

62 2045 89 2105 si
101 2043 312 2109 tuuibitidem
331 2045 561 2125 pmmissamque
578 2063 744 2116 servasses,
764 2046 791 2105 si
811 2044 860 2105 de·
917 2045 1090 2123 litterasque
1111 2042 1260 2125 speciales
1279 2042 1307 2101 in
1328 2044 1501 2123 prioremea
1515 2043 1660 2122 legatione
1673 2045 1711 2107 ad

61 2138 206 2199 tissimum
227 2158 273 2197 ιιι
294 2137 323 2197 iu
340 2137 476 2197 omnibus
495 2138 667 2197 servitorem
686 2136 861 2211 babuisses;
918 2137 1083 2219 Principem
1103 2136 1219 2195 nominc
1243 2156 1299 2195 sue
1320 2134 1459 2196 dederat:
1483 2136 1591 2215 quibus
1615 2148 1715 2199 tamen
1844 2206 1850 2215 ,

61 2229 117 2289 sed
137 2249 204 2290 cum
223 2236 252 2289 te
272 2250 337 2291 earn
359 2228 551 2299 floccifacere,
569 2249 675 2311 meque
696 2252 714 2291 a
732 2236 762 2289 te
782 2232 861 2291 insu·
918 2251 1014 2310 usque
1033 2228 1108 2290 adeo
1128 2227 1199 2288 nibil
1217 2227 1353 2289 effectum
1372 2233 1429 2299 est,
1449 2232 1481 2288 ut
1500 2228 1569 2289 mibi
1585 2235 1647 2291 tum
1659 2250 1715 2293 nec

61 2342 114 2401 per
134 2321 214 2381 cludi
233 2320 373 2394 viderem,
392 2340 481 2400 graue
502 2320 569 2381 mibi
590 2323 619 2381 in
636 2322 803 2403 primisset,
825 2344 861 2383 ea
917 2322 1016 2383 aditus
1035 2321 1073 2383 ad
1094 2340 1128 2381 se
1147 2326 1276 2401 pateret:
1295 2322 1353 2380 imo
1374 2341 1412 2381 ue
1431 2318 1549 2381 videndi
1568 2324 1615 2383 sui
1629 2324 1714 2405 copie

60 2436 139 2495 quae
158 2417 254 2475 animo
272 2416 301 2475 in
321 2421 351 2475 te
371 2435 582 2495 conceperam,
608 2436 654 2475 me
674 2417 780 2496 exequi
802 2438 858 2476 nen
917 2414 1050 2478 dabatur.
1070 2413 1102 2475 ln
1123 2413 1215 2473 altera
1234 2434 1303 2473 vero
1323 2413 1480 2493 legatione,
1500 2434 1567 2475 cum
1580 2416 1654 2477 ferte
1674 2415 1713 2477 de

62 2509 214 2589 petuisse;
231 2512 349 2567 mortem
370 2527 424 2585 ego
444 2528 563 2588 semper
580 2510 753 2590 contempsi,
772 2529 858 2589 quam
916 2508 1088 2567 liberatione
1114 2507 1180 2589 ejus
1199 2510 1384 2579 tractaretur,
1414 2507 1536 2587 saepias
1560 2508 1713 2570 abloscis
1801 2572 1804 2577 ,

62 2601 110 2661 rel
129 2622 165 2662 ea
184 2620 275 2661 causa
295 2600 418 2661 libenter
441 2600 563 2672 subibo,
589 2622 626 2661 ne
646 2602 756 2663 vultum
776 2607 858 2662 tuam
915 2596 1501 2677 interrogabar,anhominomnorissem:
1515 2602 1712 2682 quibusequi·

61 2692 201 2774 Tyranne
219 2693 346 2774 amplius
366 2695 555 2773 conspiciam.
576 2693 691 2755 Deinde
710 2692 858 2775 Principis
914 2692 998 2763 dem,
1023 2691 1102 2770 quod
1123 2693 1152 2751 in
1178 2711 1210 2751 re
1230 2712 1314 2751 suam
1343 2690 1404 2751 fore
1423 2693 1581 2771 putabant,
1606 2714 1713 2755 nomen

56 2787 148 2868 jussu
167 2788 196 2847 ia
213 2805 349 2864 magnam
369 2785 469 2865 populi
483 2785 672 2863 frequentiam
695 2785 857 2847 inViesnra
913 2805 962 2845 me
982 2785 1126 2845 duntaxat
1135 2785 1202 2866 ejus
1211 2782 1368 2863 aliquando
1379 2782 1541 2854 audiuisse,
1561 2785 1709 2866 respondi.

59 2878 215 2949 abductus,
241 2878 291 2937 nbi
317 2898 473 2958 supremus
493 2877 561 2937 belli
581 2877 769 2951 Praefectus,
794 2900 857 2961 pro·
913 2880 1013 2959 Atque
1032 2875 1162 2939 lllicbacl
1181 2886 1243 2937 tum
1263 2875 1403 2937 liberatus
1422 2895 1458 2935 ac
1477 2874 1620 2937 dimissus
1640 2878 1711 2939 tuit:

58 2972 148 3053 jectis
168 2972 197 3031 in
223 2969 348 3029 medium
368 2970 521 3047 gravibus,
550 2971 659 3048 quibas
685 2971 856 3033 vinciendus
915 2970 1001 3055 cujus
1027 2970 1136 3051 neptim
1162 2968 1321 3052 Princeps,
1348 2970 1467 3031 virente
1490 2968 1588 3031 adbuc
1612 2972 1710 3051 priore

58 3068 132 3133 erat,
152 3061 303 3123 cathenis:
323 3062 465 3140 Princeps
481 3070 520 3129 te,
539 3064 640 3143 iuquit,
658 3064 786 3126 ll'liclrael
798 3086 856 3126 nra·
913 3085 1003 3125 uxore
1022 3084 1089 3123 cunr
1111 3062 1255 3135 duxisset,
1274 3067 1382 3125 tantam
1404 3082 1490 3143 spem
1515 3063 1543 3122 iu
1564 3083 1600 3122 eo
1620 3084 1709 3141 pone·

58 3158 136 3215 xima
156 3154 203 3229 (ut
222 3154 304 3230 scis)
323 3153 391 3214 dum
403 3154 526 3215 fideliter
534 3157 669 3219 servires.
691 3159 856 3237 gratiapro·
913 3159 973 3228 bat,
1004 3163 1037 3217 ut
1055 3156 1132 3217 flios
1151 3174 1225 3217 suos
1245 3154 1325 3217 illius
1343 3157 1447 3216 virtute
1472 3177 1491 3217 a
1515 3156 1654 3217 fratribus
1678 3159 1708 3217 in

59 3247 251 3326 sequebatur.
288 3246 452 3327 Postquam
471 3252 569 3307 autem
588 3248 751 3331 proditione
772 3251 856 3315 fertis
913 3269 1001 3327 regno
1021 3254 1101 3310 tutos
1120 3248 1342 3309 forecrederetr
1362 3253 1487 3309 tutorem
1500 3247 1707 3331 deniquelilio·

58 3361 130 3400 esse
150 3339 277 3409 voluisti,
297 3340 354 3401 boc
373 3346 402 3400 te
421 3338 584 3401 secandum
603 3342 706 3403 merita
724 3351 774 3405 tua
793 3365 855 3405 mu·
912 3362 976 3405 rum
996 3346 1300 3403 suerumtestarneuto
1312 3341 1485 3404 instituerat.
1505 3338 1621 3401 lllortue
1639 3342 1707 3403 dein

55 3451 127 3494 nere
145 3432 248 3506 donat;
267 3424 413 3512 simulque
435 3454 502 3493 cura
526 3433 615 3505 dicto,
642 3435 785 3497 catlreaas
813 3438 854 3497 illi
912 3437 1063 3517 Principe,
1086 3432 1203 3495 viduam
1229 3435 1429 3497 lascivientem
1456 3452 1522 3493 cum
1548 3433 1707 3496 identidem

56 3525 136 3605 injici
151 3527 255 3607 jubet;
276 3528 326 3605 qai
346 3526 416 3585 dnm
435 3526 476 3584 ita
497 3532 651 3607 spectante
670 3530 854 3589 nrrrltitudine
912 3532 1084 3606 increparet,
1105 3526 1404 3605 pmditieniscrimiue
1417 3526 1706 3599 abeaiusimulatus,

60 3618 196 3679 cathenis
210 3621 466 3697 constringeretur,
478 3618 516 3679 nd
528 3620 665 3702 populum
678 3641 855 3683 conterens:
910 3628 1074 3703 captusque
1099 3619 1199 3681 infelix
1218 3622 1347 3681 moritur.
1375 3618 1444 3691 Qua
1460 3640 1491 3680 re
1507 3626 1629 3701 patrata,
1648 3640 1705 3679 raon

55 3708 105 3773 Ne
131 3711 325 3790 captiuitatis,
353 3712 462 3790 inquit,
485 3732 570 3773 meae
595 3712 671 3775 falsa
695 3716 773 3796 apud
798 3736 852 3776 ros
910 3717 998 3793 longe
1017 3718 1095 3795 post,
1114 3714 1209 3795 ipsam
1234 3732 1350 3795 quoque
1370 3714 1565 3782 saevientem,
1591 3732 1706 3771 veneno

55 3806 134 3867 fania
158 3810 332 3885 spargatur,
356 3802 424 3883 quid
450 3803 583 3877 fecerim,
612 3827 722 3887 curque
746 3816 851 3889 captus
909 3808 1069 3869 sublatam:
1096 3806 1259 3867 adulterum
1285 3825 1354 3865 rere
1380 3804 1514 3865 Orcairra
1532 3801 1649 3877 dictrrm,
1676 3805 1706 3863 in

53 3900 122 3964 sim.
142 3898 247 3979 paucis
266 3896 412 3977 aperiam:
431 3903 463 3957 ut
482 3896 529 3957 rel
543 3920 607 3959 meo
620 3900 764 3982 exemplo,
782 3922 850 3981 qua·
908 3912 1010 3985 partes
1028 3900 1168 3960 laniatum
1187 3920 1223 3960 ac
1242 3897 1404 3957 dissectum
1424 3898 1516 3977 ajunt.

53 3993 114 4053 lem
132 3990 302 4071 Principem
326 3986 479 4060 babeatis,
505 3991 633 4071 quidque
657 3994 782 4073 quisque
803 4016 850 4055 ve·
983 3991 1112 4062 Volinia,
1132 3992 1207 4050 inter
1225 3987 1403 4050 Litbuaniae
1419 3988 1611 4069 principatus,
1635 4008 1704 4071 gen·

57 4087 151 4143 strum
171 4080 208 4141 de
229 4103 266 4141 eo
286 4100 407 4163 sperare
420 4082 536 4153 debeat,
555 4090 605 4143 aut
623 4086 728 4164 possit,
748 4088 850 4149 intelli·
908 4094 966 4147 tcm
986 4084 1199 4144 bellicosiorem
1220 4080 1321 4142 babet.

50 4176 142 4256 gatis.
184 4174 228 4235 lta
248 4194 344 4245 orsus,
364 4175 455 4235 totius
479 4177 526 4235 sui
552 4176 581 4235 iu
599 4175 780 4239 Mosceriam
806 4183 849 4240 iti·
981 4175 1139 4239 Litbuania
1164 4172 1318 4235 admodum
1342 4171 1465 4253 sylvosa
1489 4179 1552 4246 est,
1578 4177 1704 4258 paludes

52 4268 134 4329 neris
153 4268 305 4338 rationem,
323 4287 457 4346 quaeque
477 4266 622 4351 Princeps
646 4272 766 4353 scriptis
784 4272 849 4333 lite·
906 4270 1053 4347 ingentes,
1073 4275 1104 4326 et
1124 4266 1233 4326 multos
1252 4265 1358 4327 fluuios
1377 4263 1482 4327 babet:
1502 4289 1624 4349 quorum
1644 4270 1703 4339 alii,

53 4362 106 4431 ris,
125 4357 225 4419 addito
240 4360 422 4441 juramento,
446 4362 503 4423 sibi
524 4364 725 4445 promisisset,
754 4385 848 4445 neque
906 4368 938 4421 ut
955 4358 1033 4439 Bog,
1052 4360 1184 4441 Prepeta,
1209 4356 1292 4419 Tbur
1316 4365 1347 4421 et
1365 4358 1519 4432 Beresina,
1548 4360 1702 4423 Orientem

49 4452 110 4515 ulla
121 4472 159 4515 ex
170 4458 255 4534 parte
263 4454 420 4533 promissis
437 4456 582 4529 stetisset,
594 4454 748 4520 referebat.
760 4458 848 4519 Cana·
905 4475 1010 4515 versus
1020 4452 1236 4533 Bnrystbcnem
1248 4452 1413 4526 illabuntur,
1422 4455 1472 4515 alii
1483 4474 1562 4525 vere,
1576 4459 1609 4513 ut
1623 4450 1701 4523 Bob,

50 4566 109 4627 que
127 4564 183 4605 sua
196 4544 243 4605 de
253 4542 394 4629 Principe
413 4550 619 4629 expectatione
638 4550 734 4611 falsus
754 4557 846 4623 esset,
906 4546 1040 4617 Gronau,
1065 4552 1095 4606 ct
1115 4545 1232 4617 Narow,
1258 4544 1498 4628 Septentrionem
1525 4566 1631 4605 versus
1651 4545 1702 4603 de·

49 4638 183 4699 voluisse
202 4636 299 4699 denuo
325 4638 355 4699 in
379 4640 501 4719 patriam
520 4640 630 4703 redire:
655 4640 722 4702 iden
741 4662 778 4703 ee
799 4663 846 4705 ca·
903 4646 1031 4702 currunt.
1083 4638 1206 4699 Caelum
1232 4640 1411 4719 inclemens,
1441 4636 1576 4697 animalia
1606 4638 1702 4695 omnis

45 4736 127 4812 ptam
151 4750 238 4805 esse3
264 4750 324 4809 qua
350 4729 455 4813 injuria
481 4749 545 4792 cum
572 4738 689 4813 praeter
713 4736 845 4797 maritum
902 4736 1021 4815 generis
1042 4752 1132 4811 parva
1141 4730 1247 4793 babet:
1268 4730 1413 4793 frumento
1427 4728 1546 4809 quidem
1560 4726 1701 4801 abundat,

50 4822 223 4895 afficeretur,
244 4828 364 4884 mortem
381 4842 416 4884 se
436 4841 680 4907 nonmagnepere
700 4826 846 4907 refugere,
903 4824 960 4889 sed
978 4842 1071 4904 seges
1089 4846 1154 4886 raro
1173 4824 1212 4886 ad
1229 4826 1429 4886 maturitatem
1449 4820 1593 4901 pervenit.
1615 4818 1699 4883 Gens

47 4916 217 4997 pracsertim
243 4933 312 4975 cum
335 4916 435 4987 sciret,
459 4918 607 4979 communi
630 4916 698 4999 lege
724 4924 845 4983 ιιιιιιι
902 4920 1026 4989 ntum,
1045 4924 1077 4977 et
1101 4916 1182 4995 gravi
1208 4919 1351 4977 servitute
1376 4932 1532 4994 oppressa.
1563 4912 1638 4977 Nam
1668 4928 1701 4977 nt

45 5008 182 5071 omnibns
203 5028 300 5089 aeque
319 5006 503 5073 moriendum
522 5026 605 5079 esse·
636 5000 678 5073 nt
698 5028 765 5073 cum
784 5030 845 5075 css
902 5010 1029 5095 qumque
1046 5004 1216 5071 famulorum
1236 5006 1502 5085 catemestipatus,
1520 5006 1636 5072 domn·
1653 5030 1699 5071 co-

46 5116 118 5178 pore
137 5098 247 5171 ralido,
265 5100 441 5183 imisque
452 5098 599 5167 manat·
614 5100 846 5209 tantille-st,
901 5100 984 5169 lasis
1001 5094 1129 5211 &flu
1146 5096 1317 5179 ingreditur,
1337 5102 1700 5249 impnueqppidvisfacoro
