3742 5626
760 121 1029 181 commotionum.
1324 164 1327 171 -
1689 126 1726 183 id

59 278 99 341 nd
117 278 195 341 lranc
220 280 336 341 itineris
355 275 571 347 difficultatem,
598 281 631 335 ut
656 286 776 356 propter
802 296 860 335 cre
920 273 1058 354 libusque
1082 274 1217 356 partibus
1241 272 1409 346 oontlunnt,
1433 295 1510 354 quae
1537 296 1634 339 rerum
1659 286 1723 341 tan·

60 374 130 435 bras
150 372 287 452 paludes,
305 370 422 451 sylvas,
439 389 477 430 uc
495 367 627 447 undique
652 373 863 428 mucurrentos
920 372 983 428 tum
1011 369 1226 449 permutatione
1254 372 1385 428 utuntur.
1433 368 1536 430 Rarus
1564 372 1656 443 enim,
1686 392 1724 435 ae

60 465 175 538 tluvios,
197 467 262 525 loca
282 465 392 525 iocarlta
414 464 491 533 siut,
516 461 666 540 nullisque
693 461 862 521 civitatibus
921 460 1014 521 terme
1037 461 1135 521 nullus
1154 460 1234 541 apud
1255 461 1312 521 lms
1330 466 1437 540 gentes
1456 467 1505 523 est
1525 464 1598 533 auri,
1618 484 1721 543 argen-

60 559 255 638 lrcqucutata·
301 556 403 618 Lacus
427 557 493 634 ipse
517 554 675 616 duodecim
701 553 862 613 miliaribus
920 555 979 614 tivo
998 574 1084 617 usus.
1124 553 1237 614 Vestes
1263 552 1370 625 laetas,
1394 573 1476 626 acus,
1501 555 1648 626 cultellos,
1674 576 1723 617 cn·

46 653 89 711 ria
111 651 331 726 longitudinem,
349 648 532 728 totidemque
552 650 582 709 in
609 645 794 708 latitudinem
810 665 861 725 pa·
920 646 1039 718 olearia,
1058 666 1192 717 secures,
1212 647 1330 727 aliaque
1340 647 1496 729 ejusmodi,
1515 658 1550 710 nt
1568 648 1723 728 plurimun

63 751 124 805 tet:
151 746 180 804 in
200 762 288 823 quem
307 743 442 812 trecenti,
467 746 501 803 ut
518 740 624 810 lartum,
652 744 683 799 et
706 739 864 816 sexaginta
919 740 1048 821 pellibus
1067 746 1245 820 permutant.

61 837 141 897 llus-ii
169 843 374 897 exonerantur.
415 833 504 897 Unus
527 839 579 895 ant
609 831 769 893 Schoksua
800 840 863 891 tan·
996 833 1170 893 Psreaslaw
1201 833 1309 893 civitas
1327 839 1359 893 et
1377 838 1523 905 castrum,
1552 853 1573 894 a
1595 834 1723 916 Septen·

60 937 121 991 tun
149 948 185 991 ox
209 949 246 991 eo
271 928 404 1005 emergit,
432 928 481 1007 qui
507 925 675 1007 quindecim
699 924 863 985 miliaribus
921 926 1015 985 trione
1034 926 1218 1004 aliquantum
1237 944 1366 1003 vergem
1384 927 1416 985 iu
1437 924 1600 999 Orientem,
1618 930 1724 1007 viginti

60 1042 151 1103 supra
169 1021 326 1093 iaroslaw,
345 1030 376 1081 st
396 1031 523 1100 quatuor
542 1019 620 1080 inira
638 1018 786 1095 dlnlogam
812 1036 862 1095 op·
921 1026 1048 1094 quatuor
1069 1017 1232 1079 miliaribus
1251 1018 1341 1079 abest
1359 1040 1379 1079 a
1398 1018 1569 1080 Moscoriaz
1595 1022 1656 1082 sita
1674 1040 1724 1083 an·

58 1114 138 1196 pide,
159 1115 283 1195 Volgarrr
305 1114 409 1175 induit.
450 1112 560 1175 Pisces
584 1113 635 1191 qui
656 1133 694 1172 cx
717 1109 814 1187 Volga
832 1110 864 1168 in
921 1120 982 1169 tem
1002 1115 1050 1170 est
1069 1109 1108 1170 ad
1120 1110 1229 1183 laeum,
1248 1112 1279 1172 in
1292 1133 1362 1190 quo,
1383 1118 1417 1172 ut
1433 1113 1468 1172 iu·
1482 1112 1580 1173 insula
1590 1112 1725 1185 Solovki,

58 1206 139 1267 lruuc
163 1208 285 1269 lluuiuar
310 1227 347 1269 ac
378 1206 477 1266 lacum
503 1205 694 1284 perveniunt,
723 1204 864 1263 meliores
923 1200 1008 1279 Sclgi
1026 1203 1176 1283 pisciculi,
1195 1225 1320 1286 querum
1341 1226 1432 1284 supra
1445 1207 1575 1278 memini,
1603 1208 1723 1287 capiun-

59 1300 146 1361 liunt:
171 1301 230 1361 imo
256 1306 339 1361 tauto
364 1296 543 1366 nobiliores,
568 1300 678 1376 quanto
703 1294 815 1355 diutius
834 1294 865 1352 iu
923 1299 979 1355 tur.
1018 1296 1102 1373 Ager
1127 1297 1203 1357 satis
1227 1298 1333 1359 fertilis
1359 1308 1425 1370 eat,
1456 1303 1486 1360 et
1511 1300 1667 1379 copiosus,
1691 1300 1722 1359 in

59 1414 97 1453 eo
115 1393 235 1460 luerint,
259 1390 432 1451 redduntur.
472 1389 505 1449 ln
530 1389 641 1467 quibus
665 1385 866 1465 agnoscendis
923 1409 982 1467 quo
1001 1391 1150 1468 perceptis
1162 1388 1305 1466 frugibus,
1323 1391 1468 1473 Princeps
1482 1394 1725 1454 venationetcm·

60 1508 100 1547 ea
118 1490 167 1546 est
186 1486 364 1563 piseatomm
383 1482 496 1561 peritia,
515 1487 549 1543 ut
569 1482 671 1561 pisces
689 1482 719 1540 in
740 1478 865 1557 Volga-
922 1500 982 1560 pus
1005 1479 1110 1542 tallere
1136 1480 1224 1542 solet.
1267 1481 1326 1543 Est
1352 1483 1382 1541 iu
1406 1483 1513 1545 codem
1539 1505 1610 1564 agro
1630 1487 1725 1559 lacus,

60 1597 210 1648 reversos,
230 1582 404 1657 captosque,
429 1583 540 1651 quanto
558 1582 692 1653 tempore
715 1573 744 1631 in
764 1592 802 1631 eo
821 1570 865 1631 lu·
924 1594 961 1633 ea
986 1594 1045 1652 quo
1072 1574 1121 1634 sal
1146 1573 1328 1654 decoquitur.
1378 1572 1440 1635 Per
1469 1577 1548 1638 lranc
1572 1580 1724 1641 civitatem

62 1673 148 1740 erint,
181 1677 356 1748 agnoscant.
401 1665 502 1749 Hujus
526 1667 586 1727 loci
611 1664 775 1742 indegenac
801 1684 865 1741 pro·
923 1668 1157 1747 proficiscuntur,
1178 1667 1288 1746 quibus
1310 1663 1527 1744 Novogardiam
1546 1670 1725 1743 inferiorem,

59 1765 154 1844 prium
177 1762 289 1823 habent
307 1760 432 1820 idioma:
453 1760 589 1838 quamvis
608 1778 687 1819 nunc
703 1757 864 1819 t'crmcora·
923 1762 1097 1831 Castronio,
1125 1760 1296 1829 laroslarv,
1328 1770 1359 1819 et
1386 1758 1491 1839 Uglicz
1510 1762 1641 1823 eundum
1661 1771 1719 1824 est.

59 1878 116 1915 nes
136 1854 305 1915 lluthcuico
320 1852 485 1932 loquantur.
505 1851 727 1931 Longissimum
740 1850 771 1910 hi
785 1850 863 1911 diem
923 1854 957 1913 lu
977 1852 1026 1914 lais
1044 1853 1181 1935 partium
1200 1873 1271 1913 vcra
1290 1852 1426 1913 itinerum
1446 1855 1520 1915 ratio
1536 1863 1725 1934 propterera·

60 1952 89 2009 iu
114 1948 253 2009 Solstitio
278 1946 415 2007 aestivali
441 1945 579 2007 dicrrutur
603 1945 729 2015 holere,
758 1943 864 2004 decem
923 1948 993 2007 bras
1012 1945 1137 2026 paludes
1158 1950 1189 2005 et
1207 1945 1312 2024 sylvas
1332 1945 1435 2007 haberi
1457 1967 1516 2007 uon
1536 1954 1648 2029 potest.
1666 1949 1726 2011 Est

60 2049 90 2103 et
110 2062 213 2101 uerear
232 2040 380 2101 horarum.
404 2038 521 2099 Retulit
539 2039 627 2101 nohis
643 2038 765 2119 quidam
784 2035 865 2097 lrnud
923 2042 1013 2100 etiam
1033 2040 1074 2099 ibi
1092 2037 1184 2098 Nerel
1210 2038 1328 2109 llurius,
1354 2060 1390 2101 er
1416 2039 1493 2107 lacn
1508 2041 1634 2119 quodam
1660 2063 1726 2124 pro·

60 2137 141 2216 parvi
160 2133 288 2195 nominis
306 2134 359 2203 rir,
379 2152 415 2193 se
436 2133 529 2210 primo
548 2152 629 2203 rere,
653 2152 721 2193 cum
741 2132 866 2193 arbores
923 2133 1029 2202 tluens,
1048 2133 1098 2212 qui
1118 2152 1210 2212 supra
1230 2130 1335 2210 llglicz
1356 2131 1481 2211 Volgum
1500 2134 1606 2194 induit.

55 2231 119 2309 jara
149 2226 388 2296 lmudcscerent,
420 2225 510 2287 celeri
536 2245 625 2287 cursu
650 2246 688 2286 ea
707 2223 866 2286 Musconis
997 2224 1127 2285 Rostow
1151 2225 1256 2285 civitas
1283 2230 1313 2285 et
1338 2233 1484 2297 castrum
1512 2226 1725 2307 Arclriepisco·

60 2320 265 2381 Bielooserum
295 2318 504 2380 contendisset
533 2323 732 2399 superatoque
768 2316 865 2394 Volga
922 2318 1001 2399 palis
1020 2317 1123 2389 sedes,
1149 2337 1216 2377 cum
1236 2316 1411 2378 Bieloosern
1442 2323 1473 2378 et
1491 2318 1623 2391 Murem,
1648 2321 1725 2381 inter

62 2414 161 2482 lluvlo,
186 2413 331 2493 reliquum
350 2413 475 2483 itineris,
500 2410 579 2493 quod
604 2414 703 2472 onnia
727 2411 767 2471 ibi
792 2411 865 2470 niri-
922 2412 1100 2492 praecipuos
1120 2418 1151 2470 ct
1173 2411 1357 2490 antiquiores
1375 2408 1511 2473 Russiae
1530 2415 1724 2493 principatus,

60 2507 120 2565 bus
139 2507 293 2584 glacieque
311 2507 431 2585 oppleta
455 2510 569 2575 essent,
595 2504 742 2567 vehiculis
766 2503 865 2563 conle-
922 2509 991 2582 post
1019 2502 1238 2582 Norogardiam
1273 2523 1410 2581 maguam
1435 2504 1569 2566 habetur.
1614 2504 1662 2567 Eo
1685 2528 1724 2571 ax

62 2601 155 2669 cisse,
191 2597 233 2660 Et
256 2618 435 2680 quamquam
461 2597 575 2675 longior
605 2599 645 2659 ilri
675 2596 784 2677 hyems
814 2597 865 2667 sit,
922 2596 1094 2667 Moscovia,
1118 2602 1202 2656 recta
1229 2616 1282 2675 per
1307 2596 1480 2658 Pereaslaw
1504 2599 1576 2668 itur,
1619 2620 1637 2658 a
1663 2619 1724 2678 qua

61 2692 163 2769 fruges
181 2701 281 2752 tamen
301 2713 348 2763 eo,
369 2713 428 2771 quo
452 2693 481 2751 in
494 2688 661 2762 Moscovia,
680 2696 813 2769 temporo
833 2697 864 2749 et
923 2689 1028 2750 decom
1049 2690 1210 2750 miliaribus
1221 2687 1322 2747 distat.
1344 2688 1413 2750 Sita
1433 2694 1482 2749 est
1502 2689 1542 2751 ad
1560 2690 1666 2761 locun,
1685 2711 1725 2752 ex

59 2790 273 2855 maturescunt,
292 2789 324 2844 et
343 2784 528 2859 colliguntur.
547 2782 577 2843 A
593 2782 662 2844 lacn
678 2781 865 2852 Bleloosero,
923 2804 980 2862 quo
1002 2783 1133 2843 Cotoroa
1157 2781 1274 2851 fluvius,
1300 2781 1349 2860 qui
1368 2780 1519 2843 Jaroslaw
1538 2782 1725 2863 praeterlabi-

60 2880 141 2939 iotra
158 2876 210 2937 teli
225 2878 350 2959 jactrm,
369 2885 417 2937 est
441 2875 521 2934 alius
540 2875 625 2936 lacus
649 2874 774 2956 sulphur
798 2894 865 2954 pro·
923 2882 978 2947 tur,
1004 2877 1151 2953 emergit,
1167 2872 1354 2953 Volgarnque
1378 2874 1482 2935 inlluit.
1528 2874 1593 2937 Soli
1619 2880 1726 2941 natrrra

59 2971 178 3030 serenat
208 2968 288 3049 quod
312 2967 420 3029 tluvius
446 2967 565 3047 quidam
597 2988 637 3028 ex
668 2988 705 3027 eo
729 2986 864 3038 manans,
922 2967 1030 3029 fertilis
1055 2974 1112 3039 cst,
1137 2968 1273 3048 piscibus
1298 2967 1329 3025 in
1354 2968 1458 3047 primis
1484 2989 1519 3028 ae
1543 2968 1610 3031 sale
1633 2969 1726 3033 aba&

60 3084 118 3125 sou
138 3082 263 3142 spumas
281 3065 521 3141 supernatantes,
544 3060 653 3123 affatim
678 3078 782 3121 accam
813 3058 864 3119 de·
922 3060 1010 3123 daus.
1038 3060 1137 3138 Regio
1159 3060 1236 3120 llaec
1255 3059 1324 3119 olim
1344 3061 1588 3140 aecrrndogcuitis
1608 3082 1725 3143 magno·

61 3158 130 3218 lert.
176 3153 299 3215 inscitia
328 3159 426 3214 tamen
457 3155 575 3234 populi,
603 3156 671 3236 ejus
697 3153 740 3213 ibi
764 3150 864 3213 nullus
922 3176 986 3216 rum
1006 3153 1126 3215 Ducum
1145 3152 1280 3214 Rosciae
1300 3157 1417 3233 propria
1435 3161 1513 3215 erat:
1532 3175 1655 3236 quorum
1673 3178 1725 3239 po-

62 3269 137 3309 nsus
156 3257 214 3309 est.
922 3248 994 3308 steri
1016 3247 1177 3307 novissime
1195 3265 1250 3326 por
1267 3244 1414 3307 loannem
1427 3245 1534 3308 Basilii
1554 3256 1666 3328 patre·
1684 3270 1724 3313 aa
1749 3292 1753 3299 .

136 3339 242 3417 Uglioa
263 3340 372 3399 civitas
382 3356 449 3399 cun
464 3344 573 3410 castro,
592 3338 632 3399 ad
650 3338 735 3401 littus
748 3337 864 3417 Volgao
922 3340 1051 3421 depulsi,
1071 3340 1210 3418 exutique
1229 3348 1310 3400 aunt.

61 3435 121 3494 sita
140 3438 201 3493 est:
221 3431 376 3510 distetque
395 3452 415 3493 a
431 3430 588 3493 dioscoria
611 3433 714 3511 viginti
739 3436 865 3511 quatuor
997 3432 1143 3494 Jamslnw
1162 3433 1270 3493 civitas
1289 3440 1321 3492 et
1340 3438 1470 3494 eastmm
1489 3432 1529 3494 ad
1547 3435 1641 3516 ripam
1654 3434 1726 3498 Vol*

61 3548 79 3585 a
100 3525 246 3586 laroslaw
276 3526 411 3602 triginta,
435 3545 455 3585 a
487 3523 567 3587 'Pver
592 3526 787 3604 quadraginta
811 3527 864 3585 ml·
922 3544 988 3603 gae,
1008 3523 1101 3585 distat
1120 3547 1139 3585 a
1156 3523 1286 3585 Rostnw
1305 3524 1461 3586 duodecim
1487 3527 1548 3589 mil.
1573 3538 1656 3590 recta
1681 3530 1725 3589 iti·

60 3618 193 3681 liarilus.
229 3617 388 3680 Caetemm
408 3616 486 3678 lraec
503 3616 656 3699 praedicta
675 3625 774 3681 castra
793 3625 865 3680 sont
922 3638 994 3679 nero
1013 3637 1051 3679 ex
1068 3616 1224 3679 Moscovia
1242 3623 1367 3698 sumpte,
1404 3616 1503 3698 Regio
1522 3622 1599 3680 satis
1619 3621 1726 3681 tortilia

61 3712 92 3771 in
122 3710 307 3773 meridionali
336 3709 453 3789 volgae
484 3712 558 3790 ripa,
587 3711 693 3773 ciritae
725 3731 796 3773 vcro
827 3698 864 3773 ex
923 3719 981 3782 est,
1007 3732 1044 3772 ea
1068 3713 1243 3793 praesertim
1261 3716 1355 3792 parte,
1382 3731 1440 3790 qua
1468 3714 1563 3789 vergit
1585 3710 1626 3771 ad
1653 3711 1725 3773 Vol·

60 3813 187 3885 utraque
207 3808 301 3883 parte.
922 3824 1003 3883 gam:
1024 3826 1101 3886 quae
1127 3807 1225 3875 edam,
1250 3801 1498 3883 quemadmodum
1517 3802 1653 3875 Roatow,
1678 3826 1726 3867 se-

139 3893 343 3977 Clrloppigrod
362 3894 457 3965 locus,
484 3896 514 3956 in
534 3916 623 3975 quam
649 3896 864 3977 Novogarden·
922 3898 1185 3979 eundogenitorum
1195 3897 1367 3975 Principum
1378 3900 1457 3957 erata
1476 3916 1552 3974 quas
1564 3899 1726 3961 monarcha

59 3990 141 4049 sium
160 4008 265 4048 servos
284 3985 455 4066 confugisse
475 3990 654 4070 supradixi,
674 3991 792 4052 duobus
811 3993 864 4052 mi·
923 3992 988 4072 ipse
1020 3994 1051 4053 vi
1080 3990 1240 4071 oppressit.
1284 3986 1327 4049 Et
1358 4006 1526 4068 quanquam
1555 3993 1726 4072 provinciae

60 4080 186 4142 lienibus
210 4080 302 4139 distat
326 4080 366 4140 ab
392 4078 508 4160 Uglicz.
555 4082 648 4145 Haud
674 4085 775 4164 procul
793 4084 864 4147 inde
923 4084 1043 4155 Duces,
1069 4103 1146 4161 quos
1164 4082 1287 4143 Knosos
1311 4081 1475 4162 appellant,
1500 4083 1600 4146 adhuc
1623 4106 1726 4165 super·

60 4178 193 4234 castnua
212 4192 289 4233 nunc
302 4170 470 4235 lencona
485 4176 673 4257 conspicitur,
692 4178 865 4239 adtluriun
923 4180 1000 4238 sint:
1026 4174 1145 4236 titulum
1169 4186 1270 4235 tamen
1294 4173 1459 4257 Princeps,
1489 4177 1618 4252 Knesis,
1644 4180 1726 4241 velut

59 4266 200 4345 tlologa,
231 4267 281 4345 qui
306 4286 345 4327 ex
368 4264 576 4347 Nerogardlas
601 4290 728 4349 maguae
752 4270 864 4332 ditione
923 4268 1052 4332 subditis
1071 4268 1192 4346 regione
1212 4287 1369 4341 concessa,
1393 4270 1453 4331 sibi
1473 4279 1608 4353 usurpat.
1648 4273 1727 4335 Tres

61 4360 212 4437 cctogmta
229 4359 393 4421 miliarilm
416 4360 525 4433 duona,
544 4360 671 4442 Volgum
688 4363 865 4442 ingreditrnt
923 4373 1023 4425 autem
1042 4362 1140 4424 Kucsi
1159 4362 1293 4424 secundo
1311 4365 1476 4443 genitorum
1501 4367 1624 4445 posteri,
1648 4382 1727 4445 qnos

62 4454 92 4511 in
113 4454 201 4533 eujus
219 4454 310 4515 ostiis
329 4459 378 4516 eat
394 4454 531 4536 ejusdem
556 4457 684 4518 nominis
709 4457 814 4518 ciuitas
834 4466 865 4517 et
924 4456 1055 4518 Rutheui
1076 4456 1263 4519 Jaroslarslri
1288 4458 1452 4538 appellant,
1482 4478 1549 4519 cam
1574 4459 1727 4535 regionem

61 4555 203 4617 castrum,
223 4566 242 4608 a
261 4567 321 4627 quo
346 4546 464 4609 duolrus
489 4548 652 4611 miliaribus
678 4552 710 4611 iu
730 4550 865 4631 ejusden
924 4551 1094 4633 possident.
1122 4550 1241 4611 Primus
1261 4560 1311 4611 est
1328 4550 1473 4622 Basilius,
1493 4552 1522 4611 is
1543 4551 1592 4630 qui
1614 4568 1670 4616 nos
1690 4568 1728 4611 cx

62 4640 193 4700 tlumiois
211 4641 274 4719 ripa
293 4638 499 4721 Clrloppigrod
526 4640 657 4705 ccclesia
676 4648 788 4705 tantun
806 4647 868 4707 sita
925 4645 1054 4725 lrospitin
1073 4642 1113 4706 ad
1131 4643 1301 4725 Principem
1320 4643 1412 4714 drmit,
1432 4652 1463 4704 ct
1483 4642 1608 4704 reduxit
1640 4640 1728 4702 Alter

62 4738 119 4793 cst.
158 4731 206 4793 Eo
225 4732 285 4795 loci
304 4732 456 4796 nundinae
475 4735 506 4793 in
524 4738 588 4793 toto
608 4734 707 4797 lllosci
727 4739 867 4809 dominio,
925 4746 974 4800 cst
993 4739 1116 4800 Simeon
1141 4736 1349 4808 Podemwica,
1380 4758 1399 4798 a
1425 4734 1529 4795 Kurlra
1554 4733 1726 4814 patrimonio

61 4846 184 4905 quanam
203 4827 291 4886 etiam
311 4827 389 4889 alias
413 4826 540 4898 memini,
565 4836 637 4887 sunt
663 4830 867 4911 frequentissi·
925 4853 982 4894 suo
1007 4831 1139 4892 liurbeki
1164 4830 1277 4901 dous,
1306 4830 1394 4890 homo
1420 4846 1530 4899 senex,
1562 4827 1727 4895 sobrietate

60 4938 146 4990 rurae3
173 4940 211 4979 eo
231 4922 340 4980 etenim
359 4926 476 5001 practer
502 4920 685 4991 Suetenses,
709 4922 867 4985 Livonien-
925 4923 1077 5001 singulari,
1098 4944 1135 4985 ae
1154 4925 1222 5001 ipsa
1241 4923 1322 4982 vitae
1341 4919 1501 4997 rigiditate,
1521 4943 1580 5003 qua
1607 4925 1645 4985 ab
1665 4928 1725 4988 ine·

60 5020 236 5091 semetque
255 5012 451 5083 llloscoritas,
472 5014 598 5085 Tartari,
624 5016 761 5097 aliasque
780 5036 868 5095 qnam
926 5026 999 5078 unta
1017 5021 1117 5077 aetate
1136 5034 1212 5075 nsua
1232 5017 1295 5082 est,
1321 5010 1409 5074 valde
1435 5013 1601 5078 exhaustus
1627 5020 1726 5084 multis

61 5104 207 5185 plurimae
226 5113 345 5183 gentes,
364 5127 401 5168 ex
422 5106 628 5171 Orientalibus
647 5109 869 5190 septentriona-
926 5110 1006 5173 cuim
1025 5106 1112 5169 aunis
1131 5126 1188 5170 can
1206 5108 1306 5170 carnis
1324 5106 1485 5174 abstinuitz
1504 5113 1641 5194 piacibrrs
1656 5133 1725 5194 que
