3742 5626
754 128 1022 184 COMMliN'l'Aiiii'.
1689 125 1720 178 ra

54 283 170 341 rrrmrine
191 301 291 359 regern
310 256 475 362 appellant.
496 300 602 360 nempe
624 279 705 350 lirul,
725 279 774 340 ulii
795 279 856 359 Ky·
917 278 1018 338 borum
1037 278 1158 338 alterius
1178 280 1374 336 literasuoro
1394 274 1478 334 titulo
1497 281 1619 346 auctas,
1646 278 1721 336 acci·
1804 337 1807 343 ,

53 375 118 443 rall,
152 374 270 454 quidam
293 373 408 434 Korollr
441 371 518 433 (isar
543 380 640 433 autern
660 373 754 432 solum
781 372 856 432 Cae·
916 391 987 451 pere
1007 370 1149 448 dignatur.
1190 368 1280 440 Quod
1300 367 1418 447 quidem
1440 367 1526 427 nobis
1545 366 1723 428 Moscoriae

52 486 165 536 sarem,
190 487 248 527 seu
268 469 473 546 Imperatorem
493 466 552 526 dici
572 467 756 526 existimant:
777 461 857 523 rrnde
884 468 888 561 q
917 464 1115 527 existentibus
1143 462 1307 530 acciderat,
1340 481 1406 521 curn
1431 461 1512 539 regis
1537 459 1724 538 sigismundi

52 558 177 628 laetum,
203 564 237 618 ut
256 558 387 618 Rotheni
405 561 582 640 interpretes
603 557 759 619 audientes
777 557 858 619 Prin·
885 566 887 629 l
915 556 1017 616 literas
1038 555 1075 616 ad
1096 575 1132 615 se
1153 552 1279 624 missas,
1305 559 1395 632 atque
1413 555 1497 625 titulo
1517 552 1603 613 ducis
1621 551 1722 613 Maso·

52 652 149 729 eipenr
184 671 267 711 auum
293 652 331 711 ab
352 654 485 712 externis
504 652 673 712 nationibus
692 651 739 710 sic
758 649 858 730 appel·
884 632 887 723 i
914 650 980 708 viae
1006 654 1126 718 auctas,
1153 647 1278 708 Mesena
1296 646 1438 725 gravatim
1456 650 1623 725 acceperat.

52 744 121 811 lari,
151 749 310 823 mepernat
343 750 373 803 et
398 745 456 823 ipsi
482 744 630 825 deinceps
651 746 858 824 imperatorem
885 734 887 787 ἶ
991 740 1133 801 Seribunt
1152 740 1286 820 qnidam,
1305 738 1442 799 Moseum
1463 759 1481 798 a
1503 738 1646 798 Pontifico
1660 736 1721 797 Re

54 837 217 906 nominare,
237 856 343 895 nomen
364 858 424 917 que
445 838 522 897 tlsar
541 838 659 915 dignius
677 856 750 896 esse
769 853 859 915 quam
884 816 888 930 i
915 854 1002 894 mnne
1024 838 1054 892 et
1073 854 1092 892 a
1114 832 1247 892 Caesme
1263 830 1463 892 Maximiliann
1484 851 1589 890 nornen
1613 831 1724 911 capeti·

53 928 149 1006 Regis
167 928 254 1004 (licet
272 928 350 989 idem
370 929 554 1007 significent)
576 931 753 990 existimant
785 928 859 988 Cae·
885 940 888 955 ¹
915 928 1013 997 unse,
1033 931 1064 986 et
1083 925 1198 985 titulum
1219 923 1359 1002 Regium.
1391 922 1465 982 Mihi
1485 923 1644 983 verisimile
1664 944 1722 983 non

54 1027 146 1080 terum
167 1021 194 1081 sl
214 1021 339 1082 evolvas
358 1041 463 1082 omnes
479 1042 579 1082 eorrrm
594 1021 749 1090 historias,
769 1025 860 1098 atque
915 1018 1044 1078 ridetur:
1075 1019 1249 1100 praesertim
1271 1035 1338 1076 curn
1359 1014 1429 1076 nulli
1450 1015 1559 1076 homini
1579 1016 1723 1077 insensior

53 1133 168 1173 sacram
187 1115 378 1194 scriptoram,
400 1116 508 1193 ubique
518 1115 615 1193 Regis
635 1115 753 1173 nomine
774 1113 861 1181 Csar,
917 1112 973 1181 sit,
1005 1132 1093 1189 quam
1118 1130 1233 1171 summo
1254 1108 1341 1169 Pont.
1367 1115 1397 1169 et
1417 1129 1505 1189 quem
1527 1112 1643 1171 nonnisi
1664 1109 1725 1169 Do·

54 1209 241 1286 imperatoris
267 1227 336 1266 uero
357 1207 473 1266 Kussar
490 1209 633 1284 reperies.
684 1203 799 1264 Eodem
818 1223 861 1261 er·
919 1203 1008 1261 eteris
1028 1204 1112 1263 titulo
1133 1202 1277 1280 dignatur.
1312 1203 1474 1264 Caesarem
1495 1209 1594 1264 autem
1614 1202 1725 1263 Roma-

53 1321 118 1358 rore
144 1302 304 1380 imperator
331 1299 493 1358 'l'nrourum
520 1298 599 1357 Cnar
619 1296 793 1378 appellatur,
813 1295 864 1372 qui
922 1313 990 1354 num
1020 1315 1078 1354 uon
1104 1298 1246 1376 majorem
1271 1315 1307 1354 se
1326 1296 1490 1359 existimat:
1523 1301 1556 1356 ut
1576 1296 1726 1356 extiteris

55 1398 153 1451 tamen
185 1410 243 1450 non
269 1390 328 1450 alio
348 1391 539 1449 eminentiore
560 1410 645 1469 quam
666 1388 776 1466 Regis,
809 1384 866 1444 hoc
921 1388 986 1446 suis
1005 1393 1144 1467 apparet,
1164 1387 1193 1444 in
1214 1387 1321 1464 quibua
1341 1407 1445 1449 nornen
1468 1388 1725 1469 suumlmperato·

56 1490 118 1551 est,
151 1482 229 1541 Csar
258 1483 343 1542 titulo
372 1483 410 1542 ab
435 1483 554 1561 antiquo
580 1488 627 1541 est
653 1501 738 1541 usus.
788 1478 866 1538 Hine
922 1481 963 1538 ris
983 1480 1067 1539 titulo
1086 1479 1251 1560 praeponit.
1301 1478 1416 1541 Nomen
1437 1484 1508 1542 item
1527 1483 1625 1543 Ducis
1644 1481 1725 1564 apud

59 1574 344 1654 Constantinopolim
370 1573 543 1651 Csarigrad,
576 1575 663 1652 quasi
695 1572 780 1634 dions
804 1570 864 1631 Re·
921 1592 975 1631 eos
1001 1572 1106 1632 dicitur
1126 1570 1226 1631 Knes:
1258 1590 1314 1629 nec
1331 1572 1421 1632 alium
1441 1577 1579 1655 majorem
1598 1575 1725 1643 titulum,

55 1668 133 1742 giam
154 1667 270 1736 urbem,
291 1667 406 1728 'furcae
425 1665 589 1746 Europaei,
610 1667 659 1745 qui
679 1664 779 1742 lingua
799 1663 863 1724 Sla-
920 1668 951 1724 nt
982 1663 1056 1735 diri,
1086 1683 1214 1742 unquam
1239 1662 1418 1736 habuerunt,
1451 1665 1590 1747 adjuncta
1615 1667 1665 1726 ilia
1684 1665 1727 1724 di·

56 1759 160 1818 roniea
179 1765 313 1827 utuntur,
333 1759 492 1840 appeliant.
533 1759 612 1820 Sunt
630 1760 679 1838 qui
699 1759 862 1838 principem
920 1759 1031 1828 ctione,
1062 1756 1207 1834 Magnus3
1241 1777 1307 1817 nam
1334 1776 1439 1817 omnes
1466 1757 1514 1818 alii
1535 1760 1585 1838 qui
1607 1761 1727 1819 unicum

54 1849 228 1913 Moscorine
246 1851 357 1911 Album
369 1852 484 1930 Regem
506 1856 685 1932 nuncupant.
716 1849 781 1928 Ego
802 1849 863 1929 qui·
918 1852 1111 1931 principatum
1145 1848 1309 1919 habebant,
1338 1849 1512 1911 dicebantur
1544 1850 1646 1912 Knesr
1675 1853 1727 1932 qui

55 1943 122 2003 alera
149 1961 270 2004 causam
295 1943 451 2022 diligenter
470 1946 663 2025 quaerebam,
695 1963 749 2003 eur
767 1941 862 2019 Regis
920 1964 988 2004 vero
1008 1945 1111 2023 plures
1129 1942 1329 2022 principatus,
1349 1949 1439 2022 atque
1459 1944 1535 2004 alies
1548 1944 1635 2006 Knes
1654 1946 1725 2006 sub·

56 2037 125 2096 Albi
147 2037 264 2096 nomine
283 2037 496 2117 appellaretur,
516 2057 584 2096 cum
601 2055 688 2096 nemo
698 2037 861 2117 principum
914 2039 1014 2116 jeetos
1035 2036 1093 2094 sub
1114 2036 1235 2115 irnperio
1255 2034 1418 2106 hebebant,
1440 2036 1551 2096 Welihi
1569 2037 1675 2108 Knesi,
1695 2038 1727 2098 id

56 2128 228 2190 Memoriae
248 2149 285 2188 eo
307 2130 392 2189 titulo
410 2135 500 2191 antea
518 2135 705 2189 essetnsus:
726 2129 862 2187 imoeeu-
920 2134 968 2188 est
989 2129 1088 2207 Magni
1109 2126 1215 2187 Duces
1241 2127 1480 2208 appellabantur3
1512 2149 1609 2210 neque
1635 2130 1729 2192 aliun

56 2223 176 2281 siliariis
202 2224 278 2302 ipsis
298 2240 392 2301 saepe
413 2221 484 2284 data
501 2223 678 2290 occasione,
711 2229 743 2281 et
761 2225 863 2301 aperte
920 2219 1040 2298 grndnnr
1071 2240 1126 2279 seu
1157 2221 1328 2299 dignitatem
1359 2221 1470 2282 habant
1496 2230 1568 2303 pest
1585 2222 1729 2306 Bojarns,

57 2315 138 2384 dixi,
162 2336 216 2373 nos
237 2334 294 2372 non
305 2313 437 2390 Regem,
458 2315 516 2375 sed
526 2314 666 2393 Magnum
688 2310 794 2422 &poem
815 2331 863 2388 ag·
920 2314 970 2392 qni
989 2332 1070 2371 more
1091 2319 1192 2373 nostre
1214 2316 1309 2375 locum
1329 2315 1469 2374 nobilium
1488 2315 1639 2398 (utsupra
1651 2316 1728 2392 disi)

58 2427 193 2468 rroseere.
241 2407 378 2486 Plerique
407 2413 505 2468 tamen
531 2406 609 2466 hanc
630 2405 715 2483 Regir
737 2407 863 2465 nominis
920 2427 976 2465 seu
997 2408 1129 2484 equitum
1150 2413 1261 2467 tenent.
1294 2408 1468 2482 lnCroapia
1488 2429 1559 2468 vero
1579 2411 1726 2490 primores

59 2501 199 2559 rationem
221 2520 292 2559 esse
313 2502 470 2580 putabant,
491 2499 570 2578 qaod
590 2500 647 2559 snb
666 2500 789 2577 irnperio
808 2517 863 2557 suo
920 2499 1054 2558 similiter
1074 2499 1168 2559 Knesi
1188 2506 1343 2560 vocantur:
1363 2501 1441 2580 apud
1463 2521 1518 2561 nos
1538 2523 1618 2572 vero,
1636 2505 1728 2565 sicuti

59 2612 146 2668 reges
170 2593 310 2653 haberett
342 2593 412 2654 Albi
432 2613 502 2652 vero
522 2593 664 2653 rationem
685 2589 793 2651 nnllam
815 2589 864 2651 ha·
922 2597 952 2651 ot
972 2593 1001 2649 in
1022 2591 1188 2670 Hungaria,
1219 2613 1275 2650 non
1298 2593 1355 2653 nisi
1377 2593 1525 2653 Comitum
1547 2615 1655 2655 nomeu
1676 2598 1726 2655 ob

59 2686 177 2754 habant,
228 2685 325 2745 Credo
346 2691 460 2756 autem,
485 2691 518 2744 ut
538 2684 661 2745 Persam
684 2702 761 2742 nune
780 2703 865 2762 prop
921 2686 1023 2743 tinent.

59 2786 104 2835 ter
124 2779 214 2838 rubea
233 2782 404 2855 tegumenta
421 2780 528 2855 eapitis
549 2777 730 2857 liisilpassa,
758 2775 788 2834 id
809 2781 865 2844 est,
996 2777 1064 2836 Non
1091 2776 1257 2837 dubitarunt
1279 2777 1347 2838 mihi
1368 2779 1421 2837 viri
1440 2777 1560 2857 quidam
1581 2779 1729 2860 principes

60 2871 183 2929 rubeum
203 2877 292 2948 eaput
313 2877 435 2931 venant:
454 2873 495 2930 ita
516 2871 585 2929 illos
604 2877 722 2949 propter
742 2869 809 2928 alba
825 2873 866 2927 te·
923 2869 1037 2938 dieere,
1072 2871 1131 2928 imo
1157 2891 1212 2928 sen
1240 2871 1432 2950 exprobrare,
1462 2870 1543 2950 quod
1568 2872 1729 2934 modernus

59 2969 214 3038 gumenta,
247 2962 332 3022 albos
355 2964 506 3044 appellari.
557 2962 652 3040 Regis
677 2982 763 3041 porro
783 2959 866 3020 titulo
923 2961 1096 3022 Moscoviae
1115 2963 1253 3042 princeps
1274 2965 1404 3043 prolerre
1424 2964 1521 3024 soleat
1539 2963 1641 3024 literas
1660 2987 1728 3026 sam

60 3058 149 3114 utitur
170 3056 207 3115 ad
228 3054 394 3114 Ronrurrum
415 3060 623 3137 imperatorem
644 3061 674 3113 et
685 3053 867 3121 Pontificem,
923 3061 989 3114 ctae
1010 3055 1165 3114 memoriae
1186 3057 1372 3136 imperatoris
1392 3056 1600 3127 Mnsimiiiani,
1620 3059 1729 3136 quibas

63 3168 161 3226 regem
183 3149 306 3207 Suetiae
328 3154 358 3206 et
379 3148 508 3217 [laniae.
529 3148 703 3227 Magistrum
715 3145 867 3214 Prussiae,
925 3167 1028 3206 nomen
1048 3146 1175 3223 Regium
1195 3150 1332 3209 tributum
1353 3149 1392 3208 sit
1412 3151 1486 3229 patri
1508 3151 1575 3232 ejus
1588 3147 1729 3221 Gabrieli,

61 3241 221 3300 Lirooiae:
246 3247 292 3311 et,
325 3247 356 3299 ut
374 3243 493 3320 accepi,
524 3241 562 3300 ad
583 3240 744 3300 'furcarum
764 3236 868 3318 princi·
924 3240 972 3319 qni
999 3245 1105 3320 postea
1129 3246 1241 3301 mutato
1262 3242 1377 3301 nomine
1398 3240 1531 3302 Basilius
1550 3245 1647 3303 vocari
1669 3264 1730 3304 ma·

61 3352 147 3412 pem3
178 3334 244 3411 ipse
265 3350 333 3391 rere
353 3353 371 3392 a
390 3336 508 3395 nemine
527 3330 646 3403 horum,
679 3331 735 3391 nisi
756 3330 868 3389 lortea
925 3333 991 3391 luit:
1012 3333 1150 3412 qnodque
1171 3334 1306 3403 affirmet,
1326 3353 1371 3394 nae
1392 3355 1445 3394 eus
1468 3335 1569 3396 literas
1587 3334 1728 3396 edilium

62 3426 216 3487 Lironien.
255 3423 322 3484 Rex
343 3427 517 3506 appellatur.
550 3426 658 3486 Titulis
678 3429 776 3483 autem
797 3421 868 3482 unti-
925 3424 1101 3503 pertulisse3
1133 3447 1257 3506 eamque
1276 3429 1315 3487 ob
1335 3448 1456 3488 causan
1474 3428 1583 3490 sactu·
1602 3433 1668 3497 est,
1697 3434 1730 3488 nt
1810 3499 1814 3503 ³

61 3520 177 3595 quites,
198 3518 291 3577 tribus
311 3520 430 3579 circulis
449 3519 594 3596 triangula
614 3518 749 3586 inclusis,
768 3517 868 3576 utiso·
925 3517 954 3575 in
986 3519 1156 3580 novissimis
1186 3540 1252 3581 eum
1282 3541 1352 3600 rege
1377 3520 1520 3582 Poioniae
1545 3521 1731 3590 emesena,

62 3609 176 3680 lebant,
198 3628 321 3689 quorum
341 3611 492 3692 prlmusln
506 3630 645 3690 supremo
664 3607 870 3670 eireuioblsee
925 3615 977 3669 aut
995 3609 1065 3670 Rex
1086 3613 1244 3694 appellari,
1264 3619 1315 3674 aut
1335 3634 1439 3675 omnes
1458 3615 1614 3694 pactiones
1633 3614 1731 3672 irritas

61 3705 162 3763 verbis
181 3704 399 3764 eonbnebatnrr
419 3702 506 3765 Dens
528 3711 630 3764 nester
640 3705 772 3772 trinitas,
792 3722 870 3782 quae
925 3723 998 3762 ease
1017 3704 1150 3765 voluerit.
1190 3705 1257 3766 Etsi
1277 3727 1347 3767 rere
1367 3706 1416 3766 his
1437 3706 1639 3773 sermonibus,
1668 3710 1731 3765 tan-

61 3797 207 3857 saltante
225 3797 324 3856 omnia
343 3800 462 3870 secula,
493 3803 592 3880 pater,
618 3796 711 3865 lilius,
738 3801 768 3854 et
787 3797 869 3872 spirl-
926 3814 1013 3875 quam
1040 3818 1097 3858 aec
1116 3801 1210 3869 reris,
1240 3817 1297 3860 nec
1314 3797 1524 3858 verisimilibus
1542 3798 1662 3857 minime
1681 3798 1730 3858 de

60 3895 112 3950 trra
131 3897 256 3950 mnetns
274 3908 333 3948 noa
351 3895 449 3951 tamen
469 3896 533 3950 tres
551 3888 607 3960 dli,
625 3888 681 3949 sed
694 3908 773 3948 unns
783 3887 869 3949 Dens
926 3891 1026 3951 berem
1057 3893 1246 3951 commoverit
1276 3897 1376 3950 tamen
1408 3909 1463 3950 eos
1491 3909 1551 3949 noa
1575 3894 1635 3951 tam
1653 3910 1732 3963 mea,

61 3984 93 4040 in
116 3983 290 4043 substantia.
333 3985 365 4043 la
385 3983 533 4054 secundo,
552 3981 656 4042 tianius
677 3980 869 4062 Imperatoris
926 4002 1011 4060 quaa
1025 3982 1554 4064 optinietclementissiaripriucipis
1564 3984 1623 4044 mel
1636 4004 1732 4046 carna

62 4074 225 4135 Taenarum
251 4080 330 4145 erat,
367 4075 511 4159 particula
539 4073 671 4136 adiectae
703 4072 798 4133 Fratri
820 4095 869 4132 no·
926 4095 1015 4153 ungor
1045 4076 1187 4145 retirtare,
1219 4095 1286 4135 eum
1318 4074 1433 4136 videam
1461 4077 1549 4138 etiam
1576 4077 1733 4158 piissimus

60 4173 127 4226 stro
146 4165 280 4227 baeu.
303 4171 335 4229 in
355 4171 456 4240 tertio,
475 4168 578 4229 diulus
590 4167 689 4244 Magni
710 4166 795 4226 ducta
806 4165 870 4226 Mo·
926 4167 993 4226 eius
1023 4186 1127 4226 nanas
1157 4173 1270 4228 tanam
1295 4171 1325 4229 in
1341 4167 1483 4230 taeda·
1501 4170 1610 4231 venam
1661 4169 1733 4233 Noa

63 4261 201 4329 scoriae,
224 4280 283 4341 quo
301 4279 338 4320 se
355 4279 471 4340 regem,
491 4266 521 4320 et
542 4257 701 4320 haeredem
722 4279 758 4318 ae
778 4259 870 4319 domi·
927 4265 975 4318 est
994 4260 1167 4332 ebsonmm,
1187 4261 1283 4323 irrisae
1303 4261 1480 4342 quandoque
1492 4261 1731 4324 simultate-ali

63 4370 133 4412 nura
161 4354 255 4414 totins
274 4350 408 4414 Rnssiae
436 4352 588 4414 orientalis
617 4357 648 4412 et
671 4349 870 4412 meridionalis
927 4372 1011 4430 quam
1039 4352 1113 4412 inter
1138 4351 1371 4416 Masimibeouar
1389 4358 1496 4436 imper.
1518 4361 1552 4415 ot
1571 4355 1731 4434 Sigianun

61 4444 224 4517 fatebatur,
252 4447 282 4505 ln
310 4466 370 4528 quo
396 4447 542 4507 communi
570 4441 713 4504 formulae
731 4444 870 4527 subjune·
927 4444 995 4506 dum
1014 4446 1156 4508 Poloniae
1184 4466 1298 4526 regen,
1330 4469 1368 4508 ea
1395 4448 1529 4508 nimirum
1548 4451 1733 4527 tenpestate,

61 4545 125 4597 tum
150 4540 292 4601 ridimnsr
322 4538 463 4599 Misimus
486 4537 524 4598 ad
550 4540 581 4596 te
600 4542 732 4597 nostran
753 4537 870 4598 fidelem
927 4558 985 4617 qua
994 4537 1206 4617 sigimundus
1224 4540 1353 4602 ducebat
1366 4540 1511 4622 Stephani
1531 4536 1731 4598 eomitisSee

61 4632 272 4693 consiliarium.
304 4631 354 4694 Ad
373 4648 475 4709 regem
495 4635 593 4689 autem
610 4629 751 4689 Pelonlae
769 4630 870 4692 huius·
927 4634 1079 4713 pusiensis
1099 4633 1197 4695 bliara.
1231 4633 1307 4695 Naar
1326 4633 1357 4695 id
1376 4655 1415 4695 ee
1433 4634 1498 4694 heri
1516 4626 1734 4707 quidanintar·

61 4723 142 4784 randi
167 4725 253 4785 titulo
270 4725 378 4785 utitur:
410 4721 541 4800 Magnus
559 4720 707 4782 Dominus
726 4721 871 4796 Basilius,
928 4727 1129 4802 pretabantur,
1151 4732 1185 4788 nt
1202 4727 1292 4790 trater
1311 4747 1442 4808 sponsae
1464 4722 1601 4789 lotum,
1620 4718 1734 4802 nupffi

61 4816 121 4877 liei
141 4820 235 4896 gratis
253 4817 403 4880 Dominus
421 4816 513 4876 totius
531 4811 680 4886 Russlae,
700 4814 871 4894 etMagnna
927 4819 1034 4879 Annae
1055 4820 1131 4881 tiliae
1152 4819 1299 4884 Vlsdislai
1323 4821 1405 4895 regis
1420 4814 1606 4893 ilungarise,
1631 4821 1731 4877 aucto-

60 4909 122 4970 dnx
152 4909 388 4982 Volndlrauiae,
428 4907 616 4972 Memoriae,
655 4905 870 4986 Novogardiae,
927 4913 1012 4972 ritate
1031 4918 1061 4972 et
1080 4931 1171 4994 opera
1189 4909 1375 4989 sigismundi
1395 4907 1493 4970 smtris
1512 4909 1671 4990 potiretur:
1701 4915 1732 4970 et

60 5004 287 5077 Saelenekiae,
307 5004 444 5074 Trerlaa,
464 5003 610 5082 lupariae,
630 4999 780 5069 Formiae,
801 5000 870 5063 Bel·
927 5023 980 5083 per
998 5003 1057 5064 hoc
1076 5003 1277 5084 repensetur,
1302 5001 1473 5083 irritamque
1491 5003 1576 5063 tieret
1591 5005 1643 5083 jus
1665 5022 1731 5063 aare·

63 5099 183 5174 gadau,
212 5105 269 5161 ete.
294 5100 407 5162 omine
425 5095 524 5175 Regis
540 5093 643 5166 tituln3
668 5095 772 5153 neuter
791 5095 870 5155 enim
928 5097 1092 5167 cessionis,
1112 5094 1193 5174 qaod
1212 5094 1430 5165 Masiniliano,
1448 5099 1555 5179 ejasre
1574 5095 1732 5174 nepotibus
