3742 5626
547 186 603 251 tm
623 188 762 253 ababa
781 186 1097 260 moscbvt'tlcb,
1116 188 1243 253 bllilili
1267 188 1304 247 V.
1713 192 1761 251 ΠΙ

101 348 242 409 mosciunr
269 350 432 411 exercitum
465 347 651 411 reducturum
684 350 904 412 existimarant:
965 350 1070 409 bruarii
1098 349 1254 409 Plescnria
1278 349 1381 423 munit,
1413 352 1588 429 spectabant
1619 358 1753 429 trarrsgru

100 444 134 501 at
153 461 211 501 nou
230 440 319 501 mado
339 444 543 521 luperatorem
563 444 678 525 ipsum,
699 462 799 505 rerum
820 463 903 503 eser·
965 440 1082 502 dientes
1103 444 1216 521 copias,
1236 444 1340 523 partim
1352 462 1388 501 οιι
1400 446 1590 523 murisutqne
1603 464 1762 523 propugna-

100 534 188 595 citum
208 536 377 595 uniuersum
398 536 427 593 in
449 536 572 596 maxima
592 536 804 617 copiarcrsari
824 536 902 595 rirle-
962 534 1039 595 culis
1057 535 1155 605 urbis,
1183 536 1288 615 partim
1318 555 1337 597 e
1367 534 1438 613 ripis
1465 536 1609 607 fluminis,
1637 537 1764 617 aliisque

101 627 187 703 baut,
213 628 351 705 sequenti
376 626 425 687 die
445 628 636 690 Theodorum
662 628 901 709 bliasnjedornm
962 627 1205 689 eminentioribus
1223 626 1299 687 locis
1320 624 1488 707 frequentes
1509 628 1621 689 lllosci:
1643 632 1765 693 maxime

98 718 235 799 aliosque
254 720 425 799 frequentes
444 719 484 782 ad
503 722 692 785 Zamoscinm
712 723 845 785 mittunt:
870 728 903 782 ut
961 720 1091 781 nltimam
1117 720 1195 781 franc
1221 720 1369 781 exercitus
1393 724 1505 799 partem
1530 720 1764 785 admirabantur:

100 832 175 890 paee
196 812 276 873 sueta
295 814 454 875 exercitum
473 816 591 877 tandem
611 816 754 890 abducat,
775 814 902 877 obsidio·
959 834 1037 893 quoe
1067 834 1136 875 curn
1167 812 1207 871 ad
1236 810 1337 891 viginti
1368 816 1493 891 quatuor
1517 812 1607 873 rrrillia
1633 818 1764 894 equiturn

100 926 199 983 neque
224 906 326 967 urbem
352 906 472 981 liberet,
492 914 608 989 petunt:
634 908 713 987 qnod
743 908 800 971 nisi
826 910 901 969 intra
960 905 1104 968 accedere
1130 905 1295 973 uideretur,
1327 906 1424 983 magis
1454 911 1551 963 tamen
1578 905 1641 967 fere
1665 910 1761 989 splen-

98 996 224 1058 triduum
246 997 346 1073 faciat,
366 1000 445 1062 nolle
465 1022 501 1061 se
522 1021 597 1083 pace
616 1004 709 1063 teneri
729 1000 900 1063 ostendunt.
960 996 1049 1069 dore,
1074 1005 1253 1079 ornatuque,
1286 1002 1374 1075 atque
1400 1016 1539 1075 equorum
1570 1002 1764 1077 praestantia,

100 1090 272 1170 Respondit
291 1092 478 1169 Zenoscius,
497 1096 668 1157 existimare
692 1114 728 1157 se
747 1116 824 1175 pace
839 1097 902 1177 jara
961 1112 1049 1173 quam
1075 1113 1194 1152 numero
1220 1112 1257 1151 ac
1282 1088 1472 1151 multitudine
1498 1110 1552 1150 eos
1578 1091 1607 1149 in
1633 1111 1670 1151 se
1694 1112 1764 1151 eon·

102 1184 181 1245 facta
202 1205 259 1243 non
279 1206 319 1247 es
338 1188 437 1247 animo
463 1186 539 1250 baec
565 1188 604 1247 ab
630 1186 690 1247 illis
715 1186 790 1247 dici:
815 1206 900 1266 quam
961 1186 1108 1245 uertebat:
1141 1187 1182 1245 its
1211 1186 1362 1265 plerisque
1394 1184 1525 1261 integris,
1561 1188 1593 1242 ut
1625 1182 1697 1245 nibil
1717 1186 1764 1245 rel

102 1298 160 1335 neu
182 1278 322 1355 ingratam
346 1278 407 1339 illis
426 1279 584 1351 accidisse,
606 1282 760 1359 gratiorem
773 1279 902 1361 quidem,
962 1296 1060 1353 parum
1081 1278 1200 1336 omnino
1220 1299 1259 1337 ex
1279 1276 1386 1337 lriemis
1406 1298 1443 1337 ac
1463 1276 1617 1335 diuturnae
1637 1276 1764 1338 obsidio.

100 1388 189 1449 quarn
223 1372 325 1449 generi
357 1371 506 1433 bominum
538 1392 578 1433 cx
608 1372 765 1449 stipendiis
795 1372 904 1433 uirenti
963 1370 1009 1429 nis
1029 1368 1222 1429 incommodis
1241 1370 1418 1429 decessisse
1439 1370 1499 1429 illis
1521 1368 1675 1432 rideretur.
1696 1368 1764 1432 lloc

100 1466 204 1523 sciret:
225 1467 385 1525 exercitum
406 1484 474 1525 cum
494 1464 682 1525 conrruurlnm
709 1466 836 1525 futnmm
856 1486 902 1525 es·
961 1460 1064 1521 ordine
1089 1460 1127 1521 ad
1149 1462 1320 1522 sestarium
1347 1464 1462 1523 interim
1485 1462 1621 1541 aliosque
1650 1464 1764 1523 ricinos

100 1562 159 1627 set,
180 1578 216 1615 se
235 1556 440 1619 abducturum.
471 1558 589 1619 interim
608 1556 766 1619 Palatinus
785 1558 902 1619 llrasla·
961 1574 1055 1635 pagos
1081 1574 1172 1633 snpra
1196 1554 1357 1633 llerpotum
1388 1576 1424 1614 eo
1455 1553 1580 1615 consilio
1605 1556 1765 1617 exereitum

102 1650 216 1709 niensis
235 1650 340 1729 ipsein
351 1660 451 1711 eastra
469 1650 565 1711 uenit:
586 1670 642 1709 nec
661 1649 719 1711 alia
735 1650 904 1711 conditione
960 1646 1103 1707 traducit:
1124 1646 1203 1727 quod
1223 1666 1259 1705 en
1281 1667 1318 1706 οιι
1337 1646 1402 1705 luco
1423 1652 1452 1707 et
1472 1648 1501 1705 iu
1520 1646 1717 1726 dioscoriam,
1736 1652 1764 1711 si

99 1762 201 1820 pacem
224 1746 383 1804 convenire
402 1744 549 1823 potuisse,
567 1763 655 1822 qnam
675 1742 804 1804 utnulla
823 1762 905 1803 mora
962 1742 1047 1818 pacis
1067 1738 1287 1799 conditionibus
1311 1762 1330 1799 a
1354 1739 1472 1801 bloscis
1497 1760 1553 1797 nun
1574 1742 1651 1800 satis
1671 1742 1765 1819 beret,

101 1834 280 1915 interposita
298 1836 450 1895 exercitus
475 1834 680 1909 reduceretur,
700 1834 814 1897 docuit:
840 1836 904 1895 red·

103 1924 263 1989 dendarurn
283 1946 402 2007 quoqne
427 1928 536 1988 arcium
563 1949 618 1990 eas
638 1929 825 1989 conditiones
843 1928 904 2009 pla·

100 2018 212 2096 cuisse,
232 2026 265 2081 nt
282 2020 372 2081 aulici
389 2020 428 2079 ab
449 2026 572 2101 utroque
591 2020 731 2101 Principe
750 2020 790 2081 ad
808 2042 905 2093 arces,

100 2130 179 2190 qnae
198 2112 401 2175 restituendae
419 2123 537 2191 essent,
556 2134 642 2193 qnam
667 2116 790 2194 primurn
811 2116 905 2175 mitte·

101 2214 212 2281 rentur,
231 2206 281 2284 qni
302 2206 351 2265 nbi
373 2205 576 2277 aduenissent,
596 2208 770 2267 rusticorum
786 2228 823 2267 ac
843 2208 904 2285 agri

102 2300 262 2376 possessio
293 2300 394 2359 statim
420 2299 593 2361 traderetur.
645 2299 765 2361 lnterim
791 2300 830 2361 ab
858 2302 906 2371 iis,

100 2390 150 2466 qui
181 2392 407 2470 possessione·
434 2392 550 2453 adirent
576 2395 711 2474 jumenta
735 2392 905 2454 decedenti·

101 2482 159 2543 bus
191 2482 231 2543 ιιΙ
260 2503 310 2543 res
338 2504 413 2545 snas
442 2484 644 2565 tlepudandas
680 2486 906 2565 praeberentur:

100 2594 179 2653 (qnae
199 2576 226 2635 si
247 2576 378 2653 praetrita
398 2582 513 2647 essent,
531 2580 757 2641 tumnctarnab
776 2578 906 2639 aduentu

100 2670 261 2729 anticorum
279 2668 345 2741 die,
366 2668 514 2749 pracsidio
541 2672 609 2751 ipso
633 2692 752 2751 quoquo
779 2668 905 2733 decede·

101 2766 195 2823 retur:
227 2762 256 2821 si
287 2782 364 2841 quae
392 2784 429 2825 err
459 2764 613 2825 riliuribus
642 2766 733 2825 rebus
758 2764 906 2844 deportari

100 2852 257 2913 commode
277 2873 335 2917 uon
356 2864 493 2933 possent,
512 2874 568 2915 eae
584 2858 779 2935 consignatae
791 2858 906 2917 interim

101 2944 329 3025 deponerentur,
347 2964 384 3005 nc
403 2948 497 3025 primo
515 2946 587 3007 inde
611 2952 743 3027 ternpore
762 2950 811 3019 iis,
835 2968 905 3027 qun·

104 3058 169 3098 rum
189 3042 306 3112 essent,
325 3040 559 3103 restituerentur.
580 3038 711 3103 fidebat
728 3042 906 3103 Zamoscins

101 3150 236 3207 magnum
257 3128 341 3191 bisce
360 3132 391 3191 in
412 3132 502 3191 rebus
521 3131 732 3196 difficultatem.
751 3133 827 3198 liam
839 3154 905 3195 curn

99 3225 131 3283 [ιι
151 3223 272 3299 regione
291 3226 441 3289 continuis
459 3224 547 3288 bellis
559 3231 689 3303 uastata,
708 3247 843 3305 magnam
858 3230 906 3309 jn-

104 3320 268 3377 mentornm
293 3318 470 3395 paucitatem
490 3320 639 3380 exsistere
659 3340 786 3382 necesse
812 3325 906 3395 esset,

101 3408 133 3468 iu
159 3408 330 3471 blascorum
360 3410 424 3471 fere
451 3418 600 3491 potestate
626 3411 690 3476 fore
714 3414 907 3492 intelligebat,

100 3522 155 3582 pro
181 3522 238 3563 srro
262 3504 384 3565 arbitrio
416 3506 624 3567 retitutionem
650 3505 818 3570 extrahere.
866 3506 907 3571 Ut

101 3600 200 3656 tamen
225 3595 296 3675 qnid
321 3598 411 3659 animi
438 3596 596 3673 baberent,
623 3600 850 3677 periclitaretur,
869 3620 906 3661 ac

102 3686 238 3749 fiduciam
259 3690 346 3751 simul
366 3712 453 3751 snam
473 3692 511 3751 iis
530 3690 716 3767 ostenderet,
736 3692 906 3753 Ostmriam

100 3786 257 3860 autequam
278 3782 345 3845 dies
371 3782 542 3845 reddendae
568 3786 636 3863 ejus
661 3786 809 3857 uenisset,
829 3784 905 3845 tradi

101 3872 163 3935 illis
182 3876 294 3955 jussit:
320 3896 356 3937 ae
382 3874 452 3935 licet
476 3896 514 3937 ca
539 3876 606 3937 sola
631 3880 661 3938 [ιι
688 3900 720 3939 ιο
746 3898 813 3939 cum
834 3879 907 3939 reci·

102 3966 229 4045 piendae
249 3966 381 4045 reliquae
400 3966 555 4037 lairorriae,
580 3974 640 4031 tum
660 3972 746 4051 pacis
764 3971 906 4031 stabilita·

101 4068 161 4119 tem
181 4078 299 4119 omnem
319 4062 447 4141 positam
467 4060 657 4139 intelligeret,
683 4070 716 4125 nt
740 4064 907 4125 obsidionis

102 4169 140 4209 ae
159 4152 308 4213 exercitus
328 4158 406 4215 metu
437 4154 466 4213 iu
497 4154 555 4215 fide
575 4154 703 4217 blesens
727 4158 906 4221 contineret:

102 4264 141 4301 ιιο
159 4248 258 4301 tamen
283 4264 304 4305 a
328 4266 364 4307 re
389 4246 488 4309 uiolati
507 4248 701 4331 jurisjurandi
727 4250 907 4329 Legaturnm

102 4336 215 4397 initiam
247 4336 409 4417 pmfectnra
440 4342 555 4421 jactare
584 4352 724 4421 possent,
759 4346 907 4409 reuocatis

103 4428 240 4489 omuibus
262 4450 300 4491 err
321 4432 456 4509 partibus
481 4434 719 4516 pabulatoribus,
746 4436 906 4515 peditatum

102 4542 218 4583 omnem
238 4540 304 4585 eura
325 4528 488 4600 tormentis,
509 4548 546 4589 uc
563 4530 697 4605 grauiora
716 4529 786 4594 belli
802 4532 907 4591 instru-

103 4626 217 4687 menta,
245 4614 472 4693 b'orogrodcurn
501 4640 621 4697 versus,
651 4642 710 4703 qno
729 4624 760 4684 ia
782 4624 906 4687 castello

103 4708 256 4791 deponere
276 4730 314 4769 ea
333 4712 491 4788 cogitabat,
510 4722 580 4774 octo
599 4716 712 4779 dierum
732 4718 837 4779 itinere
855 4739 907 4781 au·

102 4802 242 4865 tecudare
259 4822 295 4863 se
309 4804 411 4884 jubet:
438 4806 508 4867 inde
533 4806 669 4869 diuersas
694 4808 771 4871 alias
794 4816 907 4874 turmae

101 4894 142 4957 ad
161 4894 350 4978 recipiendas
370 4916 457 4959 arces
476 4898 639 4963 Liuonicas
657 4900 808 4979 sigillatim
823 4921 906 4979 prae·

105 4988 206 5049 mittit:
230 5008 285 5053 eas
310 5008 415 5069 agmen
440 4992 519 5075 qaod
538 4994 638 5071 aegris
664 4992 813 5074 praesidio
833 5004 908 5065 erat,

104 5082 298 5160 sequebatur:
333 5090 404 5165 qmst
438 5086 470 5147 id
498 5086 707 5169 impedimenta
732 5088 906 5165 agebantur.

105 5175 175 5253 lpse
201 5195 267 5237 curn
286 5176 401 5257 reliqna
427 5181 557 5245 exercitu
583 5182 632 5245 din
657 5182 686 5243 t.
714 5182 828 5245 mensis
852 5182 907 5245 l'e·

963 1832 1080 1893 facilem
1105 1852 1140 1892 se
1166 1838 1317 1913 receptum
1344 1830 1526 1905 babituram,
1550 1840 1581 1889 et
1607 1832 1636 1889 in
1657 1832 1764 1895 Paroa·

962 1927 1039 1987 viam
1060 1926 1204 1987 intentum
1223 1946 1259 1985 se
1279 1946 1351 1985 esse
1371 1944 1465 2007 posse
1485 1923 1654 2005 judicabat:
1679 1946 1717 1989 ac
1736 1928 1763 1987 si

962 2017 1110 2079 Snecicae
1128 2020 1249 2100 copiae,
1274 2014 1518 2100 quemadmodum
1545 2016 1583 2077 iis
1609 2014 1765 2079 denuncia-

963 2118 1016 2188 rat,
1036 2112 1075 2172 nb
1095 2134 1131 2171 ea
1152 2132 1211 2171 non
1235 2110 1452 2181 decessissent,
1472 2130 1509 2169 ex
1528 2114 1660 2189 ternpore
1682 2120 1713 2169 et
1733 2133 1765 2171 ιο

964 2204 1031 2285 ipsa
1050 2204 1207 2265 consilium
1227 2224 1342 2283 capere.
1379 2202 1497 2265 Etenim
1513 2204 1577 2285 jara
1596 2214 1678 2279 ante,
1697 2224 1766 2265 mox

963 2318 982 2356 a
1007 2296 1088 2357 facta
1112 2317 1186 2377 pnce
1210 2296 1356 2357 loannem
1381 2296 1629 2356 luesnorolscium
1653 2296 1767 2375 aliquot

964 2410 1028 2449 cum
1050 2392 1154 2450 turmis
1175 2391 1303 2469 equitum
1326 2390 1462 2449 miserat:
1489 2390 1538 2469 qui
1566 2388 1629 2447 arbi
1650 2408 1687 2449 ac
1706 2392 1766 2449 arci

964 2488 1129 2563 praeesset,
1150 2480 1360 2561 Gordiauoquc
1386 2484 1413 2543 si
1433 2482 1618 2543 obsidionem
1640 2480 1766 2543 noudum

965 2576 1128 2649 solvisset,
1155 2586 1188 2635 ut
1214 2576 1253 2637 ab
1279 2596 1315 2636 ea
1335 2580 1484 2655 tamquam
1502 2574 1590 2653 Regii
1610 2576 1674 2657 jam
1689 2574 1768 2655 juris

964 2667 1038 2729 urbe
1057 2670 1232 2744 abstineret,
1253 2668 1455 2730 denunciaret.
1473 2668 1571 2729 lllosci
1593 2668 1652 2729 etsi
1663 2664 1767 2727 Ostro-

964 2782 1030 2822 ram
1052 2764 1117 2841 jam
1143 2762 1345 2841 recepissent:
1372 2760 1440 2821 dies
1465 2764 1568 2831 eliam,
1593 2781 1653 2841 qua
1670 2758 1767 2821 lior-0·

963 2852 1104 2931 grodcnm
1133 2874 1170 2913 se
1202 2852 1369 2913 reddituros
1401 2854 1632 2923 constituerant,
1664 2852 1768 2933 lapsus

965 2951 1063 3005 essct:
1085 2965 1122 3007 ex
1143 2944 1288 3005 industria
1306 2950 1404 3007 tamen
1416 2966 1515 3005 moras
1531 2944 1768 3025 interponebant:

964 3059 1020 3099 sen
1049 3036 1129 3119 quod
1163 3040 1192 3097 iu
1222 3038 1398 3117 exercitum,
1427 3038 1455 3098 si
1479 3036 1556 3099 forte
1580 3036 1769 3117 dilaberetur,

964 3132 1068 3192 intenti
1087 3140 1209 3193 essent:
1234 3152 1290 3192 sen
1315 3150 1374 3211 qun
1396 3154 1414 3193 ο
1433 3131 1638 3195 remotioribus
1659 3134 1767 3213 praesi-

964 3224 1024 3285 diis
1044 3224 1083 3287 ad
1102 3230 1252 3286 extremas
1273 3246 1358 3297 oras,
1384 3226 1519 3305 funesque
1545 3226 1629 3305 ipsos
1648 3224 1768 3289 llloseu·

964 3318 1031 3379 uiae
1057 3338 1161 3379 ornnes
1187 3319 1234 3379 sui
1260 3320 1376 3379 interim
1407 3318 1614 3391 conuenirent,
1645 3324 1768 3399 tutoque

964 3432 1014 3471 res
1034 3432 1109 3473 suas
1127 3410 1283 3493 deportare
1305 3416 1450 3491 possent:
1472 3432 1510 3471 ue
1529 3412 1556 3473 si
1567 3412 1671 3493 primis
1689 3432 1767 3475 rccu-

964 3504 1104 3566 dentibns
1129 3504 1239 3579 ultimi,
1265 3504 1316 3583 qui
1343 3502 1563 3583 Cokenbnnsii,
1588 3502 1766 3573 Parnasius.

964 3600 1053 3659 acin
1083 3596 1336 3679 longinquioribus
1362 3598 1431 3657 aliis
1456 3597 1533 3659 locis
1552 3605 1646 3675 erant,
1672 3600 1766 3663 tarda·

965 3696 1044 3761 reat,
1070 3691 1186 3771 injuriis
1213 3708 1249 3749 ac
1274 3690 1480 3751 vexationibus
1502 3696 1667 3751 nostrorum
1687 3698 1767 3771 pate·

963 3790 1037 3845 rerrt.
1079 3782 1177 3855 Quam
1202 3800 1311 3841 moram
1337 3784 1465 3844 maximo
1492 3804 1548 3843 sun
1574 3788 1665 3863 atque
1686 3806 1767 3847 eucr-

964 3879 1043 3937 citus
1065 3896 1132 3937 cum
1152 3874 1336 3935 incommodo
1364 3874 1425 3933 lieri
1445 3874 1625 3939 Zamoseius
1651 3875 1767 3953 videns,

964 3968 1142 4029 i'rouecinru
1162 3969 1225 4049 jarn
1250 3972 1319 4027 :rute
1345 3988 1411 4027 cum
1437 3968 1593 4027 tormentis
1617 3966 1768 4047 linrogrn·

964 4062 1052 4123 dcnm
1090 4080 1198 4121 uersus
1227 4078 1246 4121 a
1276 4080 1312 4119 se
1350 4060 1545 4140 praemissum
1587 4060 1700 4123 aditum
1736 4066 1766 4124 iu

965 4160 1094 4217 castrum
1113 4172 1255 4233 quaerere
1269 4152 1367 4233 jubet.
1406 4152 1464 4215 llic
1493 4172 1559 4213 cum
1585 4154 1698 4217 aditam
1716 4156 1767 4219 nli·

964 4268 1051 4329 quem
1070 4248 1216 4307 amicitiae
1234 4244 1274 4307 ad
1293 4244 1482 4307 Praefectum
1502 4247 1559 4309 sibi
1571 4248 1707 4327 lecisset,
1725 4248 1767 4315 fa·

965 4341 1113 4403 mibariter
1136 4338 1245 4399 deinde
1274 4360 1441 4401 commeare
1464 4340 1505 4403 ad
1531 4362 1599 4403 enar
1618 4350 1766 4423 coeperat.

965 4436 1069 4515 ltaque
1088 4434 1240 4513 aliquanto
1260 4440 1328 4513 post
1347 4432 1526 4497 Zamoscius
1546 4437 1630 4518 ipse,
1655 4438 1705 4515 qui
1726 4439 1766 4497 in·

964 4530 1048 4589 terim
1066 4525 1237 4603 arlucnerat,
1258 4546 1326 4587 cunr
1346 4526 1480 4587 Palatino
1499 4526 1715 4599 Braslarienai,
1731 4549 1768 4589 ac

964 4622 1123 4700 sexaginta
1142 4620 1258 4681 circiter
1277 4620 1422 4681 militibus
1447 4618 1597 4695 sigillatim
1618 4622 1767 4699 sequenti·

964 4716 1032 4785 bns,
1051 4714 1224 4794 rogantique
1244 4734 1284 4775 ex
1303 4732 1383 4772 more
1403 4711 1545 4791 portitori,
1566 4712 1767 4775 centurionem

963 4808 1064 4870 uenire
1084 4808 1195 4866 nostris
1214 4804 1474 4883 respondentibus,
1494 4806 1623 4863 castrum
1642 4804 1768 4883 ingredi·

963 4906 1019 4961 tur.
1071 4898 1202 4959 Venerat
1229 4898 1287 4960 snb
1315 4895 1345 4957 id
1375 4902 1492 4976 tempus
1522 4893 1631 4957 Petrae
1661 4896 1767 4961 Volce-

964 4992 1087 5055 riscins·
1127 4990 1187 5051 llic
1207 5010 1273 5049 cum
1292 4988 1456 5051 Palatinum
1467 4986 1708 5053 Brnslariensem
1727 5014 1767 5055 es

965 5084 1112 5165 colloquio
1131 5080 1171 5143 ed
1188 5082 1355 5160 Zapoliam,
1381 5082 1430 5144 eui
1455 5083 1523 5160 ipse
1548 5082 1636 5146 aliam
1656 5082 1766 5147 Valeo·

967 5180 1078 5241 risciua
1105 5174 1291 5255 interfuerat,
1316 5177 1508 5257 agrrorisset,
1538 5178 1767 5259 ineusaaaetquo
