3742 5626
108 204 165 271 1³8
646 202 882 267 wartonus
907 200 1236 266 irmbunsvutnll

107 368 230 441 lecerat,
249 368 444 447 riuammquo
464 365 583 444 planum
594 371 688 437 esset,
709 364 909 445 neglexerant.
934 372 939 435 j
968 365 1117 444 pugnandi
1137 365 1267 427 studium
1287 365 1426 426 erunibus
1444 362 1578 421 incessit.
1607 356 1678 417 lam
1689 356 1772 437 pri-i

105 460 287 523 Zamoseius
311 478 372 539 qna
396 458 518 538 patebat
539 458 643 537 partim
670 458 843 519 recentibus
862 477 909 518 eo·
968 463 1060 520 ratem
1079 461 1270 521 transierantz
1290 456 1379 519 simul
1397 454 1516 533 navigia
1526 449 1631 525 milite,
1648 456 1773 509 tor-en·

106 556 160 616 riis
179 552 313 623 bubulis,
338 552 440 629 partim
460 568 566 609 museo
585 550 754 621 obstructo,
779 556 813 611 ut
833 570 910 611 com·
967 551 1008 611 tis
1026 570 1064 611 ae
1084 550 1204 613 facibus
1228 554 1388 621 instructa,
1411 546 1548 609 omnibus
1573 564 1611 605 ex
1637 540 1774 622 partibus

107 646 195 709 node
213 645 343 723 navigari
363 648 540 721 capesset,
562 642 671 705 cllecit.
714 644 821 705 lisdem
840 650 910 703 tcm-
935 640 938 647 '
967 644 1177 725 provolabant:
1203 646 1316 705 interim
1342 664 1383 703 ox
1406 640 1540 719 utrisque
1559 634 1774 697 munitionibus

107 740 240 823 poribus,
260 756 327 797 cum
346 734 552 807 intonuisset,
571 736 718 797 Joannem
738 736 911 819 Szujsciusr
967 758 1074 817 napo
1093 758 1161 799 cunr
1181 736 1311 799 bostium
1330 735 1505 797 detrimento
1523 730 1647 793 crebrae
1666 750 1708 789 ex
1726 748 1773 789 no·

107 834 186 893 Petri
211 830 249 891 F.
270 828 439 890 Palatinum
466 828 710 891 Plescoviensem
736 850 805 891 cam
829 848 910 889 exer·
966 832 1039 893 stris
1058 831 1274 914 ejaculationes
1294 830 1413 891 iebant.
1445 827 1519 889 Cura
1538 824 1639 885 subito
1658 820 1772 900 Regias

105 926 167 987 citu
185 922 226 985 ad
247 918 440 984 Perelrovianr
465 920 638 999 considere,
664 922 821 985 Martinam
840 920 911 985 Vel·
968 924 1083 987 litteras
1110 926 1298 986 conclamare
1323 922 1430 985 hostes
1455 922 1629 1001 coeperunt.
1668 914 1770 975 zena

104 1018 199 1079 seium
234 1020 408 1077 veteranum
444 1013 627 1095 praelectum
664 1035 730 1077 cam
769 1014 911 1099 expedito
966 1020 1052 1079 scias
1070 1018 1275 1100 superioribus
1293 1016 1402 1077 diebus
1420 1019 1585 1097 propterea,
1606 1006 1691 1088 quod
1710 1026 1769 1069 cres

105 1110 238 1191 equitatu
257 1109 496 1191 exploratumne
515 1108 606 1169 misit.
639 1106 812 1191 Ssujscius‚
832 1107 911 1188 quod
967 1110 1100 1173 Luoeosi
1119 1112 1329 1192 expugnationi
1348 1126 1454 1186 magns
1474 1128 1513 1167 ex
1532 1100 1769 1183 partepraeluis

105 1202 144 1263 de
163 1202 303 1263 diseeuu
323 1200 421 1280 Regis
445 1200 626 1277 audivisset,
653 1222 751 1281 nequa
771 1222 823 1282 per
840 1201 911 1263 anni
936 1250 941 1321 p
968 1214 1026 1275 set,
1045 1211 1184 1285 bnquasr
1207 1202 1391 1263 crudelitatis
1415 1203 1484 1283 ejus
1507 1198 1641 1261 sudoris
1666 1214 1769 1257 nonen

105 1296 163 1357 boc
183 1300 302 1377 lempna
330 1294 422 1357 alium
442 1295 605 1357 exercitum
635 1300 838 1376 exspectaret,
869 1292 911 1353 di·
937 1324 941 1369 v
966 1318 1053 1359 suum
1072 1297 1184 1359 borrori
1204 1316 1276 1357 esso
1296 1294 1437 1357 hostibus
1448 1290 1657 1361 intellexisset,
1677 1288 1770 1367 Regio

105 1390 199 1451 nisse
224 1390 356 1450 exercitu
376 1387 564 1449 Plescoviaar
589 1408 625 1449 sc
650 1393 813 1469 receperat.
854 1386 911 1449 lta·
936 1388 940 1459 l
967 1392 1085 1452 nomine
1103 1398 1192 1471 atque
1211 1390 1314 1469 signo,
1346 1386 1426 1468 qood
1453 1406 1506 1469 pro
1533 1382 1770 1445 Cancellaristna

107 1500 167 1563 qus
185 1480 309 1551 accidit,
334 1480 415 1561 quod
435 1480 555 1543 evenire
574 1500 704 1543 necesse
723 1486 802 1552 erat,
828 1481 910 1541 utin
934 1470 939 1599 l
967 1506 1089 1546 munere
1108 1504 1204 1565 penes
1223 1483 1303 1544 illum
1323 1492 1398 1553 erat,
1423 1480 1539 1555 litteras
1563 1474 1603 1537 ad
1622 1477 1768 1538 abesan

106 1575 185 1636 nulla
204 1574 328 1657 periculi
344 1574 567 1656 exspectatione
576 1574 754 1636 incuriosius
774 1574 911 1635 oneribus
934 1606 939 1681 p
967 1577 1026 1641 lrne
1044 1584 1217 1657 argumento
1237 1576 1377 1637 dederat:
1401 1574 1542 1635 Jnssisse
1555 1568 1675 1649 Regem
1694 1570 1768 1629 omni

104 1668 280 1749 ageretibus,
308 1687 346 1728 ao
370 1670 439 1729 sine
463 1672 544 1729 rectu
568 1669 803 1729 commonentibus
832 1686 934 1728 corn·
965 1670 1066 1732 studia
1084 1672 1273 1732 Zanosoiosr
1288 1670 1317 1729 in
1327 1665 1574 1747 oppugnationem
1583 1662 1768 1723 incumbere:

104 1762 206 1844 plures
226 1758 370 1821 Volscius
388 1761 583 1843 opprimeret,
608 1762 770 1841 missisque
789 1760 911 1839 agresti·
966 1764 1093 1845 quodsi
1112 1778 1211 1829 tamen
1231 1762 1308 1823 ultro
1326 1762 1356 1821 io
1368 1758 1548 1821 deditionem
1563 1754 1709 1823 venirent,
1720 1774 1768 1835 pro

105 1856 178 1927 ¹⁸⁰⁸,
207 1853 318 1935 nullm
342 1872 464 1935 [11111111
488 1854 684 1915 aanosoio
703 1856 812 1937 jussus
839 1858 911 1923 erat,
934 1864 939 1901 ¹
966 1858 1122 1920 clementia
1149 1879 1206 1920 sua
1228 1852 1450 1921 conservandos
1479 1850 1642 1923 statuisse,
1673 1848 1767 1927 alique

105 1948 223 2009 nobiles
253 1944 365 2027 aliquot
392 1948 526 2023 captivos
552 1968 655 2010 seman
682 1949 712 2009 in
735 1954 833 2009 castra
858 1946 909 2007 ad·
966 1953 1044 2012 onai
1065 1952 1171 2033 injuria
1190 1949 1356 2032 prohibitos
1374 1944 1468 2007 velle:
1488 1940 1765 2025 quaequodiligcu·

104 2041 201 2103 duxit.
240 2036 349 2101 Rebus
368 2038 421 2109 iis,
441 2060 518 2121 quas
537 2040 681 2114 diximus,
701 2040 740 2103 ad
760 2058 909 2121 oppugua-
965 2046 1027 2105 tius
1046 2046 1249 2116 observentur,
1268 2040 1477 2103 cubicularium
1497 2055 1631 2098 suumse
1644 2036 1765 2095 mittere.

103 2138 214 2197 tionem
233 2138 433 2211 comparatas,
453 2132 560 2195 decern
580 2136 700 2195 omnino
718 2134 827 2195 diebus
847 2154 909 2213 per·
965 2138 1097 2201 litteras
1116 2138 1210 2199 hasco
1228 2136 1395 2219 rejecerant
1407 2132 1517 2213 primn;
1534 2125 1767 2211 postquamqnid

104 2228 204 2303 lectis,
222 2224 401 2287 Zanosoius
414 2228 517 2307 majori
529 2228 656 2307 navigio,
675 2228 755 2308 quod
767 2228 909 2289 relectum
932 2234 937 2281 t
966 2232 995 2291 in
1016 2232 1076 2293 iltis
1095 2238 1196 2304 esset,
1216 2229 1315 2290 edocti
1335 2226 1467 2295 lucrant,
1486 2222 1527 2285 ad
1544 2242 1602 2283 sua
1620 2220 1765 2303 praesidia

103 2320 143 2382 ab
163 2338 200 2381 eo
220 2318 421 2390 ostendimus,
448 2318 623 2379 militaribus
641 2322 713 2382 viris
732 2321 844 2403 aliquot
862 2340 909 2381 ss·
932 2300 936 2359 ¹
965 2326 1080 2405 Regem
1096 2324 1231 2386 seribere
1250 2320 1362 2381 debere
1385 2315 1617 2401 responderants
1636 2313 1696 2375 boe
1713 2336 1765 2373 nen

104 2412 211 2475 sumtis
241 2410 338 2473 neus
363 2412 515 2487 invectus,
547 2414 656 2491 quibus
687 2416 821 2495 partlbus
851 2434 908 2473 na·
964 2419 1033 2500 ejus
1041 2418 1120 2501 jnris
1134 2436 1214 2489 esse,
1228 2418 1258 2477 in
1269 2410 1455 2496 qnollsgiae
1471 2410 1588 2473 litterae
1604 2411 1757 2491 reciperen

105 2506 186 2567 sine
204 2508 368 2583 opportuna
386 2504 567 2585 oppugnatio
587 2505 684 2569 lutura
703 2514 804 2579 esset,
823 2524 909 2567 aceu·
964 2511 1094 2573 tur-,Bas
1106 2509 1518 2587 litterastumprirnnmvoce,
1530 2498 1598 2563 inde
1608 2498 1767 2581 praelectis

105 2600 198 2661 11111111
216 2596 382 2677 mdl-
422 2596 909 2681 Ἰ’1111111·11111111111,1111111111111111
964 2604 1079 2685 aliquot
1093 2603 1360 2684 scloppetnriornm
1381 2598 1481 2659 missis
1500 2592 1685 2673 flagitabant.
1709 2592 1767 2653 Dn-

102 2698 203 2753 eastra
228 2710 301 2753 asse
320 2689 463 2761 diximus,
483 2692 715 2771 propugnacula,
735 2712 794 2773 qno
815 2698 846 2753 et
865 2712 908 2753 ar·
964 2706 1014 2759 tae
1033 2698 1092 2757 illis
1113 2695 1232 2757 merum
1252 2694 1371 2755 litterae
1389 2686 1530 2769 ideaque.
1567 2682 1656 2745 blisit
1674 2684 1766 2743 sinent

101 2784 173 2865 gilla
196 2784 318 2847 detersa
342 2784 437 2861 magis
457 2782 597 2844 incendio
617 2792 768 2867 paterent,
794 2792 824 2847 ct
850 2806 907 2847 ara·
963 2787 1299 2852 Zamosciusloanneru
1316 2784 1456 2847 Tbomam
1476 2778 1659 2859 ltrojeviuvn,
1680 2796 1754 2855 prae

101 2880 177 2941 ieris
205 2876 369 2939 dilacerata
397 2878 510 2957 apertis
540 2879 627 2957 quael
658 2880 743 2941 venis
779 2878 909 2941 celerius
962 2882 1073 2945 factum
1093 2880 1347 2950 Premislionssur,
1371 2876 1421 2959 qul
1439 2888 1535 2933 arcena
1555 2872 1587 2929 ln
1606 2864 1698 2927 fidem
1719 2888 1767 2925 avt-

101 2974 200 3051 igners
227 2974 381 3051 raperent,
415 2972 555 3030 continuo
585 2974 666 3050 quenti
693 2974 790 3055 jubet.
832 2973 908 3033 Cum
964 2980 1094 3058 ciperet,
1127 2974 1342 3055 l'alstinosqne
1367 2966 1408 3031 ad
1438 2986 1474 3027 sc
1497 2960 1671 3027 adduceret.
1711 2958 1767 3021 llic

103 3064 253 3143 peditatus
277 3074 395 3143 pmpter
419 3070 629 3142 tempestatum
659 3067 745 3127 etiam
774 3066 907 3145 injurias,
964 3070 1059 3151 primo
1092 3088 1152 3129 non
1184 3066 1339 3129 Palatinos
1368 3058 1474 3132 modo,
1511 3074 1612 3117 verum
1645 3052 1766 3113 militnm

102 3164 207 3219 10111111
225 3174 301 3235 ‘lm
321 3156 422 3215 mlssufl
447 3161 544 3217 1111111
563 3164 642 3230 1111,
669 3178 726 3219 1111
746 3159 907 3219 animuum
965 3166 1054 3225 etiam
1076 3180 1202 3241 magnac
1222 3161 1318 3240 partis
1336 3158 1455 3219 artimus
1479 3148 1589 3211 dubios
1607 3142 1704 3209 adbuc
1723 3166 1764 3203 rr-

102 3270 159 3313 ooo
177 3250 281 3313 virium
302 3248 379 3311 satia
398 3247 554 3310 habiturus
574 3250 739 3312 videreturt
766 3251 906 3312 nobilitas
963 3256 1056 3337 peritt
1075 3252 1197 3315 tandem
1221 3248 1400 3313 cedentibus
1421 3246 1519 3307 timori
1540 3238 1687 3303 militibus.
1707 3234 1751 3295 l'n

101 3344 188 3425 aquis
207 3342 327 3413 missis,
356 3344 561 3423 conjuratione
584 3344 661 3405 inter
686 3364 722 3406 se
748 3344 843 3419 laeta,
867 3343 907 3406 ad
963 3347 1047 3409 latini
1072 3346 1255 3409 reluctantes
1279 3340 1319 3405 ad
1343 3339 1537 3403 Zernensium
1559 3328 1678 3397 adducti
1705 3328 1766 3390 lue·

101 3456 200 3497 aree·
229 3434 308 3495 Daoi
336 3452 373 3493 se
402 3434 566 3513 flagitabat.
612 3436 840 3519 conjungebant
870 3456 907 3497 se
963 3448 1041 3501 rrrnt.
1080 3436 1238 3501 Dedititiis
1264 3434 1340 3499 fides
1365 3440 1487 3497 servata
1518 3427 1587 3499 luit;
1615 3434 1767 3487 maneriae

101 3548 170 3591 cum
190 3526 241 3587 bis
259 3527 321 3603 pari
341 3526 457 3599 sudio,
480 3530 532 3608 qni
551 3530 610 3589 sub
629 3528 655 3591 11
656 3530 835 3591 areosbeltio
856 3532 906 3591 mi·
959 3542 1119 3615 praeterea
1137 3532 1265 3611 aliquot,
1290 3550 1367 3610 qnae
1387 3526 1482 3589 Lucis
1507 3528 1616 3601 captae
1642 3516 1768 3587 merant.

100 3622 227 3685 litabant
264 3621 398 3700 equites,
438 3621 557 3683 nobiles
592 3624 723 3685 nonnulli
755 3622 905 3685 Germani.
963 3624 1043 3708 qnod
1063 3646 1102 3687 ne
1120 3623 1264 3707 pudicitia
1289 3641 1389 3683 earnm
1411 3622 1441 3679 in
1466 3624 1550 3679 tauta
1569 3614 1688 3675 itineris
1710 3610 1767 3670 lou-

101 3714 281 3777 Zamoscius
307 3714 338 3773 in
358 3712 456 3775 media
475 3716 556 3783 acie,
575 3718 625 3797 qui
647 3738 713 3777 eun
733 3716 850 3779 lacibus
869 3736 907 3779 ac
962 3723 1127 3800 ginquitrta
1151 3738 1189 3778 ac
1208 3716 1332 3777 militurn
1357 3706 1544 3773 multitudine
1568 3705 1768 3785 negligentius

101 3810 200 3873 taedis
225 3808 265 3871 ad
289 3804 477 3871 incendenda
503 3810 620 3871 moenia
643 3808 772 3889 expediti
792 3816 907 3886 essent,
962 3812 1130 3887 baberetur,
1151 3810 1323 3883 verebatur,
1348 3826 1369 3867 a
1386 3804 1546 3867 Zauroscio
1565 3794 1768 3860 condonatae:

100 3904 275 3973 1011011111,
300 3898 444 3961 1111111111
462 3920 569 3975 1111111,
594 3904 905 3984 111111111111118111111·
962 3904 1196 3985 mirantibusque
1216 3900 1346 3975 Moscis,
1367 3918 1405 3959 ac
1423 3896 1501 3959 ultro
1526 3888 1711 3964 latentibus,
1734 3908 1767 3951 ae

100 4000 163 4059 rius
181 3994 433 4079 propugnaculum
460 3998 629 4077 oppositum
649 4002 747 4069 esset,
773 3996 906 4059 Polonos
962 4003 1032 4081 ejus
1048 4000 1160 4061 aetatis
1181 4002 1271 4077 atque
1291 3986 1695 4055 lornaematronasnostris
1707 3980 1766 4043 red-

101 4096 133 4151 et
152 4089 334 4150 Gemaaost
360 4108 380 4147 a
399 4088 520 4148 sinistra
540 4089 579 4149 ad
600 4090 723 4151 altarum
743 4110 903 4171 propugna-
962 4092 1078 4155 ditnros
1098 4112 1157 4153 nnn
1177 4090 1283 4162 luisse,
1303 4094 1461 4167 postquam
1477 4098 1610 4149 causan
1629 4075 1671 4137 1111
1684 4096 1766 4159 11111111

99 4182 196 4243 culum
222 4178 396 4257 ilungaros,
429 4182 478 4261 qui
507 4183 643 4264 utrinque
667 4205 686 4244 a
707 4184 803 4245 media
823 4190 905 4264 parte
962 4186 1030 4249 ida
1052 4180 1329 4255 zanoscioueret,
1360 4174 1585 4239 intellexerunt,
1617 4180 1683 4231 tum
1702 4186 1766 4229 vero

100 4276 186 4351 ignes
207 4272 417 4341 inferentibus,
444 4280 546 4336 contra
566 4278 736 4357 eruptiones
755 4278 905 4357 praesidio
961 4284 1059 4341 mirans
1078 4281 1167 4339 etiarn
1188 4278 1291 4335 nrirnnv
1311 4269 1403 4333 videri
1428 4266 1539 4329 debere
1560 4262 1718 4331 dicebant,
1741 4260 1765 4317 si

100 4368 220 4431 esserd,
245 4366 414 4424 coristitnit:
440 4366 563 4429 Poloois
590 4370 767 4431 l'rovcciunr
792 4372 905 4450 praele-
961 4376 991 4434 in
1011 4380 1093 4433 tarvis
1115 4388 1227 4431 rrvorvun
1248 4364 1432 4437 diversitate,
1451 4350 1764 4439 fortunaquoquedis·

99 4462 156 4531 eit,
181 4456 283 4535 illique
309 4458 463 4518 insomnes
487 4480 579 4520 casus
600 4462 751 4525 Andrean
771 4464 904 4527 Oreclro·
961 4466 1069 4527 similis
1089 4468 1182 4523 esset.
1224 4461 1269 4521 lta
1289 4479 1344 4519 arx
1363 4464 1395 4517 et
1420 4455 1478 4515 loci
1504 4460 1611 4514 tratura
1638 4448 1762 4509 annius-

99 4556 176 4617 vium
195 4550 359 4612 substituit.
405 4552 482 4613 Cum
501 4551 660 4615 Germanis
681 4556 824 4619 (itionem
843 4558 904 4621 Ux-
960 4564 1047 4635 sima,
1067 4566 1098 4618 et
1116 4554 1156 4617 ab
1175 4550 1313 4615 omnbus
1333 4550 1424 4611 rebus
1442 4545 1483 4610 ad
1498 4542 1708 4607 ‹leiensionevn
1720 4558 1765 4621 pa-

99 4646 209 4709 lreliunr
230 4642 454 4707 Farcnsbelrius
474 4648 562 4707 misit.
596 4647 703 4709 liatern
721 4651 761 4710 ab
780 4660 904 4730 ntrnqne
929 4694 933 4719 .
961 4655 1120 4723 racimirus,
1140 4650 1208 4711 averni
1228 4653 1371 4725 tempore,
1392 4642 1540 4703 continuis
1555 4634 1714 4709 imbribus,
1732 4650 1765 4691 ac

97 4741 193 4801 latere
214 4738 331 4809 tactis,
358 4736 396 4799 alo
416 4740 526 4818 quibus
544 4748 698 4805 ostensum
718 4754 781 4815 cst,
802 4750 905 4805 contra
929 4726 933 4767 ³
960 4746 1028 4825 gelu
1049 4744 1153 4805 hostes
1169 4742 1293 4819 juvante
1313 4739 1427 4815 integra
1447 4740 1570 4813 recepta
1589 4728 1658 4791 init.
1698 4724 1765 4789 Glo-

99 4846 290 4907 transversos
309 4830 450 4893 minorum
464 4834 683 4914 scloppetorum
703 4838 781 4897 ictus
801 4840 904 4899 muniri
929 4772 933 4891 l
961 4839 1063 4899 borum
1094 4830 1301 4905 carrdentiunr,
1331 4852 1369 4891 ne
1399 4832 1428 4888 in
1464 4826 1520 4887 lmc
1545 4822 1766 4905 oppugnatione

94 4926 191 5009 jnlvet.
210 4924 254 4985 Ea
275 4924 405 4987 adducta
425 4927 501 4989 inter
520 4929 754 4992 confertissimas
774 4930 903 4993 bostium
928 4902 932 4999 l
961 4952 1036 4993 nsum
1056 4950 1125 4991 csse
1146 4934 1260 5007 posset,
1280 4924 1455 4985 Sabnrnvns
1471 4920 1669 4997 excogitarat.
1691 4912 1756 4975 illia

99 5016 316 5101 ejaculationes
352 5021 381 5079 in
411 5020 566 5083 adversam
598 5024 688 5105 ripam
721 5026 903 5107 applicatur:
960 5044 1024 5086 rnrn
1044 5026 1121 5084 enim
1147 5021 1396 5101 oppugnationum
1424 5020 1531 5075 evcrvtn
1557 5012 1702 5079 monitus,
1722 5026 1767 5087 pa-

98 5114 336 5191 lerrpeslolcquc
368 5114 426 5173 sub
456 5114 533 5176 idem
564 5123 682 5199 ternpus
716 5126 902 5189 comminata,
961 5120 1075 5191 rictam,
1095 5136 1153 5195 qua
1174 5115 1306 5173 crassior
1326 5118 1398 5179 crat,
1421 5102 1630 5169 interciderat:
1652 5124 1690 5165 aet
1712 5120 1767 5159 verro

100 5212 169 5287 pnsl
189 5200 376 5263 condicentes
403 5206 513 5269 imbres
536 5232 601 5271 cvvnv
623 5214 786 5273 scrervitnte
807 5216 902 5294 majus
930 5252 933 5263 ι
960 5210 1028 5273 solo
1050 5208 1166 5273 trabum
1187 5203 1300 5267 ordine.
1322 5200 1430 5282 nivibus
1452 5204 1609 5261 cernentes
1629 5204 1705 5257 erat.
1728 5212 1757 5251 rr
