3742 5626
508 172 561 235 lili
583 172 720 237 BELLO
741 172 1042 245 MOSCOVlTlOQ
1081 172 1209 239 LlBBR
1230 174 1268 237 ll.
1674 176 1728 236 il'l

66 338 96 393 in
116 336 219 395 ioannes
239 334 286 396 nel
306 333 440 415 perditas
466 354 515 395 res
537 344 673 416 sumptus
698 334 869 417 prodigunt,
927 343 1061 415 paratum
1082 355 1168 412 esse,
1192 345 1224 397 ut
1244 339 1272 397 in
1292 338 1443 418 praesenti
1463 336 1659 419 Reipublicae
1678 359 1728 421 pe·

66 429 95 485 inn
115 426 252 489 meliores
272 446 349 488 usus
374 436 562 502 convertant,
591 428 638 489 vel
663 427 868 509 praeclarissi·
927 426 1030 504 riculo,
1050 427 1196 508 privatum
1215 428 1441 491 emolumentum
1457 428 1596 511 publicae
1608 428 1726 491 utilitati

66 536 175 579 marum
201 539 440 601 quarumcunque
471 540 566 581 rerum
596 518 792 599 gerendarum
818 540 867 581 ne·
926 540 964 580 ac
982 517 1120 599 dignitati
1141 528 1321 601 postponere
1341 520 1452 585 mallet.
1492 522 1541 585 lle
1562 520 1659 583 tribus
1679 542 1727 585 ca·

65 614 207 674 censeriis
227 610 414 674 adminiculis
434 613 552 674 minniune
564 633 600 674 se
619 610 743 675 destitui
755 634 788 675 re
801 615 868 693 ipsa
925 610 1116 691 pitanoalium
1136 618 1330 692 proventuum
1349 614 1485 693 partibus
1497 612 1536 677 ab
1556 616 1640 676 initio
1660 634 1727 675 cum

65 707 257 784 perspicient.
298 704 397 781 Alios,
417 708 465 786 qui
486 703 669 766 domesticas
689 725 737 767 res
758 704 867 766 consti·
924 707 1170 785 proposuissent,
1199 722 1376 785 responsum
1396 703 1468 781 fuit,
1498 725 1558 767 nonn
1581 708 1726 769 contineri

64 794 191 857 tuendas
211 796 400 873 arbitrantur,
419 818 478 858 non
499 795 701 879 reprebendo:
720 801 747 858 si
768 806 866 859 tamen
925 792 956 855 id
985 796 1086 857 verbis
1120 798 1342 859 constitutionis
1371 794 1557 876 sigismundi
1585 800 1726 878 Augusti,

64 891 199 967 cogitent
217 887 316 965 iidem,
335 900 541 973 praeterquam
562 888 641 972 quod
661 891 867 951 intestinorum
923 908 981 949 uec
1001 897 1105 950 contra
1125 888 1209 968 leges
1228 888 1374 971 publicas,
1393 888 1501 972 quibua
1517 889 1646 953 averbis
1658 910 1728 953 con·

64 979 313 1043 incommodorum
339 986 456 1045 sanatio
484 1003 604 1065 semper
634 984 793 1063 potestatis
819 1000 867 1043 eo·
923 979 1108 1043 stitutionum
1130 979 1273 1043 recedere
1290 980 1522 1063 prohiberemur,
1541 983 1725 1045 ineamsen·

64 1093 127 1133 rum
147 1072 318 1147 sannaus,
350 1077 598 1156 opportunitatem
625 1074 696 1136 belli
721 1070 867 1135 adversus
924 1075 1046 1135 tentiam
1064 1073 1157 1136 verba
1176 1072 1330 1149 trahenda,
1349 1072 1621 1154 quaenobilitatem
1636 1075 1726 1135 omni·

63 1164 218 1243 Moscusn,
237 1167 354 1248 qualem
374 1188 451 1229 nune
471 1166 651 1243 babeamus,
670 1188 729 1227 non
750 1186 868 1247 semper
925 1162 983 1225 bus
1003 1168 1141 1227 virtutum
1164 1167 1305 1249 praemiis
1330 1166 1490 1248 spoliatam
1517 1170 1546 1227 in
1576 1184 1664 1245 agros
1684 1173 1725 1227 at·

64 1277 120 1319 nnos
139 1257 308 1323 babituros:
339 1263 483 1342 potiorem
510 1263 598 1322 etiann
624 1258 748 1334 salutis,
779 1277 867 1339 quam
925 1276 982 1337 que
1002 1255 1154 1319 familiaris
1172 1259 1217 1320 rei
1237 1257 1337 1321 studia
1357 1266 1489 1338 cogeret.
1529 1258 1627 1337 Quenn
1648 1262 1726 1321 enim

63 1348 187 1411 aliarum
212 1372 308 1413 rerum
334 1372 434 1415 euram
460 1372 531 1413 esse
561 1349 682 1412 debere.
728 1350 808 1411 Snnnt
836 1357 868 1410 et
925 1347 1052 1429 postbac
1072 1349 1146 1426 fore,
1166 1353 1223 1412 nisi
1241 1352 1280 1413 iis
1301 1352 1439 1434 praemiis
1462 1347 1502 1412 ad
1521 1350 1659 1413 nirtutcsn
1678 1372 1724 1412 es-

63 1445 114 1520 qui
134 1446 230 1507 minus
252 1444 398 1507 hactenus
417 1444 606 1506 satisfactum
616 1443 674 1504 sibi
686 1445 865 1505 existiment.
924 1443 1047 1516 citetur,
1068 1445 1117 1523 qui
1138 1464 1258 1524 operam
1279 1464 1363 1505 suann
1383 1443 1413 1505 iu
1434 1442 1528 1519 bello,
1554 1444 1584 1504 in
1603 1442 1725 1523 legatio·

63 1532 184 1596 llainennt
209 1540 228 1596 ii
254 1558 334 1599 nune
360 1557 494 1619 campum
525 1556 612 1617 quum
644 1536 761 1596 virtutis
793 1554 866 1597 suae
923 1532 1028 1607 nibus,
1056 1533 1086 1594 in
1104 1534 1233 1615 publicis
1258 1535 1428 1597 muneribus
1449 1532 1596 1599 obeundis
1615 1534 1725 1616 Reipu-

64 1626 268 1704 illustrandae,
289 1639 350 1691 tum
364 1625 533 1691 demerendi
545 1628 655 1707 Regis:
676 1626 865 1709 proficiscen·
923 1625 1021 1687 blieae
1041 1635 1194 1708 praestare
1214 1628 1298 1689 velit:
1320 1627 1470 1708 quinnllis
1482 1624 1646 1688 commodis
1660 1646 1726 1708 pro·

62 1727 110 1779 tnr
129 1722 158 1780 inn
179 1719 306 1783 bellum:
330 1742 451 1802 operam
476 1718 664 1800 studiumque
689 1740 775 1781 sunm
795 1718 865 1781 Rei·
923 1721 1042 1799 positis,
1062 1717 1205 1799 dignitate
1221 1721 1459 1800 ornamentisque
1471 1723 1585 1799 patriae
1597 1722 1727 1781 servisti

63 1809 200 1891 publicae
220 1820 389 1894 praestent:
416 1833 493 1893 aque
520 1815 638 1873 virtutis
658 1815 864 1875 amantissimo
924 1812 997 1871 Cunna
1018 1809 1106 1874 etde
1127 1812 1263 1873 militaris
1284 1809 1401 1892 lmpcrii
1425 1811 1627 1873 imminutione
1647 1818 1725 1873 estc·

63 1902 149 1983 Rege
178 1906 362 1985 amplissima
393 1924 527 1986 quaeque
556 1913 729 1986 aspectent:
758 1909 786 1966 si
816 1903 864 1966 vel
922 1923 1080 1985 rerumque
1099 1902 1261 1966 honoribus
1280 1902 1421 1983 agitatum
1442 1900 1564 1977 fnisset,
1595 1901 1727 1964 ostendit

62 2004 162 2071 aetas,
187 1996 234 2056 vel
257 1995 412 2073 valetudo,
432 1997 479 2057 vel
499 1997 617 2058 fortuna
637 2000 813 2079 anusqnam
833 1993 865 2059 id
923 1996 1006 2067 Res,
1036 1995 1117 2056 uulla
1142 2016 1178 2059 se
1198 1999 1227 2057 in
1247 2017 1279 2058 re
1299 1998 1491 2075 magistratus
1513 1997 1579 2075 ejus
1598 1998 1723 2057 auctori·

62 2108 121 2148 non
140 2092 327 2169 permittunt,
353 2109 411 2150 nnon
432 2088 542 2151 desunt
561 2091 693 2151 rationes
713 2092 742 2150 iu
763 2098 866 2169 togata
924 2091 977 2151 tati
998 2086 1171 2168 derogatum
1192 2087 1340 2149 voluisse:
1369 2086 1554 2169 praefecisse
1576 2108 1609 2149 sc
1629 2085 1723 2149 Belne·

62 2183 150 2241 etiam
170 2201 208 2241 ac
234 2181 314 2242 civili
339 2184 400 2242 vita
426 2180 514 2242 bonnis
539 2181 654 2243 artibus
679 2180 865 2261 emergendi:
924 2183 1001 2242 sium
1021 2180 1182 2261 llungaris,
1202 2201 1261 2242 non
1280 2190 1315 2242 ut
1332 2201 1389 2242 sna
1409 2182 1585 2241 auctoritate
1604 2178 1722 2241 bellica·

62 2272 332 2334 obtrectationibus
357 2293 394 2334 ae
419 2277 621 2356 praeposteris
640 2271 865 2356 Rempublieam
924 2294 987 2333 rum
1012 2294 1108 2335 rerum
1134 2272 1204 2356 quid
1225 2271 1460 2349 administraret,
1490 2270 1545 2333 sed
1571 2280 1603 2332 ut
1628 2271 1724 2333 Ducis

62 2363 202 2425 turbandi
223 2365 332 2427 studiis
352 2385 454 2441 nemo,
481 2386 556 2446 qnae
581 2370 695 2443 virtuti,
720 2388 757 2430 ac
777 2367 865 2429 bonnis
924 2365 1051 2447 lmperio
1073 2365 1222 2437 subesset,
1241 2366 1471 2447 interpretisque
1491 2362 1660 2427 ununcread
1674 2366 1724 2425 mi-

61 2457 177 2518 artibus
187 2454 341 2529 debentur,
361 2458 493 2539 praemis
511 2466 738 2520 consecuturum
749 2479 784 2531 se
796 2479 865 2540 spe·
923 2458 1003 2519 litem
1022 2457 1193 2537 llnngarum
1212 2456 1293 2540 apud
1313 2460 1410 2540 ipsum
1429 2456 1613 2537 fungeretur:
1632 2464 1724 2519 ester·

61 2557 117 2614 ret.
156 2548 223 2611 llac
243 2553 376 2611 oratioue
396 2548 512 2625 habita,
543 2559 574 2612 ct
599 2554 626 2612 ai
650 2555 768 2613 minime
793 2573 863 2615 uun·
923 2571 961 2612 nno
988 2551 1080 2611 utilite
1106 2554 1289 2612 necessitate
1315 2547 1475 2612 adductunn
1506 2550 1535 2610 inn
1561 2549 1641 2613 bello
1667 2547 1725 2609 boc

60 2642 93 2701 tii
113 2639 304 2717 dubitabant,
330 2644 400 2723 quin
427 2650 458 2703 ct
476 2642 585 2703 bcllnnm
612 2652 643 2704 et
662 2643 801 2705 tributum
823 2642 864 2704 nl·
923 2663 1019 2721 usnnn,
1038 2640 1117 2724 quod
1138 2642 1274 2721 Regnum
1294 2642 1352 2703 lnoc
1377 2649 1409 2702 ut
1434 2646 1565 2724 equitatu
1585 2663 1644 2704 non
1665 2661 1723 2703 sno-

60 2736 152 2794 torius
171 2737 352 2796 sciscerent:
372 2732 451 2815 quod
473 2737 502 2794 in
522 2736 646 2816 privatis
668 2735 865 2798 connvenntibus
922 2734 962 2796 do
982 2734 1148 2817 comparari
1166 2754 1233 2794 cnm
1254 2734 1362 2793 ceteris
1388 2732 1504 2813 Regnnis
1528 2743 1651 2815 posset,
1676 2754 1713 2793 ce
1782 2718 1794 2739 '

59 2825 203 2887 victoriae
223 2827 281 2887 lnoc
301 2846 445 2887 successu
469 2826 566 2899 laeta,
596 2848 633 2886 ae
658 2827 688 2886 inn
714 2847 801 2909 spem
822 2827 862 2887 fu·
922 2848 985 2887 runn
1005 2827 1157 2909 plerisque
1177 2825 1239 2885 fere
1264 2832 1447 2905 praestaret:
1478 2828 1519 2887 ita
1544 2846 1562 2887 a
1590 2824 1727 2907 peditatu

60 2926 192 2977 turorum
219 2926 335 2989 erecta,
366 2917 506 2997 frequens
533 2919 563 2978 in
590 2938 656 2978 eann
683 2919 863 2980 senntenntiam
922 2918 1019 2979 minus
1040 2918 1215 2979 instruetunn
1241 2914 1339 2979 adhuc
1365 2926 1465 2977 esset:
1497 2916 1619 2979 aliorum
1647 2924 1724 2977 este·

61 3006 215 3069 Nobilitas
235 3008 409 3079 inclinarat:
434 3017 534 3070 tannen
554 3020 588 3071 ut
613 3009 738 3071 aliorum
763 3010 802 3073 de
827 3032 864 3071 se
920 3028 1130 3091 rornnnppera
1149 3009 1179 3069 iu
1200 3006 1451 3071 'l'ranssilvanicis
1470 3007 1575 3079 rebus,
1606 3028 1642 3071 ac
1669 3012 1725 3089 pri·

60 3099 192 3181 opinioni
212 3099 439 3177 satisfacerent,
461 3122 497 3163 ex
516 3102 565 3175 iis,
585 3122 661 3184 quae
681 3102 801 3183 publice
817 3104 865 3183 ja·
921 3102 999 3164 vatis
1019 3101 1195 3165 ministeriis
1214 3120 1250 3162 se
1269 3103 1322 3161 uti.
1362 3100 1458 3164 lllulta
1478 3099 1516 3163 de
1537 3101 1594 3162 lnoc
1606 3120 1725 3181 genere,

60 3192 136 3253 ctari
156 3190 446 3265 animadvertissent,
466 3213 532 3253 cum
553 3192 591 3255 de
604 3194 672 3254 aliis
685 3191 864 3274 quibusdam
921 3189 1101 3255 utendnmnne
1122 3214 1213 3274 opera
1233 3200 1397 3254 exterorum
1419 3202 1517 3271 esset,
1540 3213 1630 3276 quum
1649 3193 1726 3255 iuter

59 3293 121 3345 tunn
141 3284 180 3347 de
199 3282 436 3360 conditionibus,
463 3284 571 3366 quibus
594 3306 653 3346 non
674 3285 864 3347 satisfactum
923 3286 1042 3347 nuntios
1062 3285 1229 3348 nobilitatis
1249 3283 1417 3366 disputate,
1448 3295 1509 3347 tum
1535 3307 1554 3349 a
1579 3290 1722 3349 senatori·

60 3377 176 3457 aRege
196 3376 354 3453 diceretur,
377 3385 409 3438 et
429 3374 467 3437 nic
487 3398 558 3439 aere
576 3381 752 3460 praesertim
764 3380 863 3439 alieno
922 3378 979 3440 bus
999 3378 1089 3460 ipsis,
1110 3377 1201 3439 multa
1220 3378 1250 3438 in
1272 3398 1337 3439 cam
1360 3378 1538 3440 senitentiam
1562 3376 1644 3441 dicta
1663 3379 1723 3439 fuc-

59 3469 179 3552 publico
199 3468 393 3531 dissolvendo
420 3473 597 3532 mentionem
622 3469 761 3532 innferunt.
801 3470 863 3533 Do·
921 3478 1005 3531 runt:
1025 3492 1084 3532 nou
1105 3490 1177 3532 csse
1196 3468 1439 3552 improbandum,
1463 3472 1491 3533 si
1511 3470 1561 3553 qui
1579 3492 1635 3554 pro
1654 3471 1722 3536 alie·

60 3562 194 3634 cebatur,
212 3562 241 3623 si
260 3580 337 3643 quas
357 3571 447 3623 antea
467 3562 497 3622 iu
508 3560 647 3641 Regnum
657 3563 803 3641 pecunias
823 3561 865 3625 ad
922 3583 961 3627 na
980 3562 1148 3646 Republica
1168 3562 1329 3644 periculum
1349 3584 1386 3627 ae
1408 3563 1539 3627 laborem
1559 3568 1724 3647 suscipere.

60 3652 216 3731 tuendum,
241 3652 311 3715 dunn
331 3654 462 3729 rennirct,
490 3654 627 3734 Regnum
653 3652 720 3715 Res
738 3656 864 3733 praemi·
920 3655 1157 3735 sannguinemque
1177 3675 1230 3737 pro
1250 3652 1340 3717 laude
1360 3678 1396 3717 ac
1416 3653 1561 3735 dignitate
1578 3659 1646 3737 ejus
1657 3675 1722 3737 pro-

58 3748 169 3824 sisset,
187 3767 262 3829 quas
281 3766 384 3808 seeunn
404 3745 565 3818 attulisset,
585 3765 661 3826 quas
681 3744 712 3805 in
731 3746 864 3818 militem,
921 3743 1045 3807 fundere
1067 3746 1172 3807 velint:
1192 3767 1250 3807 nnn
1271 3766 1341 3808 esse
1360 3748 1519 3828 sapientis,
1539 3744 1619 3828 quod
1631 3755 1721 3809 ester-

59 3842 109 3922 qni
129 3850 200 3901 ante
219 3837 379 3900 adventum
399 3840 467 3918 ejus
493 3846 654 3910 meruerat,
690 3847 864 3918 erogasset:
921 3856 1025 3899 norum
1042 3836 1174 3919 periculo
1195 3842 1338 3919 consequi
1357 3841 1466 3920 possit,
1485 3838 1592 3899 civium
1605 3837 1724 3917 sangnsi·

59 3936 89 3994 in
109 3929 263 3995 sedandos
283 3937 383 3990 motus
395 3927 636 3991 chanensium:
656 3931 685 3989 in
697 3928 862 4012 lnocipsum
922 3950 960 3991 ne
980 3949 1122 4012 quaerere
1141 3928 1235 3990 velle:
1260 3929 1316 3991 lunc
1341 3930 1456 3991 ratione
1482 3929 1607 3991 maninus
1633 3931 1722 4010 impe·

57 4023 187 4102 denique
213 4021 323 4083 bellum
349 4020 388 4084 de
418 4022 535 4104 privata
564 4040 619 4082 sua
652 4021 864 4099 insumisisset,
922 4024 965 4083 ria
985 4024 1109 4103 primurn
1130 4020 1296 4083 coaluisse:
1314 4018 1443 4102 indeque
1457 4019 1720 4085 adsummamann·

60 4111 278 4194 expenderent:
303 4114 331 4175 ai
351 4112 422 4196 quid
443 4112 587 4194 deinceps
606 4110 709 4175 facero
728 4112 863 4176 institue·
921 4112 1095 4199 plitudinern
1108 4121 1268 4195 prouectas
1288 4132 1375 4177 esse:
1395 4112 1453 4175 lnoc
1472 4114 1540 4195 ipso
1563 4114 1593 4175 in
1615 4114 1721 4197 Regno

58 4216 120 4278 ret,
141 4203 381 4283 considerarent,
407 4217 440 4268 nt
460 4204 532 4267 nilnil
551 4207 687 4267 nimirum
706 4207 864 4286 privatum,
922 4206 1029 4269 nnultas
1047 4204 1202 4289 primarias
1223 4204 1351 4269 faunilias
1376 4205 1414 4267 ab
1441 4208 1551 4269 esteris
1570 4206 1723 4291 profectas

58 4299 131 4363 nilnil
149 4319 168 4358 a
187 4298 307 4379 publico
325 4308 473 4361 secretum
492 4297 625 4375 baberet,
645 4318 746 4359 verum
765 4302 863 4363 omnia
922 4319 1009 4362 esse:
1029 4299 1105 4360 inter
1125 4296 1200 4357 alias
1222 4296 1415 4361 clarissimam
1437 4298 1651 4363 Tarnnoviorunn
1671 4300 1720 4363 do-

59 4414 129 4465 nna,
164 4412 201 4454 ac
226 4395 318 4453 vitam
344 4393 441 4474 ipsam
468 4390 666 4472 Reipublicae
691 4390 863 4474 impendere
923 4412 999 4453 nnunn
1020 4387 1059 4451 nd
1078 4398 1197 4451 exteros
1218 4391 1361 4471 originem
1384 4412 1469 4455 annam
1495 4392 1620 4455 referre:
1641 4394 1721 4457 alici-

59 4506 119 4549 non
140 4483 302 4560 dubitaret,
323 4482 412 4545 facile
434 4492 648 4559 constaturus,
658 4492 780 4545 rectenne
791 4482 863 4565 quid
921 4482 1016 4547 endos
1035 4485 1150 4565 potins,
1170 4484 1219 4564 qni
1239 4502 1324 4545 suam
1346 4486 1483 4547 virtutem
1509 4482 1547 4545 ad
1570 4485 1720 4567 Reipubli-

58 4583 89 4641 in
110 4577 162 4639 illo
180 4575 370 4658 Respublica
389 4573 583 4638 desideraret.
621 4575 701 4637 Nam
722 4574 804 4659 quod
822 4575 862 4639 ad
921 4600 975 4641 cae
995 4575 1168 4657 dignitatem
1192 4594 1355 4653 aggregare
1380 4574 1487 4637 uelint:
1515 4596 1666 4659 posseque
1691 4577 1722 4638 id

58 4669 246 4749 vectigalium
265 4666 449 4750 morundasn
468 4668 620 4729 luitionenn
636 4670 813 4751 pertineret:
833 4673 861 4733 si
919 4667 1075 4737 comnmdo
1095 4666 1291 4749 Reipublicae
1309 4664 1388 4727 lieri:
1408 4664 1496 4727 modo
1510 4665 1540 4727 id
1558 4668 1721 4749 prospicis·

57 4765 163 4847 privati
184 4759 332 4829 comnnodi
356 4764 404 4821 sui
431 4759 557 4821 fructum
575 4748 704 4841 aliquem
723 4781 860 4843 sequere·
919 4774 976 4839 tarr,
996 4782 1034 4823 nc
1054 4760 1101 4821 vel
1121 4758 1248 4839 legibus,
1267 4756 1314 4819 vel
1327 4756 1555 4837 Magistratibns
1575 4780 1594 4820 a
1613 4761 1719 4823 eiciunnn

58 4866 122 4931 tur,
146 4858 223 4917 satis
243 4855 389 4935 perspici,
420 4851 510 4931 longe
531 4854 722 4932 majoricam
751 4853 860 4917 ennolu·
920 4875 1044 4937 corpore
1069 4872 1105 4915 sc
1131 4852 1306 4931 sejungant,
1335 4846 1391 4909 sed
1421 4849 1460 4909 iis
1485 4850 1634 4934 utrisque,
1662 4874 1720 4917 una

58 4955 158 5011 sncnnto
179 4950 246 5026 ejus
265 4944 404 5022 futurunn,
425 4947 450 5005 si
471 4947 635 5020 ineasrcs,
657 4964 777 5026 quarum
795 4966 860 5027 pro·
920 4968 987 5010 cnm
1006 4944 1129 5024 reliquis
1150 4940 1265 5005 civibus
1284 4948 1420 5023 parcannt,
1443 4940 1490 5003 vel
1510 4962 1547 5003 eo
1566 4948 1721 5026 potentiae

57 5048 166 5103 sentus
185 5060 245 5101 non
266 5041 392 5119 exiguus
410 5039 466 5109 sit,
493 5034 697 5111 redimendas,
722 5057 810 5119 quam
831 5038 861 5101 iu
922 5044 1113 5111 excrescant,
1141 5042 1176 5095 ut
1195 5034 1276 5099 eines
1296 5032 1381 5115 ipsos
1403 5035 1567 5117 opprimere
1585 5042 1717 5121 possint:

56 5132 167 5195 lnellnnsn
194 5134 339 5213 pecunias
370 5130 531 5193 conferret:
560 5150 660 5193 rerum
689 5132 732 5191 ita
764 5133 861 5197 animo
920 5132 968 5195 nel
988 5131 1117 5193 bonores
1138 5128 1175 5189 iis
1195 5122 1384 5189 mandentur:
1410 5124 1465 5187 sed
1491 5126 1534 5189 illi
1553 5128 1669 5209 quidcnn
1693 5133 1721 5195 in
