3742 5626
554 208 681 276 erran
700 210 886 276 roaums
905 210 1138 286 aasrnrurs,
1165 212 1292 277 urana
1318 212 1356 275 u.
1503 182 1509 195 '
1732 218 1790 279 aar

117 377 271 458 quissimis
297 378 405 437 animis
432 384 618 456 peterentur:
644 375 795 456 multaque
823 395 923 437 eornm
978 378 1081 453 jussit,
1101 378 1151 456 qui
1172 396 1285 456 paucas
1306 384 1377 456 post
1395 376 1484 439 boras
1505 377 1676 457 exspiravit.
1722 379 1789 443 Nec

118 468 218 551 palato
246 488 283 529 ac
304 465 438 529 aviditati
459 466 557 530 aliena
578 466 701 544 cibaris,
720 467 797 529 lalsa
818 470 923 547 gratis-
983 467 1072 547 plrue
1094 466 1231 529 dissimili
1247 470 1321 547 joco
1342 471 1371 528 iu
1385 466 1527 531 Boridem
1541 469 1703 546 litorium,
1722 473 1787 535 Sta·

116 566 258 625 simarum
284 581 382 621 rernm
407 564 511 643 specie
539 563 732 632 concinnata,
760 564 800 622 uti
822 580 924 632 canes,
982 562 1141 623 riciensem
1151 558 1331 634 Palatinum,
1351 581 1369 621 a
1389 580 1446 641 quo
1461 561 1550 641 longa
1570 562 1724 625 titulorum
1741 584 1787 627 se·

119 665 149 717 et
178 653 325 727 lacertae,
356 663 387 715 ct
417 653 564 717 hnmanae
593 673 699 716 carnes
726 651 923 715 coenantibus
982 655 1025 714 rie
1047 652 1143 715 luerat
1162 652 1319 724 salutatus,
1340 651 1472 715 crudelis
1491 657 1537 714 vir
1558 675 1632 716 usus
1652 666 1715 718 est:
1746 657 1788 719 illi

116 755 345 830 apponerentur.
394 744 506 807 Horum
531 749 561 807 in
595 766 716 808 numero
746 750 923 828 praecipuus
983 749 1062 806 enirn
1082 742 1214 807 dextram
1229 766 1330 807 aurem
1351 748 1381 805 in
1402 749 1537 807 convivio
1558 745 1670 811 sedens
1690 750 1787 815 absci-

117 842 226 921 sliquis
251 837 361 903 insidia
380 858 543 921 praeceps,
570 860 637 900 cum
663 836 714 899 diu
734 836 772 900 ad
794 846 923 899 ostenta·
982 835 1044 911 dit,
1069 834 1172 898 addita
1198 841 1395 919 promisione,
1421 859 1456 900 se
1483 859 1604 900 munere
1630 840 1788 924 aliquando

117 937 228 994 tionem
254 931 413 995 absolutae
438 932 629 994 scurrilitatis
661 932 848 1013 ineptissime
873 929 923 991 ali·
983 930 1097 991 meliori
1117 933 1211 992 virum
1231 941 1291 993 tam
1312 932 1477 1011 elegantem
1497 930 1690 1011 asserturum,
1711 956 1788 998 nunc

116 1024 236 1107 qnando
256 1027 375 1105 iocatus
395 1033 487 1098 esset,
506 1022 659 1088 Basilides
679 1023 808 1085 bominis
824 1024 922 1102 singu
982 1032 1082 1085 tamen
1107 1022 1178 1085 boni
1204 1022 1388 1086 consulenda
1409 1044 1479 1087 esse
1500 1028 1682 1106 praesentia.
1721 1028 1788 1108 Ego

116 1118 208 1180 larem
228 1121 379 1180 vesaniam
399 1118 525 1199 probare
544 1118 664 1193 solitus,
685 1114 806 1179 tandem
825 1114 924 1176 lurore
982 1125 1081 1177 autem
1106 1114 1181 1198 quid
1214 1118 1274 1179 ista
1302 1117 1483 1179 consector?
1521 1124 1573 1179 aut
1599 1117 1670 1200 qnid
1690 1120 1787 1184 iubis

118 1220 273 1293 correptus
304 1219 368 1286 est,
417 1231 543 1291 eumque
574 1210 655 1272 olerc
684 1230 720 1271 cx
751 1206 924 1269 recentibus
982 1209 1144 1270 immoror?
1184 1212 1258 1272 Cum
1277 1213 1364 1271 unius
1385 1210 1513 1272 hominis
1533 1210 1659 1280 scelere,
1679 1222 1787 1275 cuncta

119 1304 244 1366 llammis
266 1301 450 1365 calidissimo
476 1303 642 1365 collotenus
661 1298 800 1382 perfudit,
828 1302 871 1361 ita
890 1307 924 1361 ut
981 1301 1098 1365 scelera
1115 1311 1258 1385 superata
1275 1303 1414 1365 cernsml
1453 1302 1788 1381 Queramurnunccuu

117 1397 240 1459 ellusum
266 1398 317 1475 ius
343 1404 440 1457 cutem
465 1398 495 1456 in
516 1398 584 1478 ipso
605 1395 695 1457 dorso
715 1397 817 1455 statim
837 1395 923 1455 mise·
981 1414 1094 1470 rerum,
1120 1393 1201 1476 quod
1224 1415 1282 1457 uos
1309 1396 1408 1457 multis
1435 1406 1467 1458 et
1495 1398 1613 1477 asperis
1641 1394 1786 1461 adversae

116 1489 240 1552 rabilem
266 1492 294 1549 in
323 1484 441 1549 modum
470 1489 667 1564 contraheret,
691 1495 722 1549 et
741 1485 791 1547 illo
811 1504 923 1566 pronus
980 1485 1160 1549 valetudinis
1181 1486 1376 1550 incommodis
1397 1488 1541 1551 obnoxios
1562 1491 1788 1554 essevolueritt

117 1587 146 1643 in
176 1593 285 1643 terram
311 1580 521 1655 collaberetur,
547 1584 694 1661 Princeps
718 1588 818 1639 tamen
843 1575 935 1651 haud,
981 1579 1172 1661 habitumque
1204 1580 1346 1643 coelestis
1375 1581 1492 1643 roboris
1517 1582 1662 1645 humanae
1687 1582 1787 1647 condi·

118 1676 185 1737 istis
219 1681 378 1737 contentus
409 1671 518 1750 lactis,
544 1674 712 1736 vehementi
750 1673 812 1732 ictu
836 1668 925 1733 lerra·
982 1674 1056 1733 tioni
1076 1664 1253 1751 denegatum
1273 1674 1401 1735 moleste
1422 1674 1561 1751 feramus,
1581 1696 1647 1737 cum
1667 1685 1713 1739 tot
1722 1698 1785 1739 cru-

114 1776 178 1828 tum
213 1768 382 1848 scipionem
416 1765 519 1828 luriosi
546 1766 674 1828 hominis
699 1767 779 1845 capti
792 1812 794 1817 .
807 1761 924 1834 inflixit,
983 1767 1080 1826 ciatus
1106 1765 1294 1847 sibimetipsa
1318 1768 1483 1830 mortalitas
1510 1768 1637 1849 impulsu
1664 1769 1786 1833 crudeli·

118 1880 245 1941 eumque
278 1863 412 1922 saucium
445 1880 501 1921 suo
527 1881 544 1919 e
569 1867 735 1939 conspectu
766 1853 924 1918 discedere
983 1860 1055 1919 tatis
1077 1861 1298 1939 excogitaverit.
