3742 5626
724 172 851 237 nsunt
871 172 1137 237 nnbnnnttttn

99 340 237 402 mundone
256 358 316 399 uon
345 333 540 399 discessimes
570 335 609 399 ad
642 336 733 399 latum
765 356 902 416 unguem.
959 338 1018 417 gis,
1037 336 1201 418 negligant.
1240 340 1320 401 sarit
1340 336 1537 410 duccscacci,
1557 336 1638 411 falsi,
1659 338 1773 413 dolosi,

99 434 253 497 Romanae
272 442 370 495 autem
382 430 539 491 Ecclesiae
558 428 845 505 abrenunciavimns,
856 452 903 491 cc·
959 436 1032 491 snut
1050 434 1199 510 genimina
1209 434 1386 513 viperarum,
1401 432 1475 493 tersi
1485 432 1607 503 calices,
1627 434 1773 513 sepulcra

98 526 250 591 ramorrias
268 532 300 585 et
318 522 470 585 doctrinas
488 522 639 583 boariuum
655 523 836 604 perditorum
853 522 904 583 de·
960 520 1109 595 dealbata,
1130 524 1204 585 toris
1223 526 1254 585 ln
1275 528 1386 597 mitris,
1412 528 1441 585 in
1463 525 1567 605 pileis,
1595 527 1627 585 ia
1655 526 1774 591 habitu.

99 620 283 693 elinarimns,
312 620 361 697 qui
397 615 493 677 falsos
518 624 550 677 et
574 618 792 678 commentitios
819 618 903 677 lieos
962 620 992 677 in
1011 619 1357 679 restitusuuetimoniam
1369 626 1568 693 ostentantes,
1589 620 1675 679 intus
1691 620 1771 699 pleni

99 714 209 785 colunt,
235 713 284 791 qni
309 708 418 769 bellurn
443 712 640 790 importunum
665 720 767 771 contra
793 711 903 785 Deum,
961 717 1031 771 sarit
1049 708 1242 793 turpitudine,
1263 712 1425 792 hypocrisi,
1446 712 1618 790 iniquitate,
1643 709 1772 773 libidini·

101 808 217 887 licique
236 802 327 863 lilium
346 802 514 878 moliuntur,
535 810 567 863 et
576 802 685 865 imstra
697 806 764 883 ejus
778 802 901 863 verbum
960 802 1017 865 hus
1037 802 1141 875 dediti,
1161 808 1334 879 saumones,
1348 804 1519 873 histriones,
1530 803 1673 878 latrones,
1688 804 1769 866 aleae

99 908 131 961 et
148 916 256 959 nomeu
277 903 422 957 conantur
440 898 627 973 extinguere:
651 898 714 975 jam
735 898 764 957 si
783 894 814 957 id
834 918 902 979 pee·
961 899 1105 976 magistri,
1126 898 1291 973 helluones,
1309 895 1444 971 venefici,
1464 896 1629 958 temulenti.
1660 898 1767 959 Abbir

99 1002 198 1057 catum
215 998 273 1065 est,
294 986 424 1069 quadiu
445 986 586 1051 cathedra
606 988 771 1051 derisorum
784 1010 843 1049 uon
855 1010 902 1051 se·
961 990 1131 1051 hominihus
1152 988 1280 1052 docendi
1301 1010 1418 1061 surinus,
1438 987 1516 1069 quod
1537 988 1620 1071 apud
1631 990 1768 1051 ethnicos

100 1086 221 1149 demna:
262 1082 297 1143 Si
319 1082 431 1143 Christi
451 1092 557 1143 coetus
583 1092 665 1143 certo
686 1083 826 1161 alligatus
855 1090 904 1143 est
962 1086 1051 1145 ctiam
1070 1092 1101 1145 et
1118 1082 1243 1145 arduam
1269 1086 1418 1165 inprimis,
1443 1092 1475 1143 et
1500 1081 1699 1143 honorificum
1727 1096 1770 1145 est

99 1180 177 1255 loeo,
195 1182 222 1239 si
242 1184 365 1258 propter
384 1174 453 1237 odia
479 1174 688 1237 dissidentium
709 1179 738 1236 iu
758 1176 904 1255 religione
963 1174 1112 1252 habitum,
1139 1198 1325 1258 nequaqnam
1345 1178 1526 1257 accipimus:
1564 1174 1662 1238 seda
1684 1190 1771 1239 coetu

98 1272 182 1335 verhi
213 1270 304 1331 divini
328 1272 441 1331 veritas
462 1270 492 1327 iu
523 1266 645 1329 dubium
672 1268 809 1331 vocanda
838 1278 903 1331 est:
962 1268 1084 1345 Christi,
1101 1275 1150 1351 qni
1171 1292 1225 1351 per
1243 1270 1344 1331 orbem
1364 1278 1506 1331 terrarum
1527 1274 1642 1353 passim
1654 1269 1773 1352 dispcr-

98 1388 157 1427 noa
176 1362 266 1425 rideo
292 1360 445 1443 equidem,
475 1362 527 1421 ubi
558 1359 678 1423 tandem
708 1360 904 1423 irmenicudns
962 1382 1016 1423 sus
1037 1370 1101 1437 est,
1126 1366 1175 1444 qni
1201 1362 1407 1425 dulcissimum
1428 1364 1486 1425 Dei
1507 1384 1615 1425 nomen
1643 1365 1722 1427 colit
1745 1376 1773 1425 et

98 1463 141 1521 sit
170 1456 298 1540 populus
328 1455 449 1515 Christi.
488 1454 566 1517 Nam
599 1464 629 1517 et
661 1459 718 1537 ipsi
749 1476 903 1518 sacrorum
962 1466 1129 1531 reiteratur,
1150 1459 1238 1537 cnjus
1259 1464 1352 1537 caput
1370 1466 1419 1517 est
1438 1476 1573 1517 summus
1593 1456 1646 1517 ille
1667 1458 1772 1519 Eccle

99 1553 265 1633 Principes,
284 1553 334 1631 qui
355 1550 534 1621 existimant,
553 1568 589 1609 se
608 1549 692 1609 solos
713 1550 832 1610 omnino
852 1548 903 1609 oh·
961 1552 1074 1609 siastes
1094 1550 1153 1611 Dei
1174 1550 1262 1627 lilius,
1281 1550 1331 1631 qui
1351 1558 1401 1611 est
1419 1552 1465 1609 ria
1486 1558 1518 1611 et
1527 1552 1644 1611 veritas
1656 1560 1689 1611 ct
1702 1554 1771 1625 rita,

102 1654 258 1709 servarttes
278 1662 348 1705 esse
368 1642 467 1721 legum
488 1640 661 1717 divinarum,
683 1640 775 1703 dnbio
800 1642 903 1723 procul
962 1645 1010 1723 qui
1032 1642 1146 1703 habitat
1167 1647 1196 1703 in
1217 1642 1359 1704 cordibus
1378 1646 1501 1715 nostris,
1520 1646 1573 1723 qui
1594 1654 1699 1705 moret
1712 1648 1771 1707 oris

100 1744 181 1805 omni
200 1736 432 1819 reprehensione
457 1732 627 1813 dignissimi
654 1744 735 1797 sum.
782 1739 903 1817 Quippe
962 1736 1117 1817 plectrum,
1137 1740 1186 1818 qui
1209 1738 1265 1795 rim
1285 1756 1425 1797 arcanam
1444 1736 1547 1797 verbis
1569 1742 1770 1817 promananti-

100 1830 272 1897 detestahili
292 1848 415 1909 prorsus
435 1836 524 1908 atque
550 1826 737 1889 intoleranda
762 1828 903 1909 superbia
962 1828 1019 1890 bns
1039 1827 1133 1889 addit.
1173 1828 1239 1890 Nec
1258 1838 1317 1904 est,
1336 1826 1417 1909 qnod
1436 1832 1597 1909 qaisquam
1619 1852 1681 1891 nos
1698 1830 1769 1891 ordi·

100 1929 170 1990 elati
190 1920 390 1987 miserabilem
415 1924 444 1981 iu
472 1918 591 1981 modum
622 1922 755 1983 lacerant
784 1932 903 2001 gentem
962 1924 1009 1983 nis
1029 1922 1254 2003 perturbatores
1274 1942 1346 1983 essa
1368 1930 1462 2003 portet.
1501 1920 1574 1983 Nou
1596 1924 1679 1983 euim
1699 1928 1767 1985 eitra

100 2021 227 2083 Christi:
247 2017 346 2079 Deum
358 2012 563 2085 invocandum,
583 2012 752 2090 colendum,
767 2018 903 2075 ctsnsci·
962 2013 1109 2075 delectum
1129 2016 1159 2075 in
1179 2024 1356 2095 suggestum
1375 2013 1561 2076 admittimus
1578 2016 1717 2077 homiues
1726 2038 1768 2077 rc·

98 2112 239 2199 piendum
259 2128 330 2171 esse
349 2106 469 2183 docent,
487 2114 588 2170 cetera
608 2108 707 2169 omnia
736 2106 903 2189 pronihilo
961 2128 1024 2169 rum
1045 2112 1208 2189 imperitos,
1227 2110 1308 2170 rrrrttn
1325 2106 1453 2189 jndicio,
1471 2128 1527 2169 nee
1542 2108 1692 2179 humanis,
1712 2132 1765 2169 aec

100 2204 253 2269 ducenda:
294 2201 375 2284 qnod
394 2200 568 2262 admirabile
588 2198 699 2261 dictura
726 2210 789 2271 est,
815 2220 902 2282 qnam
961 2206 1058 2263 sacris
1079 2203 1185 2263 litteris
1205 2200 1349 2277 eruditos,
1379 2202 1426 2263 vel
1444 2202 1619 2264 sceleribus
1647 2202 1765 2263 aracaio·

100 2308 204 2363 contra
222 2296 276 2357 fiat
293 2295 332 2356 ab
352 2298 439 2376 ipsis,
460 2293 902 2375 quicorisulcatarirtutcomni
961 2316 1032 2355 sos:
1072 2293 1137 2356 Sed
1163 2298 1191 2355 si
1219 2298 1287 2375 quis
1307 2302 1368 2356 tam
1388 2296 1540 2357 excellens
1561 2316 1676 2357 mutans
1704 2296 1766 2357 alle·

99 2414 137 2455 ac
155 2392 305 2467 religione.
326 2388 455 2447 honores
486 2406 577 2467 opes,
603 2390 782 2467 potentiam,
807 2385 904 2447 lihidi·
962 2396 1033 2463 ctat,
1054 2388 1095 2449 illi
1116 2391 1195 2449 orrrni
1216 2386 1318 2451 studio
1342 2387 1505 2449 curandum
1531 2410 1607 2449 esse
1635 2386 1768 2451 dicimus.

100 2506 166 2557 nes,
187 2485 216 2543 in
236 2482 304 2541 loco
325 2483 454 2539 ranariuis
475 2478 593 2553 colunt,
614 2479 808 2559 hominesque
834 2480 903 2561 pios
962 2490 995 2541 nt
1014 2484 1043 2541 in
1064 2481 1123 2543 hoc
1142 2480 1256 2541 diihcili
1276 2490 1308 2543 et
1327 2481 1479 2541 laborioso
1498 2482 1581 2543 vitae
1603 2502 1699 2545 cursu
1715 2482 1767 2565 pla·

99 2598 215 2641 samma
248 2570 423 2635 crudelitate
457 2580 686 2653 persequuntur.
732 2572 800 2633 Vno
833 2594 903 2633 sero
962 2582 1059 2635 catum
1080 2594 1187 2634 rrumcn
1208 2574 1327 2647 habeat,
1347 2574 1504 2655 multisque
1523 2573 1606 2635 adeo
1629 2576 1767 2637 rebnssit

101 2670 205 2739 nobis,
230 2668 259 2729 si
284 2666 340 2727 hos
368 2666 531 2727 arrimornm
555 2670 694 2746 pastores
720 2670 816 2727 secuti
842 2665 903 2727 iue-
962 2671 1141 2741 instructus,
1175 2671 1310 2727 nimirum
1346 2675 1517 2728 secretarum
1552 2668 1768 2749 scripturarum

99 2768 208 2833 finnus,
228 2762 277 2842 qui
297 2780 355 2819 nos
375 2778 393 2819 a
413 2759 476 2829 ria,
505 2778 583 2838 quac
604 2757 688 2819 ducit
717 2762 746 2819 iu
778 2759 903 2831 coelum,
962 2760 1167 2839 intelligentia,
1188 2760 1279 2821 multa
1292 2762 1514 2832 exercitatione,
1533 2764 1622 2822 saria
1635 2762 1770 2823 lectione.

99 2856 322 2921 studiosissime
341 2848 508 2921 deducunt,
528 2855 576 2932 qui
603 2853 752 2913 Christum
778 2856 903 2933 ejusque
958 2850 1074 2935 jndicio
1095 2873 1171 2914 sano
1191 2851 1348 2934 prudentia
1367 2853 1561 2931 trotarnlgari,
1584 2862 1618 2915 et
1634 2854 1769 2915 lortisia·

100 2950 221 3014 verbum
237 2944 414 3029 jamdudum
433 2945 623 3027 ahJ'ecornut,
642 2946 751 3025 quihus
771 2946 841 3007 dnm
861 2950 903 3007 ita
961 2966 1090 3026 caroque
1110 2949 1218 3017 arrimo,
1243 2950 1411 3027 «miserias
1436 2952 1640 3009 tentationum
1660 2948 1770 3031 procel·

98 3050 251 3128 praesunt,
271 3036 431 3120 optandum
451 3044 509 3111 cst,
529 3046 562 3097 ιιι
580 3044 659 3097 terra
679 3036 854 3100 dehiscente
865 3036 904 3098 ad
962 3040 1008 3099 las
1028 3059 1064 3099 ac
1086 3042 1270 3118 ingruentem
1290 3040 1432 3100 malorum
1458 3042 1518 3099 rim
1546 3050 1769 3123 tempestatem-

99 3156 209 3199 caecas
229 3132 387 3194 inferorum
408 3130 549 3191 tenebras
560 3128 763 3191 detrudantur.
792 3132 902 3191 Sectas
962 3152 1020 3213 quc
1039 3132 1167 3193 tolerare
1186 3135 1273 3193 sciat.
1301 3132 1410 3193 hlimm
1429 3142 1528 3194 nutem
1549 3144 1607 3209 est,
1625 3132 1696 3213 qnid
1717 3154 1767 3193 ro·

99 3229 188 3293 nohis
208 3236 240 3289 et
259 3222 386 3287 dissidia
406 3223 561 3304 objiciunt,
582 3242 649 3282 euru
669 3225 727 3304 ipsi
739 3227 851 3285 interca
863 3224 902 3284 ab
962 3225 1009 3285 his
1039 3234 1183 3285 terrarum
1209 3224 1400 3307 Principibus
1432 3230 1462 3286 ia
1488 3234 1617 3289 mentem
1640 3230 1768 3295 renent,

100 3322 248 3385 Orientali
269 3318 407 3380 Ecclesia
433 3324 576 3396 perpetuo
603 3313 787 3391 dissideant,
814 3320 902 3377 uinco
961 3316 1041 3399 qnod
1061 3318 1202 3378 miracula
1218 3316 1382 3379 doctrinam
1395 3318 1770 3383 confirmantiannuctan·

99 3426 212 3477 tantam
231 3410 418 3487 arrogantiae
438 3409 509 3467 sitio
530 3412 559 3467 in
580 3413 811 3469 controversiam
832 3408 903 3471 dila·
962 3409 1029 3473 dem
1060 3411 1212 3490 flagitatis.
1263 3414 1337 3471 Cum
1368 3422 1467 3473 tamen
1492 3416 1617 3475 omnino
1644 3422 1771 3483 constet,

101 3512 159 3591 psi,
179 3526 256 3588 quae
276 3503 344 3563 lons
365 3510 395 3563 et
415 3504 498 3580 origo
519 3510 565 3561 cst
585 3502 714 3561 omnium
736 3510 903 3563 coutrovcr·
963 3504 1020 3565 hoe
1046 3504 1168 3565 verbum
1189 3501 1229 3564 ad
1255 3525 1415 3585 parennem
1442 3506 1573 3567 hominis
1601 3506 1771 3569 felicitate·

100 3606 219 3663 sionim.
261 3596 363 3659 'l'aceo
383 3614 462 3655 nnnc
483 3596 633 3673 ingentem
658 3597 747 3655 istum
774 3596 903 3659 dis-ersa·

100 3716 163 3757 ran
182 3700 331 3755 sectarum
351 3688 501 3770 populum,
521 3694 566 3748 tot
587 3691 708 3749 stoicas
726 3692 840 3763 simias,
860 3700 906 3752 tot

100 3788 247 3851 cucullata
268 3792 411 3853 monstra,
432 3790 477 3843 tot
497 3781 626 3861 pullatos
639 3782 902 3845 insolentissimos-

100 3904 157 3964 qne
179 3877 364 3951 fraterculos,
390 3874 499 3957 quihus
519 3894 588 3935 sera
615 3874 675 3936 Dei
702 3876 841 3939 Ecclesia
866 3900 903 3939 eo

100 3985 232 4057 tempore
251 3974 355 4041 caruit,
382 3990 439 4049 quo
460 3970 621 4049 purissima
646 3977 676 4029 et
701 3974 811 4051 optima
838 3970 902 4031 t'uit.

100 4068 138 4131 lli
159 4066 269 4129 arduas
290 4062 408 4125 vivendi
430 4061 550 4139 regulas
570 4060 760 4143 profitentur,
785 4074 815 4123 et
836 4084 902 4125 san·

100 4164 316 4222 ctisssimorum
336 4154 454 4237 qnidcm
480 4162 597 4235 patrum
624 4159 742 4215 uomina
768 4176 840 4237 prae
868 4178 902 4217 se

99 4254 206 4323 icmnt,
226 4249 282 4311 sed
302 4258 373 4309 sum
391 4266 534 4325 agrrorum
559 4246 617 4307 suh
644 4248 722 4329 pelle
749 4249 826 4330 lupi,
851 4253 902 4331 qui

99 4343 216 4423 legibus
236 4341 344 4401 divinis
366 4360 424 4399 non
446 4348 565 4420 parcnt.
585 4342 642 4401 nisi
673 4362 729 4422 spc
756 4342 902 4404 mercedis

97 4434 298 4507 adducantur,
318 4442 370 4496 ant
396 4434 592 4509 cogitatione,
619 4444 760 4515 qnantum
780 4436 832 4498 illa
852 4456 902 4497 res

98 4536 139 4594 sit
155 4531 291 4593 utilitatis
313 4526 460 4589 habitura.

174 4624 333 4685 Piissimas
354 4620 396 4681 illi
417 4620 501 4699 leges
522 4619 632 4679 Christi
653 4618 845 4697 labefactant,
855 4642 903 4682 rc·

99 4740 162 4781 ram
184 4720 242 4781 liei
268 4716 410 4797 templum
435 4718 578 4794 sivasqne
605 4716 672 4793 ejus
699 4712 845 4793 imagines
873 4724 904 4775 et

98 4832 167 4872 aras
187 4816 349 4873 animarum
369 4808 571 4888 negligentes,
598 4826 701 4867 summ
727 4816 758 4869 et
779 4808 903 4869 oblatio·

99 4922 154 4963 aes
176 4922 265 4964 asaro
283 4904 370 4965 oculo
391 4906 559 4984 inspiciunt,
581 4902 692 4961 leviora
713 4909 745 4962 et
765 4906 902 4984 qnasisi·

98 4996 192 5053 nistra
212 4994 287 5073 legis
298 4998 418 5067 iaciunt,
438 4997 476 5058 dc
487 4996 622 5069 decimis,
643 4992 681 5055 de
692 4992 902 5076 eleemosynis,

99 5084 138 5149 de
158 5092 335 5149 ceremoniis
355 5112 431 5151 nora
459 5090 580 5153 endunt.
626 5094 715 5171 erac
742 5112 813 5155 sero
838 5112 903 5171 gra·

99 5182 181 5241 viora
202 5188 231 5239 ct
253 5186 404 5241 sanctiora
424 5194 496 5243 suut
514 5206 605 5265 opera
618 5186 782 5263 Evangelii,
803 5194 834 5243 ct
848 5186 902 5245 lac·

963 3601 1174 3673 necessarium,
1195 3618 1301 3659 norma
1321 3619 1381 3659 non
1401 3620 1486 3667 esse,
1506 3618 1610 3679 neqrrc
1629 3608 1772 3661 nostran.

963 3690 1084 3751 Christo
1094 3692 1264 3759 militamus,
1285 3690 1512 3771 dispensatores
1521 3712 1643 3767 snmus,
1665 3714 1771 3755 sermo

963 3806 1017 3844 nes
1037 3784 1097 3845 Dei
1119 3784 1279 3865 loquimur,
1302 3785 1516 3865 Apostolorum
1536 3788 1689 3865 vestigiis
1710 3790 1771 3849 insi

962 3878 1079 3953 stimns,
1099 3886 1130 3937 ct
1148 3898 1272 3959 prorsus
1292 3879 1334 3939 ita
1354 3886 1508 3959 putamus:
1528 3876 1628 3959 Apud
1646 3880 1771 3943 illasio

962 3972 1073 4043 mines,
1100 3974 1149 4051 qui
1174 3972 1394 4032 sanctissimam
1414 3970 1574 4049 Evangelii
1606 3970 1770 4037 uocans·-

962 4070 1145 4145 recepemat‚
1166 4067 1263 4124 omnia
1282 4061 1377 4125 sideri
1397 4062 1534 4125 sublimia
1558 4064 1719 4149 plenaque
1736 4066 1771 4127 di

962 4160 1049 4217 vinae
1076 4160 1261 4237 majestatis,
1288 4177 1364 4237 qnae
1385 4154 1423 4216 dc
1453 4154 1578 4217 Christo
1605 4158 1772 4223 redemtore

961 4248 1113 4322 docentur,
1134 4248 1262 4329 ideoque
1281 4270 1340 4310 uon
1361 4269 1539 4329 magnopere
1563 4253 1716 4315 mirrrcula
1734 4276 1768 4313 re·

962 4346 1096 4425 quirunt:
1135 4364 1211 4423 quae
1235 4352 1334 4403 tarueu
1355 4351 1387 4403 et
1407 4346 1474 4422 ipsa
1495 4362 1555 4401 non
1577 4350 1710 4407 austrino
1727 4344 1770 4407 tle·

960 4440 1052 4499 siissc
1071 4435 1233 4516 putandum
1257 4446 1314 4497 est.
1349 4436 1461 4513 Quanti
1487 4438 1565 4495 entim
1587 4436 1671 4499 illud
1691 4443 1771 4501 emti·

961 4529 1115 4601 mabimua,
1136 4527 1217 4609 quod
1237 4538 1358 4590 nostrae
1378 4531 1545 4609 prauitatis,
1566 4536 1598 4591 ct
1617 4552 1681 4594 nos
1698 4530 1772 4613 apud

962 4622 1104 4683 infinitam
1116 4622 1265 4682 hominnm
1288 4619 1504 4683 multitudinem
1524 4642 1542 4681 e
1562 4628 1666 4687 variis
1683 4626 1767 4705 genti-

961 4715 1019 4777 hus
1040 4734 1077 4775 ac
1096 4713 1205 4793 linguis
1226 4714 1383 4777 conllatam
1409 4736 1467 4775 nou
1492 4718 1560 4775 siue
1578 4718 1695 4797 ingesti
1712 4716 1769 4777 irn-

961 4818 1011 4871 etu
1032 4806 1189 4883 docemus,
1210 4806 1316 4869 destun
1335 4806 1519 4869 crucifixum:
1560 4810 1650 4889 qnod
1671 4818 1773 4871 mna-

961 4904 1040 4964 lihns
1062 4910 1142 4963 metu
1156 4900 1262 4982 judieii
1284 4900 1374 4963 divini
1396 4920 1414 4963 a
1434 4901 1550 4963 scelere
1571 4912 1606 4965 et
1629 4902 1777 4967 maleficio

962 4996 1112 5057 deterritis
1131 4999 1208 5057 viam
1229 4995 1338 5056 salutis
1358 4993 1563 5056 ostendimus:
1597 4996 1685 5079 qnod
1707 4998 1778 5059 mal·

961 5100 1011 5150 tos
1033 5092 1062 5147 in
1083 5088 1269 5151 foedissimis
1289 5088 1476 5149 tenebrarum
1492 5086 1779 5153 sardihnssersan·

964 5192 1013 5242 tes
1031 5179 1070 5241 ad
1092 5182 1285 5243 clarissimam
1307 5180 1461 5257 Evangelii
1485 5182 1581 5243 turem
1592 5182 1779 5245 adduci-us
