3742 5626
95 176 155 239 m
336 118 344 129 ¹
722 172 853 239 PAUlal
878 172 1149 239 ouuuuouuu

102 338 210 405 tendas
230 337 349 420 legatos
368 336 547 410 reciderunt,
569 358 692 419 quornm
706 336 787 399 felici
799 345 908 419 etspe·
966 338 1069 401 dextra
1089 343 1158 421 ejus
1177 344 1243 423 ripe
1262 344 1352 403 situm
1372 350 1430 416 est,
1450 350 1648 421 occuparant,
1668 350 1703 402 et
1715 344 1777 421 je·

102 443 184 499 etate
205 432 307 495 multis
326 436 356 493 in
376 432 453 493 loeis
474 429 621 493 industria
646 435 764 512 tyranni
790 435 907 494 aruimus
966 441 1035 493 octo
1055 434 1182 515 amplius
1203 433 1356 495 mensibus
1385 454 1500 496 omnem
1525 430 1722 512 tyrannidem
1750 450 1778 497 et

103 527 247 613 paulatim
267 527 458 606 mitigaretur.
486 524 554 585 Nec
573 544 649 586 sane
659 523 830 598 defuissent
839 525 908 586 hnic
965 524 1108 587 nefariam
1127 525 1333 589 crudelitatem
1353 531 1383 590 in
1403 536 1468 590 tota
1495 525 1610 588 ditione
1639 548 1777 590 exercue

104 618 230 685 consilio
251 626 385 687 eventus,
405 618 463 679 nisi
485 617 576 697 legati
601 638 658 680 sua
684 617 814 700 quadam
839 619 908 680 levi·
966 627 1043 681 rant.
1073 621 1209 701 Legatos
1228 629 1326 682 autem
1345 640 1521 702 quamquam
1541 639 1598 701 pro
1620 639 1685 680 suo
1698 641 1777 701 prae-

104 725 166 778 tate
191 714 395 774 inmanissimi
420 710 570 792 Principis
597 716 725 773 animum
754 712 909 774 vehemen·
966 715 1057 773 stanti
1080 716 1200 793 ingenio
1222 722 1253 775 et
1271 711 1407 776 doctrina
1429 714 1500 774 nibil
1521 714 1614 794 plane
1636 717 1774 777 intersit·

103 813 165 871 tius
184 809 365 867 irritassent.
403 803 525 886 Quippe
544 825 610 867 cum
629 809 786 887 pecuniam
811 826 847 867 se
867 812 911 866 at·
965 813 1051 877 teret,
1071 805 1152 886 qnod
1171 805 1211 867 ad
1230 826 1352 868 causam
1362 810 1512 889 pertinere
1524 804 1699 882 videretur,
1718 828 1773 890 per·

103 900 212 964 tulisse
232 896 447 980 profiterentur,
478 918 535 959 nec
553 907 667 972 mmen,
698 919 766 959 cum
789 897 909 960 adrem
967 901 1099 978 mgnum
1120 908 1220 961 temen
1240 901 1339 962 anxilii
1359 920 1444 983 spem
1463 903 1592 980 accepit.
1625 899 1686 961 Sic

103 1001 224 1056 ventum
244 998 339 1066 esset,
360 1010 425 1051 eam
444 1010 589 1071 reponere
609 1002 747 1073 possent,
766 990 910 1054 neoforto
967 1000 1039 1053 sunt
1058 991 1207 1053 bominum
1226 997 1325 1065 enimi,
1346 1002 1379 1055 ut
1391 997 1555 1055 vicinorum
1574 992 1772 1056 incommode

102 1086 222 1158 veilent,
247 1084 298 1146 ille
325 1080 491 1145 incredibili
518 1082 617 1146 furore
644 1093 816 1166 correptus,
842 1105 911 1145 con·
968 1104 1028 1145 ιιοιι
1047 1104 1228 1166 magnopere
1248 1095 1496 1159 commoveantur,
1516 1106 1614 1166 seque
1633 1087 1697 1148 sibi
1717 1108 1775 1169 pro

104 1198 195 1245 cesso
216 1179 299 1261 prius
324 1176 432 1257 legatis
458 1179 489 1237 in
515 1181 641 1258 patriam
665 1175 779 1254 reditu,
804 1181 911 1257 ingens
967 1179 1064 1239 minos
1085 1196 1156 1239 esse
1181 1198 1285 1239 omnes
1317 1187 1432 1260 putent.
1478 1180 1638 1241 Exciverat
1662 1184 1777 1244 interea

103 1271 270 1339 Livonibus
290 1269 403 1332 bellum
423 1269 509 1346 fecit,
539 1291 596 1331 nec
621 1270 712 1351 longa
732 1274 911 1352 irrterposita
967 1289 1041 1331 suas
1061 1292 1080 1332 e
1098 1272 1226 1334 livonia
1246 1275 1351 1352 copias
1377 1268 1545 1343 basilidae,
1574 1280 1607 1332 ut
1638 1271 1779 1336 Tamis

104 1370 214 1450 quiete,
242 1384 311 1427 cum
335 1363 445 1424 nullam
477 1385 495 1425 a
528 1362 621 1424 milite
653 1365 701 1426 vel
733 1362 912 1426 durissimae
968 1365 1045 1424 intra
1064 1360 1189 1425 ditionis
1207 1364 1362 1426 bfoscicae
1381 1382 1452 1424 sese
1473 1360 1710 1425 ostendentibus
1730 1366 1778 1427 sb

104 1461 228 1535 hiemis,
257 1455 306 1517 vel
338 1454 500 1517 difficilium
528 1458 676 1534 itinerum,
705 1457 754 1519 vel
783 1458 911 1538 alicujus
968 1457 1046 1516 viam
1066 1458 1138 1519 irata
1166 1457 1206 1518 iis
1232 1454 1350 1517 demum
1369 1455 1503 1518 seeundo
1523 1465 1622 1517 marte
1642 1458 1778 1538 prodige

97 1551 332 1633 defatigationis
353 1552 577 1611 excusationem
595 1553 752 1634 reciperet,
773 1548 917 1613 adVeis·.
967 1550 1018 1624 tis,
1037 1556 1070 1609 et
1088 1569 1163 1630 pace
1183 1553 1350 1630 composita
1369 1570 1436 1610 cum
1454 1551 1568 1628 ingenti
1588 1550 1777 1613 multitudine

109 1645 289 1725 senbergum
309 1652 340 1704 et
358 1641 500 1703 Nerviam
518 1649 637 1723 magnis
666 1644 823 1705 itineribus
842 1662 912 1705 con·
937 1698 940 1741 1
967 1642 998 1702 in
1018 1643 1173 1705 Lironiam
1191 1663 1343 1718 reversus,
1362 1640 1473 1725 oppida
1494 1650 1526 1703 et
1544 1662 1639 1703 arces
1659 1643 1777 1705 ιώίαιιι·

105 1739 221 1803 tenditt
240 1743 326 1800 tauta
346 1734 501 1797 eeleritate
517 1738 650 1799 incitetis
661 1736 702 1799 ad
710 1734 912 1799 festinandum
968 1754 1026 1816 que
1045 1737 1151 1815 potuit,
1170 1738 1344 1817 occupavit:
1370 1756 1462 1814 agros
1482 1735 1656 1798 latrociniis
1682 1746 1715 1799 et
1739 1739 1779 1797 in

106 1832 244 1897 omnibus
264 1831 371 1912 copiis,
389 1837 424 1890 ut
443 1831 625 1909 neqneviae
647 1830 791 1892 militares
811 1827 910 1892 admo-
969 1825 1084 1889 endis
1105 1825 1311 1891 crudelissime
1331 1827 1510 1904 devastavit,
1532 1837 1564 1890 et
1585 1830 1684 1891 relati
1710 1840 1776 1893 tem

107 1925 177 1988 dum
207 1922 379 1999 lutulentae,
408 1942 505 2003 neque
539 1920 633 1984 iubati
663 1942 784 1999 annes,
814 1942 912 2005 neque
937 1972 942 2039 p
968 1928 1074 2002 pestes
1094 1919 1241 2003 qrraedam
1260 1922 1347 1982 obvia
1375 1925 1555 2003 prostrauitz
1596 1921 1776 2006 tendeqse

106 2020 301 2101 longissimae
320 2022 427 2077 noctes
447 2011 607 2097 quidquam
634 2013 827 2098 impedirent,
852 2036 912 2098 quo
939 2042 941 2067 ι
968 2012 1107 2074 Velinum
1140 2012 1299 2095 oppidum,
1332 2018 1361 2075 in
1392 2035 1450 2096 quo
1475 2015 1631 2094 blagister
1656 2015 1776 2079 Ordine

106 2115 203 2176 minus
222 2116 371 2173 tormenta
390 2117 564 2169 aenea'non
584 2106 673 2170 modo
693 2108 862 2189 legionibus
880 2112 911 2171 in
939 2120 942 2181 t
970 2105 1138 2169 Guilelmus
1159 2107 1413 2187 Furstenbergius
1434 2116 1507 2177 erat.
1535 2107 1707 2172 obsidione
1724 2114 1776 2171 eis·

109 2226 208 2283 cursu,
229 2200 286 2267 sod
306 2204 382 2284 ipsis
410 2203 500 2263 etiam
525 2201 677 2282 equitibus
703 2210 911 2284 aequarenttu.
939 2210 943 2317 Ι
969 2201 1024 2262 xit
1063 2199 1108 2261 lbi
1127 2220 1199 2261 vero
1219 2200 1398 2262 coeuntibus
1415 2203 1445 2261 in
1466 2220 1556 2261 unum
1570 2201 1724 2282 perfidiae
1734 2201 1775 2263 de

107 2299 227 2363 Etenim
246 2297 369 2358 unrrtios
391 2314 495 2357 omnes
514 2302 545 2356 et
564 2294 689 2369 litteras,
709 2302 741 2356 et
759 2303 852 2357 totam
864 2293 914 2356 de·
940 2320 943 2349 ι
970 2290 1124 2354 decretum
1143 2290 1297 2374 praesidio
1317 2301 1349 2354 et
1368 2293 1522 2370 militibus,
1541 2293 1731 2359 foedissime
1747 2317 1777 2359 se

108 2395 199 2475 nique
218 2393 266 2451 sui
287 2387 395 2449 famam
414 2384 583 2449 incredibili
604 2389 757 2450 celeritate
777 2408 913 2468 praecur-
969 2393 1059 2466 atque
1079 2384 1222 2468 oppidum
1241 2406 1307 2447 cum
1325 2385 1475 2466 Magistro
1494 2384 1702 2465 dediderunt,
1725 2394 1779 2453 riu

107 2484 202 2557 rebat,
233 2500 300 2544 cum
332 2482 420 2543 etiarn
445 2500 465 2541 a
483 2479 664 2562 Derpatensi
683 2480 834 2563 praesule,
863 2483 913 2561 qui
968 2485 1084 2539 tautum
1102 2482 1269 2559 impetrata,
1288 2482 1330 2541 ita
1351 2487 1386 2541 ut
1405 2483 1503 2541 exsuti
1523 2485 1623 2543 armis
1651 2482 1778 2545 estrei

108 2599 144 2643 es
164 2577 289 2640 eliorum
301 2572 474 2635 tumultibus
485 2573 632 2635 exitialem
647 2576 762 2656 patriae
773 2572 914 2636 invidiam
940 2628 943 2635 .
969 2590 1026 2632 nes
1045 2571 1236 2653 pellerentur.
1275 2570 1429 2635 Basilides
1448 2572 1559 2635 Velina
1589 2578 1726 2656 potitis,
1749 2588 1777 2637 et

108 2676 298 2752 conceperat,
319 2663 360 2729 ad
379 2662 582 2729 maturandam
599 2665 813 2748 profectionem
829 2674 916 2728 esset
969 2667 1083 2745 puratis
1102 2668 1269 2741 tormentis,
1288 2686 1366 2746 quae
1378 2666 1640 2747 Fursteubmgius
1659 2669 1778 2750 pterim

109 2767 263 2828 invitatus.
303 2756 427 2823 Accidit
447 2755 476 2819 id
500 2776 558 2842 quo
584 2757 657 2819 nibil
684 2768 784 2822 aetate
810 2768 913 2823 umba
939 2822 942 2859 Ι
970 2764 1002 2817 st
1019 2757 1145 2819 mesiam
1163 2756 1319 2832 babuerat,
1343 2758 1454 2820 bellum
1472 2758 1722 2823 funestissimum
1741 2766 1778 2822 ri·

108 2855 259 2923 crudelium
284 2854 315 2915 in
340 2874 373 2915 re
403 2850 512 2933 bellica
544 2850 673 2915 fortasse
707 2856 848 2934 contigit;
881 2862 916 2916 ut
939 2868 943 2939 t
969 2853 1045 2930 ginti
1057 2850 1185 2933 amplius
1197 2855 1285 2915 annis
1294 2852 1482 2929 circumtulit,
1490 2850 1629 2933 indeque
1639 2854 1688 2915 uti
1696 2854 1779 2936 pleae

108 2951 179 3014 nulli
200 2967 326 3033 prorsus
344 2949 438 3020 sexui,
460 2945 532 3007 rrulli
553 2948 673 3007 omnino
694 2950 785 3010 aetati
811 2968 913 3029 parce·
940 2958 943 3023 ι
969 2947 1066 3007 victor
1080 2943 1289 3026 oppugnandis
1311 2943 1432 3027 oppidis
1442 2944 1692 3028 dejiciendisque
1701 2969 1777 3030 prae·

108 3054 198 3116 retur,
217 3039 275 3104 sed
295 3042 393 3101 omnia
412 3037 574 3100 miserabili
595 3037 689 3101 caede
709 3048 741 3101 et
765 3040 913 3102 bominum
940 3030 943 3091 l
969 3035 1058 3099 sidiis
1078 3044 1170 3099 totam
1189 3059 1254 3100 eam
1272 3042 1425 3119 regionem
1449 3047 1497 3099 est
1522 3051 1727 3120 pervagatus,
1752 3054 1779 3102 et

107 3139 227 3199 laniena
246 3131 475 3214 complerentur.
514 3129 674 3211 Tyrannus
692 3135 769 3194 enim
783 3153 850 3193 cum
863 3153 914 3193 no·
941 3126 944 3231 ἰ
970 3130 1104 3194 Livones
1125 3133 1203 3192 omni
1223 3152 1301 3214 pane
1320 3132 1372 3193 ills
1390 3134 1483 3193 veteri
1510 3130 1642 3195 bellicae
1660 3137 1778 3197 rumas

111 3250 179 3291 ium
199 3227 260 3291 sibi
279 3228 309 3287 in
330 3224 456 3287 Livonia
476 3226 629 3305 imperinm
648 3244 741 3287 saeuo
761 3246 798 3286 ac
824 3227 915 3308 impo-
940 3252 944 3309 p
971 3226 1111 3304 opinione
1130 3225 1280 3305 spoliavit
1319 3224 1408 3287 Duae
1427 3232 1542 3287 tantam
1565 3229 1696 3287 ddum
1712 3224 1771 3285 lle·

109 3325 183 3385 tenti
203 3323 302 3383 ausimo
322 3314 517 3388 destinasset,
538 3315 675 3377 onrriibus
699 3336 793 3398 prope
817 3312 944 3401 distsiel
969 3317 1048 3378 valia
1069 3324 1102 3378 et
1110 3316 1189 3396 llige
1207 3316 1327 3378 barbati
1348 3318 1475 3379 bominis
1496 3316 1615 3396 gladios
1630 3316 1776 3398 effugere.

110 3424 177 3476 ctus
198 3411 397 3489 [lespateosis
424 3406 575 3469 nobilibus
596 3411 714 3469 immani
739 3407 917 3473 erudelitate
940 3404 943 3425 '
970 3408 1011 3472 Et
1029 3409 1184 3471 Resaliam
1205 3407 1325 3491 quidem
1345 3412 1440 3473 semel
1458 3420 1551 3492 atque
1573 3414 1681 3473 iterum
1699 3414 1780 3473 omni

109 3501 279 3570 trucidatis,
297 3498 373 3561 alios
393 3501 482 3561 etiam
514 3497 629 3561 incolas
663 3502 706 3562 its
738 3499 852 3580 afflixit,
881 3510 918 3566 ut
971 3509 1089 3575 conatu,
1109 3506 1183 3564 totis
1201 3502 1327 3579 vnum,
1345 3514 1377 3567 et
1395 3505 1510 3584 ingenti
1529 3507 1671 3567 exercitu
1691 3526 1780 3588 appu·

110 3597 244 3659 Livoues
266 3593 363 3655 exsuti
395 3588 526 3673 oppidis,
555 3595 674 3675 actique
703 3596 734 3656 iu
767 3596 914 3670 exsilium,
940 3640 943 3647 -
970 3597 1082 3675 gnavit.
1122 3594 1203 3659 Nem
1221 3604 1254 3659 et
1271 3616 1410 3676 sumnum
1436 3597 1628 3659 Cimbrorum
1655 3598 1781 3671 Decem

109 3710 164 3773 per
195 3686 383 3752 Lithnaniam
413 3692 503 3764 etque
533 3683 689 3749 Prussiam
719 3697 915 3768 vagarenturr
939 3658 943 3707 l
971 3692 1020 3769 qui
1040 3688 1233 3770 amplissimis
1253 3689 1518 3770 promissionibus,
1543 3700 1579 3753 et
1596 3710 1702 3753 rerum
1726 3712 1778 3754 nn

109 3782 250 3848 bitbuani
270 3799 352 3853 vero,
372 3782 422 3859 qui
438 3777 536 3841 bostis
548 3776 694 3841 feritatem
708 3780 914 3845 noudumsen·
939 3822 942 3829 -
969 3783 1113 3843 simarum
1132 3781 1297 3865 cupiditate
1314 3781 1474 3860 adductos,
1493 3782 1603 3846 relicta
1631 3789 1779 3867 patrinis

110 3882 222 3947 urant,
242 3875 403 3934 vicinomm
424 3872 530 3933 cirinum
550 3871 698 3935 funestam
717 3882 848 3954 stragem
872 3876 912 3937 lu·
940 3896 943 3925 ι
970 3873 1158 3936 llloscoviam
1176 3885 1309 3952 unumst,
1328 3876 1398 3937 buic
1418 3875 1497 3936 bello
1516 3879 1704 3953 immiscuit,
1726 3878 1779 3941 sel

109 3976 225 4049 gerent.
275 3963 342 4027 Sub
371 3963 451 4026 idern
483 3962 547 4027 fers
575 3974 693 4047 tempus
724 3965 851 4029 Carolus
872 3967 913 4031 V.
940 3954 944 4025 l
971 3969 1060 4048 cujus
1078 3969 1196 4029 nomine
1216 3968 1316 4031 maltis
1335 3973 1425 4031 etiam
1450 3966 1572 4050 oppidis
1600 3980 1637 4033 e't
1663 3972 1780 4035 sacili·

109 4075 240 4121 snossss.
263 4060 378 4121 Caesar
402 4054 483 4138 apud
502 4056 656 4136 Hispanos
683 4062 781 4121 evita
801 4058 913 4123 disces
940 4126 943 4135 ‚
971 4058 1098 4122 insidias
1117 4068 1239 4125 struens
1258 4066 1415 4126 immanem
1446 4059 1600 4144 perfidiam
1631 4074 1667 4128 et
1697 4064 1779 4129 dslss

110 4161 208 4226 serat,
234 4153 323 4231 eujus
343 4149 433 4213 frater
453 4148 673 4227 Ferdiaaudus,
692 4150 733 4213 ad
753 4172 840 4234 quem
869 4174 913 4217 ra·
940 4186 943 4205 ι
971 4153 1109 4215 Graecos
1140 4153 1314 4217 felicissime
1334 4159 1475 4226 exercuit,
1507 4164 1538 4216 et
1567 4174 1705 4237 magum
1724 4162 1780 4242 qm·

110 4264 175 4304 rum
188 4263 302 4304 summa
322 4240 422 4305 delata
441 4252 512 4305 tuuc
534 4252 608 4317 erat,
628 4246 788 4323 Augustae
803 4245 915 4309 Vinde·
940 4245 943 4331 j
970 4244 1038 4308 dem
1059 4245 1226 4308 Cimbricus
1253 4268 1319 4309 eum
1343 4247 1529 4310 validissimo
1555 4254 1702 4314 esmeitu
1725 4272 1779 4314 ιι·

109 4335 233 4397 ficorum
260 4354 327 4395 cum
347 4334 545 4417 septemviris
568 4346 595 4397 et
617 4338 733 4419 luperii
745 4337 913 4402 Ordinibus
940 4350 943 4441 ξ
969 4359 1088 4420 guoque
1107 4349 1320 4402 tormentorum
1337 4351 1484 4422 apparatu
1501 4341 1667 4407 Revaliesa
1695 4364 1780 4429 opp}

109 4428 334 4491 celeberrimum
354 4429 500 4489 comitium
521 4428 660 4490 babebat
700 4430 831 4495 Miserat
855 4433 914 4495 bue
939 4468 942 4511 t
969 4453 1062 4511 gnare
1082 4442 1131 4495 ost
1148 4431 1282 4495 adortus.
1323 4433 1388 4496 Sed
1408 4456 1446 4497 es
1463 4454 1669 4501 ressummas
1682 4439 1782 4501 maes

108 4521 253 4587 livoniae
269 4518 417 4601 Magister
435 4540 522 4581 surim
533 4521 672 4600 legatum,
692 4524 855 4605 Georgium
865 4525 913 4588 Si·
938 4540 941 4609 ι
970 4525 1162 4587 difficultates
1184 4525 1415 4589 defendentibus
1433 4529 1537 4591 urbem
1562 4527 1661 4610 longe
1687 4532 1784 4595 fertis

108 4634 241 4696 nurgum,
262 4612 445 4695 preelectum
465 4612 722 4695 Donaburgicum,
747 4626 781 4679 nt
796 4619 913 4689 :siusilia
968 4621 1053 4680 sinim
1074 4618 1247 4681 Germanici
1267 4625 1424 4700 sanguinis
1443 4622 1571 4684 civium
1595 4622 1677 4688 Non
1697 4630 1783 4701 effi,

108 4706 254 4773 meanis
274 4726 340 4771 eam
359 4707 530 4769 bloscorum
550 4711 777 4789 impressionem
802 4719 834 4773 et
863 4731 911 4773 su·
969 4712 1058 4774 sicuti
1078 4712 1315 4791 ipscBasilides
1334 4734 1401 4776 eum
1421 4715 1569 4777 facturum
1588 4728 1783 4799 sperasset,

107 4802 253 4883 psebiem,
284 4800 324 4863 eb
350 4802 477 4883 lmperio
498 4810 529 4863 et
547 4800 714 4865 Ordinibus
733 4803 910 4883 postularet.
969 4803 1109 4887 oppidum
1130 4804 1262 4885 subegit.
1300 4805 1397 4886 lgitur
1420 4830 1439 4871 a
1465 4813 1497 4870 vi-
1519 4807 1561 4869 sd
1586 4809 1738 4877 fraude·
1757 4822 1787 4877 et

107 4890 253 4957 ube-i·
270 4896 419 4977 superiori
431 4914 511 4957 auno
520 4892 661 4957 Neruam
681 4893 833 4978 oppidum,
846 4917 912 4960 ιιιι
968 4902 1096 4961 insidias
1114 4898 1306 4983 confugiens,
1326 4903 1499 4980 insignioris
1525 4903 1698 4983 mdusdam
1735 4909 1785 4971 b

142 4982 338 5051 tmui-
359 4995 454 5049 orturn
474 4994 568 5060 esset,
587 4988 669 5051 facta
680 4991 835 5071 repentia
848 5011 912 5053 crs·
968 4992 1119 5055 mauritatis
1138 4994 1244 5077 specie
1263 4992 1398 5055 civmed
1412 4992 1594 5058 deditionem
1607 4996 1788 5065 tacius-

154 5090 213 5139 sse
230 5096 270 5139 es
285 5078 381 5143 altero
399 5078 511 5163 oppido
524 5079 720 5161 lvanogrodo,
740 5081 820 5165 quod
835 5083 913 5147 ultre
969 5085 1147 5163 conpedes
1166 5090 1280 5162 statuit,
1300 5085 1357 5148 sed
1376 5108 1442 5151 eum
1463 5108 1522 5150 nec
1539 5090 1602 5152 ish
1624 5097 1682 5156 sia
1701 5092 1787 5177 qiud

150 5182 227 5244 ssu,
251 5164 358 5237 edu
378 5170 497 5239 uma
517 5177 636 5237 nomiae
655 5175 848 5259 appellatum,
880 5179 911 5239 in
970 5196 1059 5259 qnam
1079 5179 1275 5260 profecisset,
1294 5178 1447 5257 Basilides
1479 5201 1595 5245 mese.
1615 5187 1787 5270 ιιμῇ.
