3734 5610
616 186 673 248 DL
693 182 833 247 REBUS
851 178 1169 244 Mescovlalcts.

66 352 128 422 niti,
148 370 244 432 neque
270 350 363 410 extrui
384 346 531 423 debebat)
556 346 631 420 dixi,
656 355 772 409 restare
799 342 868 416 diro,

65 462 141 524 quac
160 451 264 504 esseut
283 440 430 516 faciunda,
452 448 513 502 tum
529 449 564 502 ut
584 458 683 503 comm
704 462 750 500 me
769 436 809 498 de
824 444 869 497 to·

63 544 93 597 ta
114 556 146 597 re
164 530 415 618 protestarenturr
434 538 495 594 turn
515 542 549 596 ut
568 531 638 594 mibi
654 542 777 612 iraeque
797 548 867 612 pars

63 630 243 707 laegatonrm
271 621 409 706 exemp'sr
431 644 552 687 maenam
582 626 866 708 Pleuipoteutiarum

62 719 210 783 traderet:
239 725 356 781 noctem
384 720 606 800 insequentem,
636 740 669 780 rc
694 719 762 780 Deo
789 735 865 776 com·

63 810 246 887 mendanda,
275 821 307 873 ct
335 811 548 873 consultanda:
583 812 712 894 denique
741 811 865 888 Legatis

61 905 160 966 Mosei
184 903 402 985 intenogandis
431 909 614 981 accuratius,
643 925 712 966 num
738 903 866 983 aliquam

61 998 186 1059 alteram
215 997 465 1079 Plenipotentiam
506 997 677 1060 solidiorem
712 995 865 1067 baberent,

62 1112 109 1151 me
131 1094 353 1173 insumpturum.
395 1090 486 1168 Quod
504 1091 554 1152 ubi
575 1091 761 1163 factumest,
782 1110 865 1170 prae-

61 1182 258 1265 sentibusque
283 1184 391 1264 Regiis
417 1184 542 1264 Legatis
567 1185 738 1265 singulatim
764 1202 864 1242 renum·

61 1297 207 1359 quemque
219 1272 392 1339 dioscorum
402 1277 582 1356 Legatomm
593 1296 776 1357 quaererem,
796 1294 864 1335 utrm

61 1388 181 1452 semper
200 1368 347 1450 ejusmodi
375 1378 514 1450 patentes
540 1371 649 1431 solitae
673 1374 736 1431 sint
761 1389 777 1429 a
799 1366 865 1428 Illa-

61 1482 120 1545 gno
140 1462 226 1524 Duce
246 1461 340 1538 uadi,
365 1460 454 1544 idqne
481 1462 592 1524 vellent
608 1459 803 1544 jurejurando
823 1460 864 1521 al·

61 1556 192 1618 lirmare:
223 1555 386 1617 Zacharias
417 1556 629 1617 Viceuotarius
654 1577 690 1617 se
715 1554 746 1616 id
771 1554 863 1615 lactu

60 1668 136 1725 rum,
154 1650 264 1730 iuquit3
294 1651 343 1728 qui
364 1669 430 1710 enm
455 1648 556 1710 lllosei
576 1649 764 1711 Secretariae
784 1652 863 1710 Acta

61 1750 179 1803 centurn
200 1762 341 1803 annorum
361 1743 476 1822 legerit,
496 1742 572 1803 alias
594 1762 742 1823 uunquam
766 1741 862 1801 Pleni-

60 1837 256 1916 potentiarum
268 1834 408 1896 formulas
422 1856 502 1909 esse,
524 1855 610 1915 qnam
630 1838 717 1908 istas,
737 1835 861 1914 legisse,

60 1927 225 1989 affirmarit.
271 1927 378 1990 Milita
415 1937 512 1989 autern
545 1928 705 2003 Notarius,
741 1948 817 1987 rrrrus
846 1948 863 1987 e

60 2022 202 2099 Legatis,
233 2019 313 2081 idem
339 2006 484 2082 asseruit:
510 2018 590 2102 quod
616 2028 647 2079 et
671 2029 777 2100 postea
804 2021 863 2081 Ro-

61 2134 165 2177 manus
183 2114 306 2186 Basilii,
332 2117 381 2195 qui
401 2111 561 2195 aliquando
587 2121 657 2175 ante
682 2117 786 2191 vigirui
811 2134 861 2188 au·

60 2227 117 2266 nos
138 2205 177 2267 ad
194 2205 419 2284 sigismundum
431 2208 599 2283 Augustum
620 2205 715 2266 luerat
735 2208 861 2266 missus:

59 2319 97 2358 ae
117 2297 244 2378 denique
263 2298 435 2360 Demetrius
462 2298 544 2374 Dux,
573 2300 750 2378 Legationis
779 2298 860 2360 Priu-

59 2411 147 2470 ceps,
174 2398 303 2453 testatus
324 2399 386 2466 est,
413 2389 542 2465 addens,
572 2412 644 2453 sese
665 2401 698 2452 ut
719 2392 861 2455 Christia-

58 2503 115 2544 nos
135 2484 270 2563 Legatos
288 2484 389 2544 venire
413 2482 453 2544 ad
472 2485 530 2545 boc
554 2486 704 2563 rregotium
735 2487 862 2566 integer·

58 2578 132 2637 rime
153 2575 382 2650 conficiendum
400 2577 473 2637 nibil
493 2597 569 2658 opus
588 2578 652 2639 lore
670 2576 862 2658 adlllagnum

58 2673 176 2734 Ducem
215 2670 338 2730 aliorum
376 2669 625 2732 luternuotiorum
666 2675 859 2746 remissioue3

59 2765 94 2827 ln
114 2765 221 2825 litteris
241 2763 346 2843 lllagni
366 2764 463 2825 Ducis
482 2761 521 2823 ad
542 2764 673 2842 Regem,
700 2772 731 2824 et
757 2762 795 2825 ad
816 2786 862 2826 me

59 2860 196 2937 seriptis,
222 2865 322 2919 extare
341 2876 416 2916 suae
435 2855 674 2935 Plenipoterrtiae
703 2862 862 2938 expositio·

59 2971 143 3023 uem3
162 2949 294 3011 Visuros
315 2969 387 3021 nos,
405 2955 433 3009 si
454 2968 512 3029 pax
532 2947 716 3025 conficiatur,
735 2949 775 3010 ad
796 2950 851 3013 ede

58 3052 137 3106 mum
158 3045 255 3103 omnia
276 3039 394 3102 deduci.
415 3041 492 3120 Ego,
522 3044 571 3108 qui
591 3039 720 3103 viderem
742 3044 862 3105 multum

56 3139 127 3198 terri
154 3138 314 3216 temporie,
338 3155 395 3195 nee
421 3137 610 3215 praesentius
634 3134 768 3216 aliquod,
794 3139 860 3218 ipsa

58 3232 274 3310 protestatione
293 3229 475 3307 Legatorum
487 3228 658 3307 Regiorum,
678 3249 749 3290 esse
768 3250 861 3291 reme·

57 3321 155 3393 dium3
174 3329 305 3383 testatus
325 3324 392 3403 ipse
410 3319 543 3395 Moscis,
569 3330 712 3404 perpetuo
731 3323 790 3383 illis
811 3321 860 3383 de·

57 3412 159 3472 decori
185 3415 263 3474 hanc
289 3434 366 3487 rem,
396 3416 424 3474 si
451 3435 509 3494 qna
535 3413 678 3478 subesset
703 3415 861 3489 calliditas,

58 3504 195 3574 luituram,
215 3507 332 3584 quippe,
343 3526 418 3584 qrrac
429 3509 617 3567 innotescere
629 3510 766 3570 omnibus
778 3509 861 3571 Prin·

58 3593 175 3677 cipibus
196 3594 377 3656 Christianis
397 3596 543 3671 debebat,
563 3599 619 3658 nisi
641 3598 680 3659 ad
700 3621 762 3660 rem
781 3607 860 3663 verri·

57 3697 148 3749 retur.
188 3687 271 3748 Nibil
295 3691 371 3749 euim
397 3690 445 3749 rel
467 3687 661 3762 indutiarum,
687 3712 763 3771 quae
790 3715 861 3753 raon·

57 3780 127 3841 dum
146 3788 264 3852 essent,
296 3783 417 3853 rationi,
446 3782 494 3842 vel
521 3786 669 3843 exercitus
689 3782 859 3846 deductioni

57 3875 259 3936 serenissimo
288 3874 365 3953 Regi
390 3896 427 3935 ex
455 3875 512 3935 bac
541 3880 717 3938 tractatione
748 3885 860 3957 perire:

57 3986 135 4048 qnae
153 3968 300 4047 alioquin,
321 3972 348 4028 si
369 3967 478 4028 borreum
497 3968 621 4030 heberet
639 3973 748 4031 exitum
770 3973 860 4033 multa

57 4060 136 4120 boun
157 4080 262 4138 parere
282 4070 402 4142 possct3
424 4065 471 4121 siu
491 4064 521 4122 in
543 4065 654 4123 irritum
666 4062 795 4136 caderet,
806 4067 860 4145 jus

55 4152 182 4229 Regium
208 4152 289 4233 apud
322 4174 425 4215 omues
456 4163 541 4215 esset
570 4155 753 4217 roboratura.
804 4159 860 4220 Sic

55 4243 162 4320 Regiis
182 4246 305 4323 Legatis
328 4247 501 4322 latentibus,
520 4268 556 4307 se
568 4247 726 4310 pontilicis
739 4250 858 4314 Maximi

54 4338 242 4405 auctoritate,
264 4357 389 4418 meoque
409 4341 534 4401 consilio
554 4344 594 4402 ita
616 4346 740 4415 neven,
764 4352 799 4405 ut
816 4354 858 4408 ta·

55 4448 124 4488 meo
143 4428 268 4504 vellant,
287 4439 444 4513 antequam
464 4432 503 4494 ab
524 4432 581 4494 bac
599 4439 777 4497 tractatione
793 4437 859 4500 dia·

53 4521 207 4597 cederent,
228 4532 311 4585 carto
329 4524 397 4596 sibi,
417 4546 494 4607 quae
509 4522 547 4586 de
560 4525 780 4607 Plenipoteutia
792 4531 858 4593 illo·

53 4616 99 4674 sei
119 4614 344 4694 pollicebantur,
364 4620 394 4678 iu
414 4638 476 4679 rem
498 4619 640 4691 conterri3
665 4620 705 4682 ad
724 4623 858 4699 alterum,

54 4705 94 4768 de'
113 4726 171 4787 quo
193 4707 252 4769 dixi
271 4718 371 4791 caput,
393 4719 516 4772 veritum
536 4720 594 4773 est.

132 4798 168 4861 ld
187 4800 244 4862 fuit
263 4799 301 4863 de
313 4803 438 4865 Livonia
456 4811 529 4879 tota,
549 4826 625 4886 quae
645 4813 710 4867 erat
728 4808 858 4865 inmani·

52 4891 111 4954 baa
117 4894 227 4970 Mosei,
239 4894 377 4976 peteuda,
387 4895 426 4956 do
432 4896 552 4957 arcibus
559 4898 857 4979 superioribusanuis

55 4988 163 5062 captia,
184 4986 223 5049 de
235 4988 320 5067 Rege
333 4988 463 5050 Soeciae
474 4989 675 5052 serenissimo
693 4994 770 5052 inter
789 5013 859 5051 eou-

53 5078 186 5140 ditiones
207 5085 292 5161 pacis
313 5080 508 5144 admittendo.
535 5082 622 5155 Quae
645 5104 711 5145 cunr
732 5081 857 5165 pruden-

60 5173 272 5236 er-l’alatiuns
293 5174 534 5249 Braslaricnsis,
566 5197 603 5241 ac
625 5196 693 5239 cum
712 5174 858 5256 dignitato

1679 182 1737 242 357

926 345 1148 425 proposuisset,
1184 343 1335 424 multaque
1371 344 1449 403 ultro
1486 345 1619 422 citroque
1649 343 1729 404 dicta

926 437 1070 510 luissent3
1090 437 1206 497 dloseis
1227 437 1400 518 pracsertim
1419 439 1607 514 urgentibus,
1632 458 1728 516 neque

924 549 960 589 so
980 550 1071 608 posse
1091 528 1289 590 totaLironia
1308 529 1425 599 cedere,
1447 551 1502 590 nee
1522 552 1601 602 vero,
1622 532 1648 590 si
1660 552 1727 611 pos-

924 629 1001 693 sent,
1022 621 1133 683 deberc
1153 622 1285 698 Legatos
1304 623 1420 701 Regios
1440 644 1475 682 ca
1495 626 1630 699 reticere,
1651 645 1727 705 quae

923 717 980 794 ipsi
1006 722 1108 776 contra
1133 717 1242 777 vellent
1266 715 1379 794 Magno
1408 714 1485 775 Daci
1506 717 1647 793 reddero,
1677 726 1728 778 aut

923 807 1053 879 tradere,
1083 809 1150 869 dies
1180 811 1292 887 integra
1327 808 1376 869 bis
1404 808 1560 888 colloquiis
1590 820 1727 890 euenrpta

924 911 987 962 ost:
1017 923 1082 962 cum
1111 901 1199 977 Regii
1224 901 1330 979 Legati
1356 901 1600 979 respondissent,
1629 923 1725 973 arces,

923 1016 1000 1074 quac
1018 995 1057 1055 ad
1078 995 1266 1056 l'lcscoviam
1296 994 1476 1071 pertinerent
1495 1001 1635 1075 quatuor,
1662 996 1725 1075 jam

924 1095 1042 1169 captas,
1068 1109 1104 1148 sc
1125 1089 1299 1162 tradituros,
1330 1088 1359 1147 si
1376 1093 1439 1147 tota
1458 1087 1587 1147 Liuouia
1606 1087 1724 1148 cedere·

922 1184 978 1241 tur.
1020 1182 1097 1241 'lum
1118 1183 1148 1242 in
1168 1200 1204 1243 oo
1224 1188 1359 1262 perstare
1379 1180 1494 1256 Mosei,
1514 1182 1541 1240 si
1561 1181 1651 1260 Regii
1668 1181 1725 1241 Le·

923 1275 983 1351 gati
1002 1274 1144 1342 dicerent,
1164 1295 1202 1336 ao
1222 1273 1355 1352 reliquas
1375 1293 1482 1334 omnes
1502 1293 1588 1334 arces
1609 1274 1724 1352 aRegc

923 1368 1125 1427 serenissimo
1145 1366 1348 1446 superioribus
1368 1366 1455 1426 annis
1476 1376 1579 1446 captas
1599 1367 1723 1429 reddere

921 1468 1056 1541 possent,
1076 1481 1112 1520 se
1126 1459 1183 1520 bac
1200 1466 1285 1520 nocte
1300 1461 1491 1538 cogitaturos,
1511 1460 1584 1538 quid
1604 1482 1725 1542 respon·

921 1554 984 1613 suri
1014 1554 1145 1613 crastina
1174 1553 1224 1614 die
1254 1557 1366 1613 essent.
1406 1551 1517 1613 Addidi
1548 1555 1614 1632 ipse
1637 1554 1724 1615 Sere·

922 1648 1075 1707 pissimum
1096 1646 1212 1725 Regem
1241 1667 1299 1706 non
1325 1665 1426 1725 parurn
1451 1667 1523 1707 esse
1542 1647 1724 1715 traditurum,

921 1741 970 1820 qui
1003 1739 1206 1816 Plcscorioru‚
1237 1746 1267 1799 et
1297 1738 1529 1817 Novogardinm,
1569 1762 1626 1800 non
1657 1743 1723 1801 sine

921 1853 1026 1911 magna
1051 1854 1108 1915 spe
1136 1855 1234 1893 earum
1261 1832 1408 1914 potiendi,
1440 1839 1524 1892 esset
1554 1833 1724 1893 relicturus:

921 1929 972 2006 qni
993 1948 1052 1987 uua
1072 1946 1137 1986 cum
1159 1927 1423 1987 l’tescorieusibus
1443 1927 1579 1997 arcibus,
1605 1929 1722 2006 triginta

922 2020 1043 2080 miliaria
1075 2019 1250 2079 (iermnnica
1279 2018 1402 2080 ditionis
1431 2021 1544 2092 Mosei,
1574 2021 1602 2079 iu
1635 2041 1723 2099 quarn

921 2113 979 2173 hoc
999 2134 1077 2172 arruo
1098 2132 1269 2191 pmcessuru
1290 2121 1368 2182 crat,
1399 2113 1452 2188 (ab
1472 2114 1605 2172 exercitu
1624 2111 1722 2189 Regio

921 2207 1038 2274 linibus,
1057 2226 1154 2286 nsque
1174 2225 1251 2285 poue
1271 2205 1474 2280 Plescorianr,
1495 2207 1674 2285 propagatis)
1696 2207 1722 2264 si

920 2300 1069 2359 exercitus
1093 2297 1305 2368 deduceretur,
1339 2301 1529 2360 restituturus
1555 2306 1649 2359 esset.
1690 2301 1722 2358 ln

921 2412 979 2471 qua
1004 2392 1096 2451 ubere
1122 2393 1243 2469 regione
1269 2393 1298 2451 si
1326 2392 1456 2452 Cosacis
1481 2394 1562 2453 vado
1587 2392 1654 2452 loca
1681 2391 1711 2451 di

921 2487 1094 2556 stribueret,
1126 2505 1286 2564 corumque
1312 2487 1398 2564 quasi
1425 2486 1560 2547 Coloniis
1585 2484 1723 2544 deductis

921 2581 1021 2639 varias
1040 2598 1127 2639 orces
1146 2578 1321 2639 excitandas
1342 2577 1480 2649 traderet,
1503 2580 1541 2640 ab
1561 2580 1599 2639 iis
1619 2599 1721 2659 perpo-

919 2682 971 2732 tuo
999 2692 1117 2732 omnem
1146 2673 1312 2732 interiorem
1332 2671 1432 2732 Mosei
1457 2673 1606 2750 regionem
1626 2672 1711 2731 turba

920 2768 1045 2826 tamiri.
1085 2767 1138 2839 At,
1159 2770 1191 2824 ut
1209 2763 1432 2840 Vcdeulucum,
1453 2764 1577 2835 Velisis,
1597 2770 1627 2825 et
1646 2765 1723 2825 aliae

921 2879 1008 2919 arces
1033 2858 1231 2929 traderentur,
1263 2857 1293 2916 id
1319 2877 1391 2917 osse
1417 2877 1494 2934 pene
1519 2857 1603 2937 plus,
1634 2878 1720 2937 quam

920 2952 1032 3029 ipsum,
1062 2950 1142 3030 qraod
1170 2951 1278 3027 blegne
1304 2948 1382 3008 Duei
1410 2949 1553 3010 Livoniae
1579 2957 1674 3011 restat
1693 2953 1722 3009 in

921 3045 1068 3104 manibus.
1096 3045 1170 3103 Cu·
1194 3063 1265 3123 crgo
1285 3042 1390 3119 Legati
1413 3043 1500 3122 Regii
1522 3042 1720 3105 discederent.

920 3137 983 3213 (me
1004 3150 1065 3196 eos
1079 3146 1197 3209 orante,
1227 3157 1264 3197 ne
1285 3135 1489 3210 discederent3
1521 3134 1599 3216 quod
1619 3137 1660 3197 ita
1679 3135 1720 3196 t'a·

920 3237 999 3290 ctum
1025 3232 1165 3311 oportuit)
1192 3232 1222 3290 in
1242 3228 1318 3289 diem
1340 3230 1497 3290 crastinam
1519 3250 1557 3289 ea
1575 3230 1642 3308 lege
1663 3228 1722 3288 hnc

919 3323 1039 3385 redituri
1059 3323 1096 3384 ad
1119 3345 1174 3394 roe,
1195 3328 1228 3382 ut
1247 3321 1461 3401 liquidissime,
1481 3322 1551 3403 quid
1572 3342 1721 3402 unaquae-

919 3418 978 3497 que
996 3417 1175 3495 Legatonrm
1196 3435 1267 3497 prora
1286 3415 1410 3477 baberet
1432 3416 1461 3475 in
1482 3415 1643 3486 mandatis,
1672 3436 1709 3475 ea

919 3520 1059 3591 poneret:
1079 3510 1192 3569 detinui
1212 3508 1338 3569 bloscos
1356 3509 1437 3599 ppud
1456 3530 1514 3580 me,
1535 3530 1567 3570 re
1587 3530 1654 3569 cum
1663 3508 1720 3568 Le·

919 3606 1000 3682 gatis
1019 3604 1126 3680 Regiis
1145 3604 1375 3673 communicata,
1405 3609 1437 3681 ut
1456 3603 1567 3681 aliquid
1587 3603 1659 3663 certi
1681 3601 1719 3658 V.

919 3695 960 3754 Μ.
982 3695 1022 3753 D.
1056 3695 1232 3767 scriberem,
1264 3694 1500 3772 quandoquidem
1534 3715 1590 3754 nee
1619 3693 1720 3753 lllosei

919 3787 1025 3863 Regiis
1042 3788 1162 3845 ornnino
1188 3805 1260 3845 seso
1286 3786 1425 3848 volebant
1444 3787 1575 3865 aperire,
1609 3794 1639 3845 ct
1660 3785 1719 3845 Re-

918 3881 956 3956 gii
977 3879 1092 3938 dloscis
1120 3879 1319 3950 testabantur,
1349 3880 1408 3938 sibi
1431 3899 1487 3936 non
1509 3899 1580 3939 esso
1601 3877 1718 3938 marida-

919 3980 995 4041 tum,
1024 3980 1059 4031 ut
1083 3990 1170 4030 arces
1190 3971 1394 4050 superioribus
1419 3973 1506 4031 oneris
1530 3976 1633 4050 captas
1660 3972 1719 4031 ulla

917 4065 1030 4124 ratione
1047 4063 1214 4122 redderent
1256 4063 1330 4124 Cum
1362 4085 1432 4123 rero
1463 4064 1533 4124 mibi
1565 4063 1718 4133 dixissent,

917 4158 1150 4218 serenissimum
1165 4155 1279 4233 llcgenr
1289 4159 1352 4238 jam
1366 4157 1467 4216 l'iluao
1482 4156 1621 4217 fortassis
1632 4177 1719 4217 esse:

918 4249 1046 4310 Vestrae
1076 4259 1174 4309 autem
1200 4249 1242 4309 Μ.
1272 4249 1310 4308 Ι).
1339 4249 1545 4329 plenissimam
1576 4270 1648 4310 esse
1675 4270 1708 4308 re

916 4344 1016 4404 lietam
1045 4342 1147 4403 barum
1178 4362 1272 4402 rerum
1301 4342 1557 4413 deliberationem,
1589 4343 1705 4403 scribon

917 4437 987 4496 dum
1014 4436 1053 4495 do
1079 4440 1140 4495 totu
1165 4456 1199 4495 re
1227 4435 1370 4516 liquidius
1394 4434 1467 4495 mibi
1493 4435 1532 4497 ad
1552 4437 1646 4514 ipsam
1668 4458 1715 4513 pe.

918 4538 1029 4591 certum
1048 4528 1246 4589 Tabellariunr
1268 4529 1447 4590 existimavi.

993 4621 1079 4682 Sciat
1097 4628 1197 4683 autern
1216 4643 1262 4682 mc
1284 4644 1320 4682 ex
1340 4623 1416 4702 ipsis
1436 4621 1569 4689 Moscis,
1588 4622 1638 4698 qui
1659 4619 1706 4679 lle

916 4717 976 4794 giis
988 4716 1112 4795 Legatis
1125 4716 1314 4784 abeuntibus,
1334 4712 1414 4791 apud
1434 4735 1480 4774 mc
1494 4713 1621 4782 suerunt,
1643 4713 1717 4773 baec

917 4811 1106 4887 cognovisse.
1155 4808 1297 4886 lllaguum
1332 4805 1467 4881 Ducem,
1507 4826 1626 4886 nempe,
1658 4806 1718 4863 illis

916 4899 1088 4975 mandasse,
1107 4911 1142 4960 ut
1162 4902 1240 4961 nulla
1260 4900 1373 4959 ratione
1393 4918 1494 4967 areos,
1513 4899 1717 4978 superioribus

916 4996 1002 5056 annis
1029 5005 1151 5074 capitas,
1181 4994 1260 5071 Regi
1281 4991 1482 5052 Serenissimo
1507 4992 1716 5071 relinquerent,

916 5089 945 5147 ai
965 5086 1089 5148 laivouia
1108 5092 1169 5147 tota
1195 5093 1280 5157 esset
1306 5085 1344 5145 iis
1369 5082 1549 5158 cedendum,
1576 5084 1634 5145 hoc
1661 5089 1716 5152 cst,

915 5181 1052 5252 arcibus,
1080 5200 1158 5261 quae
1183 5180 1214 5240 in
1233 5177 1332 5243 biosci
1356 5176 1469 5239 ditione
1487 5185 1569 5241 runt.
1607 5178 1656 5240 ac
1675 5195 1716 5237 ne
