3742 5626
509 223 640 287 VlTAE
659 222 839 289 JOANNiS
857 220 1086 299 BASllelS,
1106 222 1234 287 elbon
1253 226 1291 287 ii.
1679 220 1738 283 m

69 388 140 449 dere
161 386 238 449 elius
258 386 411 459 caniciem,
431 387 510 449 ailus
529 386 659 458 roiuers,
679 387 756 448 eiius
773 394 873 448 aetate
931 392 1046 465 patrare
1066 387 1258 449 constituunt.
1300 386 1333 447 ld
1354 406 1424 449 rere
1444 364 1735 467 temporis'uroseu·

68 486 251 543 consumam
288 498 412 559 corpus,
459 480 647 542 cicatricibus
683 478 872 541 exhaustura.
931 484 991 539 tum
1021 500 1072 559 pru
1101 485 1219 541 tessera
1244 478 1283 539 ad
1307 478 1497 559 stringendas
1516 478 1599 539 sicas
1618 474 1736 537 cuuctis

67 574 159 635 Solos
190 594 225 633 ee
253 592 339 644 esse,
364 573 415 651 qui
444 572 615 654 Principum
644 572 723 635 dicte
754 592 874 653 semper
931 576 980 633 eet
1002 570 1119 649 datum,
1143 592 1201 653 quo
1228 570 1335 633 ruediis
1360 573 1389 633 io
1418 572 1516 633 sacris
1545 566 1756 632 Eucharistia-

66 667 241 729 obedientes
262 665 387 728 inerint:
408 666 527 728 tandem
547 686 648 737 erare,
673 678 706 725 ut
732 667 871 725 innocen·
929 664 1039 745 popuio
1060 664 1274 726 ostenderetur.
1316 664 1392 725 cun
1417 664 1457 726 ad
1483 662 1594 724 caedes
1615 665 1734 723 ventu

64 762 145 823 tibus
171 758 276 819 saitem
303 759 391 817 ritarn
418 758 524 819 donet:
551 764 582 818 at
606 760 634 819 si
654 779 712 819 nou
732 756 871 833 subditis,
930 764 995 831 cst,
1028 758 1099 819 uolii
1130 758 1217 821 sexui
1244 763 1296 819 aut
1314 758 1406 819 aetati
1426 756 1573 817 satellites
1593 772 1733 837 peperce-

65 853 113 915 uel
132 854 198 931 ipse
218 850 275 911 sibi
296 856 413 931 parcat,
444 871 483 911 ns
513 851 658 913 ioduuum
688 872 772 913 suam
802 850 871 911 ciri·
928 857 1010 913 runt:
1049 850 1187 913 homiues
1214 860 1245 913 et
1270 870 1379 932 pecore
1408 848 1589 911 membratim
1622 846 1733 907 discer-

64 948 123 1007 bns
157 943 324 1005 iotcrlectis
363 943 527 1005 subvertat.
576 944 643 1008 llae
679 949 738 1005 tam
766 945 870 1027 justae
929 956 991 1023 pta,
1024 946 1139 1026 stupris
1168 943 1305 1005 foedatae
1337 942 1476 1021 virgines,
1510 940 1609 1001 baetis
1639 936 1733 999 inlau-

63 1057 169 1119 preces
188 1036 360 1119 petentibus
380 1037 472 1097 exitio
493 1035 586 1099 luere.
631 1037 786 1119 Siquidem
812 1037 870 1099 sub
927 1042 977 1099 tes
1005 1038 1156 1110 transfixi,
1184 1030 1311 1118 ipsaque
1340 1034 1470 1097 ciuitatis
1500 1032 1637 1096 aedilicia
1670 1030 1733 1109 igni

64 1130 167 1213 specie
198 1129 369 1191 insidiarum
408 1148 512 1189 omncs
555 1130 712 1193 interlecti.
770 1130 870 1191 Ceteri
927 1131 1052 1211 injecto,
1091 1128 1267 1211 stupendum
1306 1131 1336 1191 iu
1374 1126 1494 1193 modum
1527 1124 1652 1188 dammis
1681 1120 1733 1183 ab·

63 1224 127 1285 lere
151 1224 268 1305 tyrann
294 1242 358 1283 cum
380 1220 537 1284 bumsuum
555 1224 731 1303 sauguinem
756 1224 869 1294 sitiunt,
926 1232 1025 1285 sumta
1063 1224 1267 1285 conciderunt.
1338 1222 1554 1303 septingentae
1601 1216 1730 1279 lenisse

63 1336 122 1379 nou
152 1322 213 1378 bru
250 1314 397 1387 subditis,
426 1334 515 1395 qoem
547 1316 684 1378 hostibus
721 1316 869 1379 terribiles
927 1336 993 1377 cusa
1012 1316 1182 1378 infelicibus
1201 1316 1303 1377 liberis
1322 1317 1353 1376 in
1372 1312 1528 1377 Voleboro
1555 1330 1644 1373 amne
1660 1308 1732 1371 sub·

63 1430 136 1471 esse
154 1409 263 1471 soient.
926 1415 1129 1483 mersaesuot,
1142 1429 1219 1489 quac
1229 1410 1313 1471 reiut
1323 1414 1483 1471 extremum
1490 1406 1730 1485 allocuturaepa·

138 1498 291 1563 Basilides
327 1508 425 1562 eutem
456 1501 677 1584 jucundissimo
705 1501 867 1583 voluptatis
925 1502 1103 1574 triosDcoe,
1117 1523 1175 1563 uon
1189 1494 1730 1584 impetrataecaruiiicihusoreudlve·

64 1614 158 1657 sensu
178 1594 339 1665 fruebatur,
359 1613 448 1675 quum
467 1614 520 1673 per
540 1597 661 1657 innoxie
679 1616 799 1657 suorum
820 1615 867 1659 ca·
926 1597 976 1657 uie
1004 1595 1221 1677 indignissimis
1250 1601 1393 1675 exceptae
1423 1599 1494 1655 suut
1530 1588 1729 1667 mammetis,

62 1690 138 1768 pita,
156 1685 252 1756 ieme,
277 1685 410 1761 dume,
433 1691 465 1747 et
489 1686 567 1749 lcrro
594 1694 750 1768 grassatus
771 1694 865 1751 esset.
925 1690 1012 1769 qussi
1032 1688 1182 1770 Principis
1200 1685 1371 1749 mandatum
1390 1689 1639 1769 majestatemque
1659 1702 1727 1745 eou-

62 1781 185 1862 Quippe
209 1799 277 1840 curu
303 1779 360 1841 leri
386 1780 560 1860 suspicione
588 1782 737 1843 adductus
767 1780 865 1843 Nero·
924 1782 1116 1853 trusissent,
1140 1782 1300 1861 statimque
1327 1780 1358 1840 in
1384 1778 1578 1860 proiluentcm
1598 1796 1665 1837 cum
1685 1776 1728 1837 iu·

61 1872 241 1953 gardeuscs,
259 1871 509 1945 Pleecuvieneos‚
530 1872 717 1947 Trerenses,
743 1876 865 1936 itemst
924 1875 1057 1937 sentibus
1082 1874 1231 1935 detrusae.
1278 1872 1411 1935 Primarii
1437 1872 1520 1933 cives
1545 1890 1563 1931 e
1587 1868 1729 1931 ieuestris

60 1966 234 2028 Nerveusos
253 1964 341 2041 dolis,
360 1965 493 2047 perfidia,
514 1966 777 2047 subtilioribueque
796 1968 866 2029 inei·
923 1970 1065 2051 suspensi
1085 1968 1202 2049 laqueis
1219 1966 1497 2049 praecipitabantur.
1519 1961 1584 2025 Sed
1596 1966 1627 2023 et
1639 1978 1728 2023 scus·

60 2059 119 2120 diis
145 2056 348 2119 contrucidere
380 2060 581 2139 nequivisset,
611 2058 641 2121 id
673 2081 744 2121 vera
768 2062 797 2121 vi
828 2080 865 2123 ac
922 2068 1005 2123 tures
1034 2080 1196 2140 eorumque
1221 2060 1368 2121 satellites
1387 2059 1468 2119 curis
1486 2055 1595 2117 inclusi
1614 2052 1729 2137 appari·

59 2156 161 2233 aperto
180 2150 296 2211 demum
315 2149 686 2231 belluperbcerccouatus
704 2162 761 2213 est
792 2154 865 2215 Acri
922 2156 1037 2215 toribus
1056 2159 1178 2214 strenue
1207 2172 1328 2235 opernm
1354 2150 1534 2213 navantibus
1552 2146 1729 2233 jugulaban-

60 2246 140 2305 enlm
159 2244 270 2321 impetu
290 2242 320 2301 iu
344 2241 610 2321 Nouogsrdenscm
634 2265 737 2327 agrum
763 2267 865 2327 prore·
922 2252 979 2308 tur.
1017 2245 1102 2308 Nihil
1135 2247 1267 2307 aboeins
1298 2264 1335 2307 eo
1365 2241 1539 2327 spectaculo
1566 2240 1636 2317 luit,
1661 2258 1729 2301 usn

59 2347 137 2408 ctus,
161 2335 333 2415 priusquam
359 2355 456 2397 rumor
479 2336 519 2399 ed
545 2339 692 2400 ciuitatem
711 2340 865 2420 pertulere
923 2360 989 2401 curs
1015 2338 1186 2418 trequentes
1216 2339 1315 2400 curiae
1347 2336 1499 2399 fenestrae
1531 2334 1569 2397 de
1597 2330 1728 2413 iiqaudle

57 2435 175 2513 posset,
194 2427 307 2506 aliquot
326 2425 451 2489 cesteiia
470 2431 624 2492 tormentis
635 2432 726 2512 cepit,
741 2452 865 2513 maguae
923 2432 1062 2509 capistris
1082 2452 1140 2491 unu
1161 2431 1345 2511 sufficereut,
1363 2440 1398 2492 ut
1416 2430 1604 2513 sequentium
1618 2424 1727 2509 suppli·

56 2520 191 2601 nudique
209 2519 327 2598 pecoris
347 2524 378 2580 et
398 2518 545 2581 bominum
564 2523 694 2605 praedas
720 2526 796 2605 egit,
821 2531 864 2587 to·
923 2527 979 2587 ciis
998 2524 1163 2607 expeditior
1182 2525 1266 2588 locus
1285 2524 1370 2598 ieret,
1389 2524 1488 2605 laquei
1506 2527 1577 2585 aute
1596 2520 1726 2603 dejecto·

57 2622 180 2695 turaque
205 2632 273 2673 euru
298 2616 422 2675 tractum
452 2613 604 2691 viiisrurb,
634 2617 865 2699 colonorumque
922 2640 985 2681 rum
1004 2638 1042 2680 ee
1060 2618 1244 2679 morientium
1263 2617 1525 2701 praecidebantur,
1549 2616 1592 2677 its
1615 2618 1650 2675 ut
1667 2610 1727 2675 Bs-

59 2706 225 2789 irequcntis
250 2706 413 2785 insignem,
439 2705 547 2769 bellico
566 2715 678 2771 terrore
697 2710 864 2792 compterit.
921 2710 1028 2773 silidcs
1047 2730 1185 2793 supremo
1204 2710 1272 2771 loeo
1292 2712 1462 2773 occisorum
1474 2708 1622 2771 cadavera
1641 2704 1727 2767 iratis

57 2804 175 2863 luteres
193 2798 379 2881 praemissao
398 2797 438 2859 ad
458 2800 605 2861 ciuitatem
629 2802 790 2875 delectae,
802 2823 861 2865 cer·
919 2804 1087 2875 lictoribus,
1106 2805 1192 2864 uocis
1210 2802 1364 2879 trahenda,
1383 2822 1421 2863 uo
1440 2802 1469 2861 iu
1482 2801 1591 2861 llumeo
1612 2796 1724 2883 praeei-

58 2895 177 2955 niiieusr
206 2891 314 2970 copiae
343 2911 521 2971 pervenere,
556 2893 783 2975 conductueque
813 2906 863 2957 est
920 2895 1043 2978 pitauda
1066 2895 1253 2976 relinqueret.
1299 2893 1485 2957 Sacerdotes
1511 2891 1551 2955 ad
1567 2910 1637 2955 aras
1656 2907 1725 2951 cou-

55 2981 320 3064 blalutusquidem
329 2980 537 3057 Scurstcrius,
558 2988 607 3065 qui
623 2989 769 3051 satellites
779 2987 861 3051 Priu·
920 2989 1073 3069 tugerent,
1097 2988 1155 3049 scd
1178 2987 1230 3050 bie
1255 2987 1342 3049 simili
1367 2986 1428 3049 lato
1454 2990 1486 3048 cl
1503 2984 1621 3047 sununs
1637 3000 1725 3045 occe·

56 3079 134 3160 cipis
152 3075 275 3155 imperio
296 3074 476 3153 continebat,
496 3082 530 3137 ut
550 3079 665 3143 civibus
683 3101 770 3144 osroo
790 3080 861 3143 eiiu-
919 3083 1054 3145 buerunt.
1093 3080 1240 3143 Crudeles
1263 3082 1343 3143 enim
1368 3078 1525 3142 carnifices
1549 3076 1649 3141 nullae
1672 3074 1726 3139 iro·

54 3173 135 3253 85¹¹!
156 3164 375 3240 ississfflitidewir
395 3175 426 3229 et
445 3170 533 3231 obvie
553 3190 690 3255 quaeque
710 3174 860 3247 caederet,
920 3178 1030 3237 minum
1050 3195 1174 3257 preces,
1192 3175 1272 3237 nulia
1291 3168 1642 3254 reiigiuuiererecuudis,
1661 3168 1725 3231 uui·

55 3264 187 3343 ingeret,
204 3267 339 3342 raperetz
358 3280 396 3321 ue
416 3262 502 3323 saevi
520 3282 558 3323 ec
576 3266 860 3331 immitissisiPri·
919 3271 969 3331 lue
1000 3268 1131 3349 denique
1157 3288 1311 3331 sacrorum
1340 3272 1497 3350 respectus
1526 3286 1546 3328 a
1578 3268 1725 3345 conceptu

56 3357 147 3439 cipis,
181 3351 232 3433 qui
267 3351 429 3435 plerosque
461 3356 543 3435 regni
581 3367 736 3439 magnates
769 3365 861 3425 variis
919 3360 1032 3425 nelarie
1053 3361 1169 3423 sceiere
1189 3360 1338 3423 retardare
1357 3360 1463 3443 potuit.
1485 3358 1605 3420 iliorum
1624 3360 1722 3418 οιιίοι

54 3445 277 3531 suspicionibus
302 3444 443 3507 inductos
468 3450 672 3527 coemisset,
702 3457 859 3535 sanguiue·
917 3477 955 3517 cx
979 3476 1118 3531 numero,
1144 3455 1195 3537 qui
1219 3454 1335 3517 strictis
1368 3451 1542 3515 acinacilrus
1564 3454 1634 3513 aute
1652 3466 1725 3511 sess

54 3545 116 3605 ries
133 3558 242 3603 mous
266 3536 328 3600 uile
352 3538 466 3599 ratione
490 3540 621 3621 elingere
641 3552 775 3623 possent
818 3548 860 3611 At
917 3550 1108 3629 petebantur,
1132 3568 1288 3628 supremae
1311 3546 1464 3626 diguitatis
1490 3545 1632 3607 Antiates
1655 3562 1723 3603 con·

54 3638 124 3720 ejus
151 3631 300 3695 adrentus
331 3630 424 3707 lana,
454 3634 534 3695 eicut
557 3635 717 3697 insontium
742 3642 859 3704 animes
916 3648 1054 3703 serratus
1083 3646 1140 3701 eet.
1191 3638 1223 3701 ie
1252 3650 1286 3702 ut
1315 3640 1414 3721 aliquo
1444 3643 1542 3699 tenen
1576 3632 1723 3697 beneficio

54 3734 134 3791 metu
164 3722 304 3808 perculit:
333 3723 376 3784 ita
405 3723 499 3803 ipsam
530 3728 679 3791 civitatem
716 3730 858 3795 indicibili
917 3734 1066 3815 Principis
1090 3734 1155 3793 irati
1181 3734 1311 3795 animum
1342 3733 1505 3811 mitigaret,
1529 3726 1657 3790 eundem
1683 3723 1723 3787 ed

52 3820 221 3887 calamitate
251 3814 384 3893 replerit.
429 3814 471 3877 Et
494 3820 578 3881 eires
608 3821 726 3900 quideru
755 3846 792 3886 eo
815 3831 860 3887 tu·
918 3827 1056 3889 convivia
1076 3832 1108 3887 et
1127 3825 1234 3907 epulas
1252 3825 1349 3886 domis
1367 3844 1443 3886 eune
1462 3822 1605 3885 inritavit.
1634 3816 1722 3879 Basi-

54 3914 146 3977 rsnitu
174 3908 315 3991 deposita
344 3908 374 3969 lu
402 3926 550 3988 praeseus
579 3915 658 3975 ritae
688 3937 759 3996 epe,
789 3924 859 3981 aute
917 3919 995 3981 iides
1015 3919 1162 3981 bominem
1181 3917 1317 3979 aditums
1337 3918 1403 3979 suis
1422 3915 1580 3997 praecepit,
1603 3910 1722 3975 utiuter

51 4028 121 4073 arcs
146 4005 261 4067 suimus
285 3999 403 4061 delictis
429 4003 601 4083 explanant,
626 4012 660 4067 ut
691 4008 860 4089 quoderat
916 4010 1120 4094 prandendum
1158 4010 1314 4071 trucidetis
1348 4007 1471 4089 reliquis
1504 4004 1721 4081 sacerdotibus,

51 4101 180 4162 sutum·
199 4092 419 4177 praevidentes,
437 4094 642 4177 inplacabilem
657 4102 774 4165 scilieet
792 4124 858 4165 sse·
916 4106 1016 4167 oanis
1032 4103 1144 4185 temple
1161 4103 1270 4179 opibus
1288 4108 1320 4167 et
1342 4102 1524 4163 ornamentis
1547 4100 1722 4185 spoliarent.

51 4190 167 4253 sissi-i
199 4185 317 4266 tyranni
351 4184 495 4249 feritatem
529 4194 620 4255 nuliis
653 4192 774 4257 fletibus
809 4196 858 4259 rei
915 4198 984 4261 Nec
1003 4218 1095 4270 more,
1116 4197 1263 4259 satellites
1284 4194 1451 4258 incredibili
1471 4194 1573 4257 studio
1593 4190 1719 4255 eccele-

52 4282 182 4347 iacrimie
206 4298 369 4341 cessuras.
413 4281 546 4345 bisiutus
575 4286 621 4347 vir
650 4287 802 4363 militaris,
827 4298 859 4353 et
916 4292 1003 4353 ritate
1023 4311 1104 4353 arma
1123 4291 1254 4372 capiunt,
1272 4292 1430 4371 omubque
1448 4290 1558 4353 aetatis
1576 4306 1718 4349 ecsexrn

50 4373 180 4442 lieeiiidi
208 4370 303 4443 bdue,
327 4390 475 4454 uanoque
497 4395 536 4439 ec
565 4379 685 4457 ingenio
713 4389 858 4463 promtus,
916 4386 1066 4447 bominum
1086 4384 1118 4445 iit
1136 4384 1225 4464 iunge
1244 4384 1531 4447 tumultuosissimas
1543 4398 1720 4451 concursus,

51 4466 216 4555 wtrsudae
243 4462 348 4527 caedis
371 4470 520 4546 negotium
547 4480 730 4553 susceperat.
781 4474 856 4539 Cura
916 4479 1049 4543 istrouce
1062 4477 1271 4541 uouecborum
1284 4477 1392 4541 domos
1410 4476 1559 4561 diripiunt,
1577 4475 1719 4553 virosque

50 4565 101 4626 iiio
120 4560 236 4623 Tartari
245 4556 465 4637 Noroqsrdisru
484 4563 624 4643 opinione
643 4567 772 4629 celerius
792 4590 854 4649 per·
914 4576 1053 4635 uentos
1084 4580 1314 4653 persequuntur,
1344 4572 1420 4634 alios
1449 4568 1612 4639 trucident,
1642 4564 1719 4626 alios

50 4657 187 4730 veniunt,
212 4672 250 4713 cu
275 4651 363 4713 etus
387 4652 512 4714 mittitur
537 4656 646 4721 ivenus
669 4664 766 4743 ruajor
784 4669 855 4726 netu
912 4668 999 4727 uiros
1037 4663 1076 4727 ed
1114 4666 1293 4749 supplicium
1332 4665 1363 4727 iu
1401 4664 1513 4725 mnam
1545 4658 1718 4745 perduraret

50 4748 168 4831 tynurn
199 4746 294 4817 dilue,
322 4754 357 4805 ut
382 4744 411 4805 si
439 4748 490 4825 qui
516 4747 597 4811 dubii
628 4772 666 4813 ac
689 4754 854 4819 timidiores
912 4756 1040 4838 ianque
1059 4756 1139 4819 edco
1158 4779 1286 4819 amarum
1306 4763 1337 4819 ct
1356 4758 1442 4819 triste
1460 4752 1630 4817 reddiderat
1648 4770 1716 4813 con·

51 4844 162 4915 icreut,
181 4840 220 4901 ob
240 4838 307 4921 ejus
335 4841 531 4918 prseseutiasr
555 4845 669 4926 majore
688 4844 803 4909 demum
823 4850 853 4911 ti·
913 4852 1022 4913 rivium
1041 4849 1114 4911 iliud
1134 4850 1296 4923 Basilides,
1314 4856 1348 4911 ut
1366 4870 1426 4911 non
1443 4854 1575 4911 metam
1593 4846 1624 4907 iu
1640 4844 1717 4917 acie,

50 4935 139 4999 ducis
156 4932 196 4997 ed
215 4929 416 4994 manendam
436 4932 558 4997 caedem
578 4934 796 5003 inducerentur.
913 4962 1002 5023 quam
1033 4944 1112 5003 iuter
1149 4943 1256 5025 epulas
1291 4942 1405 5005 sedens
1434 4940 1591 5003 terribilior
1620 4942 1714 5001 esset

127 5024 258 5091 Proinde
282 5024 420 5086 omnium
442 5025 561 5089 sicaris
582 5034 671 5109 atquc
696 5032 854 5107 nobilibus,
915 5036 1022 5097 Statim
1041 5056 1079 5095 eu
1138 5036 1324 5119 praesulem,
1342 5034 1382 5097 ad
1400 5056 1487 5119 quen
1506 5034 1596 5097 cilicii
1611 5032 1717 5117 specie

47 5131 80 5187 et
107 5122 269 5185 amicorum
294 5116 493 5200 cbeutusque
519 5124 688 5203 praecipuis
707 5124 855 5189 scelerato
914 5136 1050 5205 venerat,
1069 5138 1172 5201 reste,
1196 5131 1339 5210 peanis,
1364 5128 1550 5213 serenisque
1576 5126 1714 5189 omnbus

45 5214 175 5279 mortib
192 5209 345 5286 sdlribids,
362 5212 393 5273 iu
411 5212 481 5295 ipsa
499 5216 632 5281 meridiei
651 5216 719 5281 isee
735 5218 855 5285 sesam
914 5222 1030 5301 exsuti,
1054 5222 1158 5304 iiiique
1182 5244 1236 5307 pre
1256 5224 1334 5289 cibis
1354 5222 1494 5303 ecbibitis
1516 5222 1622 5287 iuuere
1638 5236 1710 5283 re·-
