3734 5610
613 192 671 258 DE
692 191 832 257 REBUS
844 186 1162 255 noscovrrlcrs.
1223 204 1233 221 ³
1282 182 1288 187 ’
1666 189 1724 253 td!

63 379 178 420 summo
210 363 318 419 conans
347 362 508 439 promotum
534 363 585 419 est
608 356 773 432 ismenus,
805 375 862 415 non
922 353 981 414 nisi
999 372 1093 415 muse
1112 350 1310 433 Reipublicae
1336 371 1396 412 non
1421 351 1608 415 mediocriter
1627 354 1725 418 teode-

63 476 98 513 eo
122 453 219 513 forsen
247 450 368 515 redacte
391 470 441 511 ros
462 455 560 522 esset,
587 455 620 511 nt
639 451 800 529 proximam
821 447 865 525 (si
921 451 982 517 tur,
1001 446 1093 507 focite
1111 448 1189 518 fero,
1208 449 1241 506 et
1259 443 1350 505 brem
1369 446 1476 506 omnis.
1514 446 1634 509 Utinam
1654 470 1726 510 vero

61 544 221 618 vellemus)
247 563 352 625 pacem
379 543 564 604 haberemus.
606 541 674 603 Nisi
700 539 799 601 sdirne
824 539 864 601 nt·
921 537 1033 599 fnisset
1058 539 1106 600 tric
1133 539 1166 598 V.
1194 536 1301 598 nest.
1333 539 1421 599 unies
1444 539 1511 600 dier
1539 562 1644 622 pacem
1675 542 1725 606 irs·

60 639 154 703 tioros
179 639 209 697 in
227 635 348 697 Moscis
374 636 507 699 tsteitrse
530 636 607 709 sint,
636 656 723 715 quem
742 639 863 713 quenta-
923 632 1105 694 finissemus.
1135 633 1183 692 Ae
1201 637 1300 693 temen
1318 632 1386 691 sire
1405 630 1472 704 Ιιοο,
1490 635 1558 694 sive
1576 635 1635 696 aiio
1654 643 1726 698 tem·

62 750 181 809 cunque
223 730 485 806 circunspectione
523 730 674 805 vestigare
710 727 862 806 potuerim.
923 744 994 802 pore
1022 723 1175 807 (quidquid
1199 724 1330 785 &tense
1361 725 1517 803 sunguinis
1542 724 1661 790 hument
1687 734 1726 793 si·

61 823 154 884 Porro
175 843 233 883 non
253 821 393 883 Moscos.
414 821 471 885 sed
492 823 578 903 ipsos
596 820 731 901 Legatos
748 819 886 897 Remos
921 819 987 893 tist,
1006 824 1036 878 et
1055 818 1184 879 οιιΙιιιιιιι
1202 816 1280 895 Regi
1299 815 1569 898 praeeterissimsm
1593 826 1728 885 eccesie·

62 916 209 977 hactonus
229 934 296 977 meo
315 934 407 996 opera
425 916 509 989 usos,
530 924 562 975 ιιι
582 914 659 979 dtas
674 914 713 975 de
732 913 782 975 die
795 932 865 973 enm
923 930 992 971 nem
1012 912 1089 972 bene
1112 910 1261 985 merendi,
1291 930 1426 989 suosque
1450 930 1516 971 enm
1543 915 1610 992 ipss
1628 914 1727 996 Repu.

61 1008 160 1088 sitque
181 1007 324 1086 dignitate
346 1007 503 1083 ducerent,
537 1007 635 1071 donee
654 1028 673 1071 s
694 1006 731 1067 V.
757 1006 798 1068 D.
819 1004 864 1067 Μ.
922 1003 1001 1065 bfies
1024 1003 1219 1085 promovendi
1243 1000 1282 1065 sd
1309 1003 1402 1064 multo
1428 1006 1555 1087 mnjors,
1582 1008 1729 1086 inrident)

61 1100 220 1180 lienidiore
245 1099 374 1163 subinde
400 1120 548 1181 responss
566 1100 771 1182 recepissent.
810 1098 867 1159 sto
924 1117 983 1157 non
1002 1096 1138 1159 desinere
1157 1116 1281 1176 spersre
1300 1097 1439 1157 mesiam
1465 1097 1536 1157 ticet
1553 1101 1667 1163 interes
1687 1105 1728 1164 vi·

62 1194 190 1273 deniqne
215 1214 271 1254 eos
291 1213 399 1272 rogans
418 1194 545 1270 obnixe,
575 1215 613 1255 no
631 1198 733 1257 tsntse
751 1193 796 1252 rei
816 1193 867 1255 ho·
924 1190 1029 1261 desm,
1057 1211 1112 1272 pro
1138 1209 1199 1252 uns
1220 1209 1308 1264 erce,
1337 1209 1414 1269 quse
1438 1189 1569 1252 atterutri
1595 1202 1729 1272 negetur,

63 1288 212 1353 noriieurn
243 1287 357 1351 exitum
386 1287 567 1364 impatientis
596 1287 784 1358 desererent,
813 1290 867 1347 sut
924 1282 1025 1360 plures
1044 1282 1143 1344 indies
1162 1284 1192 1343 in
1213 1282 1340 1345 Lironis
1357 1282 1466 1345 eedem
1485 1285 1515 1343 in
1533 1286 1649 1348 stienss
1667 1309 1729 1350 me

62 1378 267 1441 siriiscedero
285 1380 480 1453 statuissent,
502 1401 559 1440 non
579 1378 610 1440 id
630 1380 722 1440 toties
741 1378 867 1451 liioscis,
925 1396 998 1436 nusr
1025 1375 1148 1455 reliquis
1176 1382 1276 1437 sutem
1312 1376 1447 1437 consitiis
1478 1397 1538 1439 non
1573 1377 1730 1443 defuturas

61 1474 129 1537 sine
149 1471 258 1533 effectu
278 1472 539 1533 comminarentur:
569 1473 621 1551 qui
645 1471 744 1533 forssn
771 1470 867 1532 esde
924 1489 1032 1549 graves
1053 1467 1257 1530 diflionttntos.

63 1586 158 1627 esuss
175 1565 419 1644 suspicabantur,
438 1564 547 1642 Regiis
566 1563 658 1625 tioere
676 1563 804 1644 aliquid,
825 1564 868 1626 ul·
1003 1560 1141 1634 Quodsi
1162 1583 1222 1637 prs
1242 1564 1378 1643 componi
1391 1558 1482 1623 hodie
1500 1568 1553 1624 eut
1573 1586 1641 1629 cras
1661 1587 1730 1649 pos·

61 1665 108 1721 trs
134 1657 179 1730 td,
204 1656 284 1738 quod
310 1657 491 1733 obtulerent,
516 1655 697 1727 concedere,
721 1656 868 1728 dixerunt,
925 1661 990 1727 set,
1008 1655 1069 1716 dno
1087 1654 1158 1715 mihi
1177 1657 1367 1716 reserastis
1386 1661 1529 1731 mentem,
1553 1660 1677 1721 atterum
1696 1666 1732 1727 nt

63 1771 128 1811 meo
149 1771 221 1812 sese
240 1749 304 1811 heri
324 1771 432 1815 usuros
451 1751 589 1825 consitio,
609 1749 760 1830 hodieque
771 1749 867 1812 Reno·
926 1747 1104 1810 elimandam
1140 1750 1225 1828 pacis
1253 1748 1467 1823 conditionum,
1507 1769 1585 1828 quse
1615 1754 1731 1833 scripto

64 1864 146 1914 enm,
175 1849 206 1905 et
224 1863 325 1909 sreenr
351 1864 439 1907 urrarn
465 1842 636 1913 ednotus,
666 1841 808 1915 Nenetia,
836 1844 870 1904 et
925 1839 1041 1922 prodire
1067 1839 1193 1918 dehent,
1217 1842 1369 1903 formatem
1395 1840 1434 1912 V.
1457 1841 1494 1900 n.
1514 1841 1565 1902 tn.-
1587 1862 1731 1924 propone·

63 1936 223 1998 Zenotocia
243 1936 359 1999 Moseis
387 1937 425 1999 ad
446 1957 542 1999 meunt
567 1935 717 1998 arbitrium
737 1936 868 2015 proposi·
927 1954 1043 2005 remus,
1073 1956 1111 1995 ne
1141 1935 1210 2015 quid
1240 1937 1269 1995 iu
1298 1936 1367 2016 ipso
1395 1954 1491 1996 rerem
1520 1936 1604 1996 exitu
1631 1957 1756 1999 morae.

63 2035 155 2105 turos,
174 2030 254 2091 sient
272 2036 304 2090 et
323 2030 433 2093 femere.
473 2031 515 2091 At
526 2028 627 2091 Mosei
646 2029 751 2100 mirati,
770 2027 867 2089 Rsso·
925 2028 1168 2113 interponeretur.
1210 2028 1307 2101 Quom
1337 2027 1455 2109 quidem
1484 2027 1636 2090 formntern
1662 2051 1732 2092 cnm

63 2140 130 2185 rsm
158 2123 275 2201 sejungi
300 2143 320 2184 s
337 2123 512 2193 Zarotoeie,
541 2140 667 2200 eamque
692 2120 868 2185 divisionem
925 2120 1033 2198 Regiis
1062 2120 1187 2197 chstis
1214 2122 1325 2182 tentari
1354 2118 1514 2195 conferre,¹
1537 2121 1595 2182 sed
1626 2124 1731 2184 mirum

63 2216 166 2294 majori
192 2216 383 2275 ostentationi
410 2217 591 2289 tribuentes,
622 2235 681 2275 nos
701 2214 868 2275 nbrruerunt
927 2212 1101 2274 discedendi
1132 2212 1311 2274 desiderium
1341 2212 1549 2275 ostenderunt.
1600 2212 1731 2286 Quamo-

62 2313 171 2376 tsrnen,
192 2316 225 2365 nt
238 2308 415 2367 scatentem
430 2326 522 2367 rnaam
536 2305 575 2367 do
596 2305 736 2367 alterutra
755 2305 867 2367 itteram
927 2308 1006 2367 brem
1026 2313 1058 2367 ut
1077 2305 1178 2366 debito
1201 2328 1284 2367 mese
1309 2308 1516 2368 conscientiae
1533 2308 1731 2381 satisfaciam,

63 2401 175 2459 arcium
196 2400 224 2458 in
245 2399 419 2459 hodiernum
439 2399 517 2461 diens
537 2398 629 2479 (qnod
647 2397 754 2475 Regiis
772 2398 868 2477 nege-
927 2421 993 2460 oem
1022 2401 1102 2460 mitto
1134 2399 1172 2458 V.
1203 2399 1446 2478 magnificentiae
1478 2422 1545 2461 cnm
1569 2413 1730 2481 antequem

63 2493 103 2552 tis
123 2514 142 2553 s
162 2514 209 2553 nro
229 2494 399 2572 potentibus
425 2492 502 2567 feei)
527 2492 681 2573 rejicerem
699 2491 797 2553 Mosei
818 2512 868 2552 su·
927 2515 991 2554 enm
1011 2492 1136 2571 hepstis
1153 2499 1352 2555 conventurus
1372 2496 1447 2570 sim,
1473 2494 1578 2554 dixerit
1598 2492 1730 2556 mihil).

63 2592 123 2645 tenu
146 2606 212 2646 cunr
232 2583 304 2647 mitri
329 2584 536 2647 instructionis
556 2605 632 2647 suae
651 2585 749 2663 capite
770 2591 869 2645 osten·
928 2586 1097 2658 Palatinus,
1117 2592 1150 2648 ιιι
1171 2585 1209 2647 V.
1230 2586 1272 2646 ti.
1293 2588 1472 2662 scribam,
1491 2587 1532 2648 sd
1550 2606 1638 2667 quem
1656 2608 1733 2670 puer

64 2678 196 2748 dissent,
227 2684 318 2757 atque
350 2680 475 2741 ofisrnns
507 2677 608 2739 forssn
640 2677 784 2738 mitiorum
816 2696 869 2756 pro
928 2679 1086 2740 confestim
1110 2684 1297 2761 approperet.
1336 2680 1472 2740 Alterum
1497 2685 1595 2742 sutem
1620 2686 1669 2740 est
1693 2680 1732 2742 de

64 2771 151 2849 Rege
173 2770 372 2832 conditionum
392 2776 532 2850 tanqnsrn
549 2775 708 2831 extrcmsm
726 2769 869 2831 schedam
927 2772 967 2832 Ι).
992 2771 1167 2833 Versevieio
1192 2793 1211 2832 s
1233 2772 1265 2831 V.
1285 2772 1507 2850 magnificentia
1529 2772 1568 2835 sd
1595 2773 1732 2833 Serenis·

64 2853 273 2939 trndidtssent,
304 2861 446 2945 quidquid
474 2861 630 2925 voluerunt
646 2861 753 2940 Legati
769 2860 870 2940 Regis
928 2866 1032 2926 sinzam
1046 2864 1193 2943 Reginsns
1212 2864 1365 2940 mittendo,
1386 2865 1436 2944 qui
1457 2864 1537 2925 illem
1558 2864 1651 2925 fseist
1670 2886 1734 2926 eer-

65 2978 103 3017 ee
127 2956 166 3019 de
192 2978 224 3017 ro
249 2976 269 3019 s
294 2977 343 3019 mc
367 2955 487 3026 andire,
520 2954 551 3015 id
575 2974 662 3021 omne
682 2955 749 3017 'iitis
774 2954 870 3015 retuli.
927 2948 1043 3033 tiorem,
1076 2963 1187 3039 queste
1213 2977 1236 3019 s
1264 2956 1465 3018 serenissimo
1494 2957 1582 3037 Rege
1610 2959 1640 3017 in
1672 2958 1735 3020 hoe

64 3048 206 3111 &tredan
228 3070 298 3111 sero
323 3049 420 3129 ipsius
443 3046 613 3126 exemplu·
637 3068 696 3111 nos
715 3067 781 3108 enm
801 3049 870 3130 ejus
928 3058 1077 3112 consentu
1107 3053 1182 3115 rstio
1219 3051 1320 3112 habite
1351 3052 1393 3111 sit
1424 3051 1618 3112 serenissimi
1657 3051 1735 3112 Sue-

64 3145 204 3205 rersiono
231 3143 316 3203 mitto
339 3141 375 3202 V.
397 3141 437 3205 D.
458 3140 501 3202 nt.
540 3140 630 3205 Nunc
656 3142 683 3203 si
709 3162 730 3205 ιι
753 3141 871 3205 stasne
928 3143 1112 3224 riseRegis,
1130 3140 1221 3224 atque
1240 3164 1306 3205 enm
1323 3144 1467 3204 uiueret
1484 3142 1524 3205 sd
1542 3144 1733 3206 scribendum

64 3237 194 3318 ammius
218 3234 330 3314 ntiqnid
360 3234 527 3316 extorqueri
551 3236 675 3315 poterit,
705 3233 786 3315 quod
813 3252 870 3312 ego
928 3236 967 3299 de
986 3242 1049 3298 tots
1067 3257 1100 3298 re
1119 3238 1339 3298 Seresissimse
1357 3235 1488 3299 Sneeise
1504 3235 1650 3316 Regino,
1668 3243 1733 3300 tum

65 3333 155 3392 etism
174 3328 232 3390 hac
253 3335 341 3393 nocto
366 3328 460 3404 (nutis
485 3348 518 3391 re
542 3326 642 3391 sdhue
667 3327 706 3393 de
725 3327 792 3389 sois
811 3325 877 3387 Vei
930 3332 1037 3391 nomini
1055 3331 1126 3392 item
1147 3330 1333 3392 Serinissimi
1352 3329 1448 3408 Regis
1472 3331 1567 3391 sostei
1594 3333 1733 3392 consuis·

65 3425 135 3485 lisia
152 3423 231 3499 Regi
251 3421 445 3501 relinquenda
464 3420 522 3481 iliis
541 3441 562 3481 s
579 3418 870 3495 meconmnniests)
928 3429 982 3488 ret
1022 3424 1087 3486 Sed
1118 3430 1150 3486 ot
1180 3424 1276 3486 sidem
1307 3424 1347 3486 Ι).
1378 3421 1568 3497 Verserieio,
1599 3432 1634 3485 ut
1664 3433 1736 3505 poss

65 3534 179 3575 sunem
204 3514 305 3573 studio
331 3516 457 3575 tentent:
487 3506 577 3573 trodio
595 3514 745 3590 sciemus,
771 3515 799 3575 si
819 3511 870 3575 iro·
929 3518 1054 3579 Sueties
1073 3519 1134 3580 iste
1151 3520 1271 3597 negotis
1288 3518 1430 3579 memrius
1454 3538 1476 3577 s
1493 3515 1597 3596 Rege,
1620 3537 1658 3579 se
1678 3519 1735 3579 Se·

65 3609 168 3668 diernn
194 3610 306 3666 tentum
332 3605 399 3667 dies
426 3604 619 3669 dissolvendo
644 3607 800 3669 αιιιιοιιιιιὶ
826 3624 870 3665 re·
930 3616 999 3671 natn
1019 3617 1161 3685 ιιιιιιιιιε,
1180 3611 1282 3671 forsan
1302 3611 1358 3670 erit
1376 3610 1406 3668 in
1426 3608 1569 3671 Sneeisnr
1588 3612 1734 3692 trajicien-

65 3706 143 3771 star,
171 3706 206 3761 ut
229 3696 336 3776 Legati
360 3696 460 3775 Regis
483 3695 630 3759 dixerunt.
678 3695 741 3768 Qut
773 3697 802 3759 si
832 3696 871 3759 ob
930 3701 1016 3761 dume
1048 3701 1128 3780 quod
1156 3703 1286 3782 aliquem
1317 3703 1440 3778 gratism
1470 3706 1501 3760 et
1528 3705 1735 3763 merescere·

66 3814 155 3855 nnsnr
178 3811 279 3855 sreem
305 3789 353 3851 vol
371 3787 591 3869 Norogsrdisrs
610 3789 784 3853 bironicasr
800 3786 872 3855 ,Mo
930 3813 967 3853 oo
986 3793 1025 3854 sir
1043 3792 1147 3873 Rege,
1173 3815 1231 3854 non
1257 3794 1471 3855 incommodsrn
1491 3792 1625 3855 celeriori
1645 3816 1735 3874 expe·

66 3906 137 3960 seo,
160 3886 208 3946 vet
228 3883 374 3947 Vetisinm
397 3903 418 3943 s
435 3881 554 3943 Moscis
574 3883 669 3944 tibere
686 3881 765 3958 Regi
786 3880 872 3943 relin·
930 3886 1044 3958 ditioni,
1064 3887 1246 3947 eoncilisret.

66 3977 230 4058 quendam,
263 3977 332 4058 paci
361 3976 495 4037 nuntium
529 3977 681 4037 remittere
714 3984 872 4050 cogentius
1007 3980 1063 4040 Sin
1082 3985 1181 4041 sutem
1200 3998 1306 4060 parem
1326 3977 1408 4040 haud
1427 3978 1562 4039 useenti
1583 3978 1736 4050 fuerimus,

65 4073 131 4142 ibo,
150 4091 209 4150 qno
228 4070 450 4131 serenissimus
470 4067 541 4129 Rex
560 4068 634 4131 mitri
653 4069 821 4142 concessit,
841 4067 872 4152 in
931 4072 1047 4140 videet,
1072 4071 1191 4152 siquid
1210 4071 1283 4133 mitri
1309 4074 1340 4132 in
1360 4073 1466 4133 itinere
1486 4072 1619 4133 scribere
1638 4073 1736 4134 reine-

64 4163 249 4225 Moscovism
278 4163 349 4224 stiis
381 4162 419 4224 de
456 4162 564 4223 robure
600 4159 671 4223 mitri
703 4162 873 4227 certissime
930 4168 984 4241 rit,
1004 4167 1033 4226 in
1054 4186 1218 4245 quomens
1239 4163 1307 4224 ddci
1328 4165 1569 4247 sst‘mprstrstae
1588 4186 1736 4245 uniquam

65 4255 267 4337 persusdens,
298 4256 437 4319 Divinum
467 4255 588 4317 centnm
617 4254 709 4317 mutto
740 4253 872 4331 metiore,
931 4259 1032 4334 deero,
1051 4265 1194 4336 nrmergs
1203 4257 1320 4336 Regem
1330 4257 1563 4319 serenissimum
1582 4265 1641 4320 tum
1655 4266 1738 4322 eerte

65 4368 153 4429 qnam
179 4368 236 4408 nos
260 4348 350 4411 mutto
377 4355 467 4411 nutes
496 4348 710 4429 prospexisse,
739 4346 873 4409 enorum
931 4372 1002 4432 erge
1020 4351 1058 4411 V.
1079 4351 1120 4412 D.
1141 4350 1186 4412 tf.
1205 4351 1253 4411 eui
1278 4350 1468 4417 faustissime
1485 4352 1575 4414 fstnri
1594 4355 1664 4413 sesi
1684 4355 1738 4413 int.

64 4447 165 4503 sutem
196 4440 329 4522 Principi
360 4442 415 4518 (ne
445 4441 543 4505 dicem
571 4441 701 4520 utrique)
732 4461 772 4503 ex
797 4441 883 4509 nent
931 4448 981 4520 tia,
1000 4452 1031 4507 et
1051 4464 1228 4525 progressam
1248 4454 1369 4524 eropon.
1384 4444 1736 4517 Exciirersvstiorea,

64 4536 306 4605 eontinestione,
336 4536 499 4599 inmensae
523 4555 599 4599 sune
618 4533 801 4614 sapienties,
830 4538 872 4597 et·
932 4536 981 4603 dis
1000 4539 1242 4614 enumeris,
1263 4537 1348 4600 1581.

66 4649 126 4708 qne
147 4629 286 4710 justitiae
311 4628 393 4698 rias,
421 4626 503 4689 facto
526 4629 645 4709 petius,
673 4626 874 4706 quemodieto

67 4730 267 4783 ostensurum.
302 4725 407 4801 tuque
427 4722 478 4785 nat
496 4721 701 4784 sincerissime
720 4720 786 4785 sois
806 4722 873 4803 ejus

67 4814 213 4886 voluutas,
233 4820 265 4875 ot
286 4815 388 4895 gloria,
1032 4788 1275 4866 JOANNI
1297 4785 1635 4884 ZAMOSGIQ

51 4979 54 4985 ‚
144 4909 261 4971 interea
279 4930 351 4971 vern
372 4930 430 4969 non
452 4907 593 4981 mentiar,
614 4907 641 4966 ei
662 4906 783 4977 dixero,
803 4926 873 4969 son·
1109 4931 1300 4978 ,promus
1320 4930 1561 4978 Possumus,

68 4999 141 5063 nihii
161 5023 208 5062 me
228 5023 318 5081 segre
337 5004 479 5066 sensisse
491 5001 670 5063 venenosos
689 5001 777 5071 isne,
798 5018 875 5080 ques

68 5094 159 5156 etism
183 5092 285 5157 Mosei
310 5096 429 5176 possint
461 5094 573 5164 uereri,
602 5091 714 5157 indere
744 5093 880 5172 speeies·¹
1012 5087 1101 5160 Quod
1131 5086 1200 5147 mitri
1230 5089 1259 5147 in
1292 5086 1460 5150 seribendis
1490 5088 1558 5149 eliis
1588 5087 1738 5149 excideret

67 5188 252 5251 tieitstisnis.
293 5186 358 5251 sen
377 5194 409 5253 ut
427 5190 487 5253 isto
506 5187 618 5253 minimi
634 5187 778 5253 momenti
792 5194 881 5271 pent,
936 5183 994 5245 troc
1013 5187 1084 5244 eret
1122 5180 1231 5257 Mosei,
1253 5201 1320 5243 enm
1340 5179 1404 5244 trsri
1420 5181 1460 5245 nd
1481 5180 1601 5244 mntem
1622 5189 1739 5244 noctem
