3742 5626
483 151 1054 277 vrninnonnmsunsrornrs
1093 199 1296 265 nrosnnr.
1670 196 1727 258 su

59 366 244 447 deflagravit.
283 366 352 429 Nou
378 376 496 448 proterat
518 371 650 448 quietern
675 384 783 447 cupere
803 364 861 425 n·-
923 363 1071 422 beminuu
1091 364 1227 424 haeresin
1247 365 1362 440 nrsguis
1387 382 1426 423 sc
1450 363 1658 441 frequentibus
1682 362 1729 421 in·

59 460 158 533 divite,
179 480 306 541 cumque
325 457 363 521 sd
384 458 544 523 listoviam
570 462 722 521 deitatem
742 455 862 520 denno
922 453 1088 517 commodis
1109 455 1235 536 iotigata
1254 464 1344 537 atque
1369 474 1532 538 opprem,
1554 455 1670 519 tronus
1692 453 1726 515 ii·

59 562 155 630 esset,
173 553 214 615 eb
234 560 445 615 tormentorum
466 556 612 634 mjornm
632 551 780 614 deiectu
800 570 862 611 rsnr
922 549 1068 611 bertaten
1087 553 1162 611 tueri
1182 570 1240 611 non
1262 547 1524 630 pessumdentur,
1544 560 1576 614 et
1594 555 1726 634 prepter·

58 667 96 709 es
119 649 210 709 ani-i
243 649 393 709 santonus
422 644 633 709 administrare
662 664 724 705 non
755 645 863 724 potuit·
922 662 958 704 ea
977 644 1075 723 ejecw
1095 640 1234 705 seditiosi
1249 639 1399 721 dogmatis
1418 645 1530 727 populo
1549 644 1657 706 meiius
1675 639 1726 703 aii·

58 739 152 819 igitur
171 726 265 819 agris'
278 738 388 820 ubique
405 743 534 801 vastatis
560 738 599 799 ad
625 738 864 819 Mosnjscnmet
922 733 1041 815 mendo
1072 744 1157 797 esset
1186 735 1332 796 habitura
1382 737 1477 815 igitur
1506 737 1726 817 Cingiiauorun

59 832 265 895 Seiisarorum
284 831 459 913 prodigiosa
480 832 633 894 celeritate
653 828 817 904 contendit,
833 836 864 891 et
922 827 1150 909 Russonrnrque
1169 848 1206 891 ac
1224 828 1460 891 lutheranorum
1480 830 1558 907 iibri,
1576 837 1726 911 tamquam

58 926 262 995 Seiissrorum
281 922 400 1006 quiden
420 923 557 988 incendio
573 924 693 999 delevi,
705 922 864 1003 blosnjsco
923 924 953 982 in
984 922 1129 1002 κϋςίυιιι
1157 922 1343 1003 pestitentes,
1372 942 1410 983 ac
1440 942 1538 984 rerum
1563 921 1726 983 tammum

62 1023 217 1101 pecnrria·
238 1019 403 1099 imperavit.
443 1018 514 1080 Non
535 1019 638 1100 procui
658 1017 863 1079 aSeiisarovo
923 1016 1083 1077 certissimi
1103 1012 1229 1089 iudices,
1250 1016 1397 1095 praesuiis
1408 1020 1499 1099 jussu
1514 1014 1727 1078 indarissirss

60 1112 178 1174 iortrrus
202 1111 384 1174 lectissimas
411 1116 440 1173 ei
466 1111 656 1173 Tartarorum
681 1113 788 1192 copias
813 1108 864 1169 ob·
923 1106 1056 1169 meridiei
1076 1108 1142 1169 inre
1174 1107 1392 1182 comburuntur,
1422 1121 1461 1185 et,
1493 1119 1528 1173 ut
1556 1115 1648 1192 putta
1677 1103 1727 1167 iiie

59 1204 142 1267 tuiit:
162 1206 202 1267 iis
222 1204 413 1267 tumultuario
432 1214 522 1286 atque
536 1207 689 1286 inopinato
698 1221 865 1281 congressu
923 1198 1006 1271 dixit,
1026 1199 1226 1264 emendaturis
1246 1201 1365 1280 ignibus
1386 1201 1504 1280 dantur,
1530 1220 1620 1285 quun
1639 1202 1726 1261 inter·

61 1290 163 1372 vietis,
188 1298 298 1361 nnius
327 1299 507 1380 praecipuae
528 1298 695 1359 nobilitatis
717 1300 800 1357 viros
820 1314 866 1355 ce·
924 1314 959 1355 ea
980 1292 1163 1356 Jesuitaruru
1183 1291 1324 1376 discipali
1344 1314 1463 1358 carmen
1482 1301 1513 1358 in
1532 1292 1640 1357 iasdes
1659 1310 1725 1353 eoe-

63 1393 115 1473 pit,
134 1401 166 1453 et
184 1409 277 1473 supra
297 1388 531 1471 quadringentos
552 1388 672 1451 occidit
712 1388 865 1452 Psstbaec
923 1386 1045 1449 iestiurn
1055 1387 1187 1449 Deorum
1206 1386 1246 1451 ad
1266 1393 1352 1470 ipsos
1370 1389 1538 1453 obortarum
1558 1406 1652 1469 rogos
1673 1382 1723 1446 de

59 1483 189 1546 uelutis
207 1483 295 1546 finem
314 1485 457 1545 motoria
477 1484 629 1546 Drucatum
648 1480 863 1562 Novogroden·
922 1488 1085 1542 mutarem.
1126 1480 1331 1563 Trepidebeut
1350 1490 1422 1545 urna
1441 1487 1472 1545 iu
1490 1482 1566 1544 urbe
1585 1480 1726 1543 ὥνιηιι

60 1599 123 1639 sear
147 1575 277 1653 inuadit,
302 1580 595 1657 vetustissimamque
619 1576 751 1637 Russam
782 1577 864 1656 oppi-
923 1573 1075 1651 reiigionis
1097 1577 1188 1651 eires,
1211 1584 1242 1636 et
1266 1584 1450 1637 sanatorum
1476 1574 1636 1645 conatibus
1663 1588 1723 1634 on·

61 1670 131 1732 dsm
149 1669 332 1752 aggreditur,
356 1667 538 1752 praesidium
554 1668 668 1750 dejieit,
687 1668 865 1730 Micbaeiers
924 1666 994 1727 uino
1023 1667 1142 1729 obviam
1169 1665 1299 1729 eundum
1328 1688 1400 1731 esse
1431 1669 1658 1744 erton-abant,
1688 1684 1728 1726 ne

62 1762 251 1826 Tureminum
272 1762 383 1825 ibidem
403 1767 492 1844 capit,
519 1773 551 1835 et
570 1765 601 1823 in
628 1762 747 1825 muenia
772 1763 864 1842 uorrji·
924 1759 1001 1822 iorte
1023 1758 1173 1821 seditione
1197 1780 1235 1823 es
1261 1761 1483 1843 conspiratione
1509 1760 1590 1823 iactu
1614 1763 1647 1820 in
1672 1757 1724 1820 ab·

62 1861 112 1918 cit.
136 1861 210 1919 Cum
231 1855 272 1918 sd
293 1855 487 1918 Viedimiriss
506 1860 649 1928 resisset,
668 1855 777 1917 obvios
798 1874 865 1916 curs
922 1856 1021 1915 sentia
1052 1856 1155 1935 optimi
1181 1851 1276 1933 Regis
1302 1856 1546 1935 opprimerentur.
1591 1852 1672 1915 Nem
1697 1859 1729 1913 et

64 1949 234 2011 muneribus
254 1950 364 2011 multos
383 1954 506 2012 istamm
525 1958 669 2011 terrarum
690 1948 805 2010 incolas
816 1948 865 2009 ba·
923 1944 1128 2009 deiunctorum
1149 1946 1324 2027 corporibus
1344 1954 1415 2034 tunc
1434 1951 1554 2029 requies
1574 1944 1646 2008 dats
1666 1962 1726 2006 son

66 2043 139 2104 buit.
178 2043 224 2106 Es
251 2043 297 2104 bis
317 2064 371 2125 pro
391 2045 505 2104 meritis
525 2042 707 2123 singulorum
732 2041 810 2103 aiios
835 2044 865 2101 in
924 2039 988 2101 init.
1030 2039 1178 2119 Cingiiani
1197 2042 1284 2114 enin,
1305 2058 1393 2121 qurum
1409 2044 1458 2102 ria
1477 2041 1574 2121 Regia
1594 2047 1728 2101 mortuas

63 2133 151 2198 tidem
170 2137 299 2218 recepit,
319 2137 388 2199 aiiis
407 2139 526 2198 veniam
546 2133 646 2206 dedit,
671 2134 866 2217 praescriptis
925 2131 964 2194 nd
983 2133 1165 2215 sepulturam
1185 2132 1333 2209 efferrent,
1351 2132 1471 2215 quidam
1482 2142 1668 2197 saerstsrnn
1681 2150 1728 2195 ss·

64 2232 248 2309 magistratui
287 2250 387 2291 eorum
417 2229 501 2311 pacis
533 2226 766 2289 conditionibus.
814 2223 867 2289 Ad
925 2227 1036 2289 toltites
1057 2229 1098 2287 itu
1118 2229 1148 2287 iu
1168 2246 1223 2287 eos
1245 2228 1400 2300 irruerunt,
1426 2236 1460 2290 nt
1478 2232 1527 2290 vis
1546 2246 1637 2307 aegre
1657 2224 1728 2287 aiio

64 2329 224 2383 ornanum
243 2322 489 2403 popaiatiora’bus
505 2320 545 2383 ad
572 2321 711 2384 Ussieesr
737 2329 769 2383 et
795 2322 866 2381 Por·
924 2339 988 2380 rum
1008 2321 1174 2381 interventu
1198 2320 1330 2402 impetus
1354 2320 1525 2385 retardatus
1550 2323 1601 2382 sit.
1640 2318 1729 2397 Quae

64 2433 178 2486 corum,
209 2423 241 2477 et
269 2415 300 2475 in
330 2413 429 2477 reditu
453 2412 494 2477 sd
514 2414 713 2497 Torapecinrn
731 2414 866 2497 prolatis,
925 2411 1044 2495 quidem
1063 2432 1124 2489 res,
1153 2414 1196 2474 uti
1217 2416 1372 2494 repentina
1403 2425 1434 2478 et
1464 2430 1650 2497 nepmqnan
1681 2430 1728 2474 es·

63 2526 130 2569 cum
143 2506 406 2585 Soienscenses,
417 2507 639 2588 Norogrodios,
649 2508 866 2579 Bononiam,
925 2514 1078 2588 spectata,
1113 2508 1203 2567 sicuti
1235 2514 1378 2569 terrorem
1412 2509 1550 2571 omnibus
1584 2506 1729 2568 incussit:

63 2599 198 2681 aliosque
221 2601 350 2683 populos
375 2604 509 2665 nammis
542 2601 678 2665 ciadibss
704 2602 866 2677 ateotmr,
925 2602 966 2662 ita
985 2618 1119 2663 somnos
1139 2608 1170 2662 et
1187 2598 1315 2675 infimos,
1335 2610 1425 2683 utque
1444 2600 1522 2665 adeo
1543 2602 1628 2683 ipsos
1638 2601 1729 2663 ensis

63 2702 94 2755 et
113 2714 168 2775 per
186 2696 363 2757 inscmsos
382 2695 480 2757 saltos
498 2697 664 2777 itineraque
687 2716 786 2757 rerum
807 2714 867 2754 orn-
924 2691 1101 2755 sacerdotes
1120 2690 1161 2755 od
1180 2712 1262 2754 arma
1280 2696 1384 2755 exivit:
1421 2694 1462 2757 ab
1481 2695 1606 2757 essibus
1629 2704 1729 2757 umes

63 2789 144 2847 nium
163 2785 389 2851 difficultatibus
408 2789 497 2870 piena
517 2787 557 2850 ad
583 2789 688 2849 bosus
713 2796 866 2868 penetras·
924 2792 1128 2867 temperatos,
1148 2784 1244 2846 donec
1265 2786 1367 2847 ultima
1393 2789 1560 2849 necessitas
1580 2784 1729 2849 defensio

62 2890 120 2949 set,
139 2884 254 2942 exactis
274 2884 306 2941 in
325 2881 484 2960 longinqua
511 2882 614 2941 miiitis
638 2880 741 2941 moitis
760 2882 867 2941 mensi·
925 2899 992 2940 nem
1003 2878 1154 2939 suaderet.
1193 2878 1293 2940 Noctu
1312 2883 1401 2941 mom
1422 2880 1581 2942 siientibos
1602 2879 1738 2951 moth·

63 2972 121 3033 bus
155 2975 186 3033 in
215 2975 338 3052 patriam
368 2971 466 3034 redire
498 2976 664 3035 constitnit.
717 2970 867 3035 sectum
925 2971 1049 3035 terribili
1069 2980 1101 3033 et
1133 2971 1254 3035 iusoiito
1283 2981 1489 3054 tympanorum
1521 2974 1609 3053 signo
1638 2974 1728 3034 smmi

64 3067 142 3125 euim
161 3067 232 3126 anni
254 3074 401 3148 tempore,
420 3064 502 3148 quod
521 3066 612 3149 monii
630 3064 782 3127 brumales
800 3063 868 3127 dies
925 3069 1032 3128 nivium
1053 3064 1257 3137 turbabantur,
1276 3085 1365 3147 quum
1386 3074 1508 3128 econtra
1527 3065 1665 3128 bomises
1680 3082 1729 3127 ss·

64 3155 240 3230 inciderant,
258 3179 348 3239 quum
367 3161 536 3238 grauissimi
559 3159 743 3241 imperatorii
767 3178 869 3221 mnae·
926 3161 1000 3222 creti
1020 3157 1164 3234 dicerent,
1184 3178 1221 3220 eo
1241 3162 1341 3220 sonitu
1361 3162 1482 3222 excitari
1504 3179 1618 3235 omnes,
1633 3167 1728 3221 utno·

63 3252 106 3311 ris
126 3269 234 3311 nomen
253 3251 348 3330 gioria
378 3260 410 3313 et
438 3249 611 3314 tortitudine
638 3255 760 3333 egregie
777 3254 868 3314 susti·
926 3256 1039 3315 eturnis
1064 3270 1182 3334 qnoque
1207 3252 1392 3334 temporibus
1418 3272 1473 3335 pro
1502 3250 1599 3331 Regis
1631 3250 1730 3313 seinte

63 3344 188 3417 unisset,
208 3347 375 3426 interjectis
394 3345 495 3407 moins
515 3342 623 3406 diebus
650 3348 681 3406 in
699 3352 798 3407 rastra
822 3364 868 3406 re·
927 3366 1012 3409 orare
1037 3343 1204 3407 disserenti
1234 3364 1411 3428 mauqoaru
1436 3342 1468 3409 id
1493 3362 1589 3427 geum
1608 3362 1731 3427 prees·

63 3456 168 3499 versus
198 3446 263 3513 est,
294 3437 464 3520 triumpiab
492 3437 580 3501 iande
601 3438 739 3518 insignis,
766 3436 868 3519 ibique
926 3462 985 3505 nou
1015 3458 1129 3521 paucoe
1166 3438 1197 3499 iu
1226 3442 1431 3520 suspicionem
1458 3458 1555 3502 nmen
1588 3456 1730 3501 novarum

63 3548 123 3591 non
142 3529 248 3591 oculos
268 3529 366 3602 modo,
384 3529 442 3593 sed
460 3535 589 3593 omnium
609 3533 698 3593 etiam
714 3528 816 3593 studis
836 3532 867 3593 in
925 3532 1097 3618 pertrahere
1115 3529 1280 3593 videbatur.
1320 3530 1440 3595 lnterira
1459 3532 1602 3596 Germani
1621 3533 1730 3595 attis·

63 3642 100 3684 se
118 3626 272 3685 convertit.
321 3626 418 3685 Caesa
446 3632 586 3706 putantur
612 3626 642 3682 in
668 3623 726 3683 boc
748 3621 866 3703 expedi·
925 3628 1017 3709 giiani
1035 3646 1090 3707 per
1111 3623 1238 3687 idoneas
1257 3626 1525 3687 bominessuorurn
1538 3623 1731 3688 secerdotum

64 3716 145 3777 tione
163 3735 255 3797 supra
276 3715 380 3778 deneas
399 3717 549 3778 bominum
574 3715 683 3777 miliia:
714 3717 802 3776 sicuti
830 3736 866 3777 ea
926 3721 1031 3781 domos
1066 3716 1225 3797 diiigenter
1261 3716 1486 3789 custodiebant,
1520 3717 1730 3799 Gingiianiqne

64 3804 103 3871 de
122 3828 155 3871 re
174 3810 204 3871 in
228 3808 371 3890 pecuberi
404 3806 534 3891 quodam
562 3808 711 3869 volumine
738 3808 867 3868 seorsim
924 3808 1189 3896 praesentiarum
1210 3813 1335 3892 impigre
1355 3808 1561 3872 defensionem
1571 3808 1728 3892 panbm,

63 3900 149 3983 piurs
179 3899 340 3982 abquaodo
370 3904 589 3963 annotavimus.
637 3900 717 3963 Dum
747 3899 867 3964 bueus
926 3916 959 3968 ut
976 3906 1089 3986 majora
1119 3904 1208 3965 etism
1237 3909 1384 3964 tormenta
1413 3902 1451 3965 ad
1484 3901 1579 3965 aedes
1606 3920 1729 3985 premar

64 3988 152 4074 Rege
172 4000 202 4057 et
220 3993 360 4056 Ducibus
379 3997 410 4055 in
427 3993 588 4057 diaconia
606 4002 762 4075 geruntur,
782 4014 800 4057 a
819 4013 868 4058 ss·
926 3997 1135 4071 conveherent,
1155 3995 1401 4077 conturbatisque
1419 3998 1479 4057 ista
1498 3995 1654 4058 alacritate
1677 3992 1729 4057 sd·

63 4090 157 4149 eratis
182 4106 301 4167 qnoque
332 4086 501 4150 bominibus
527 4088 672 4151 tumuitus
700 4091 807 4168 ingess
836 4090 867 4149 in
925 4093 1076 4165 vermis,
1097 4108 1212 4151 osrnem
1232 4091 1279 4150 eis
1299 4086 1418 4151 consilii
1438 4096 1470 4150 et
1488 4090 1675 4151 auctoritatis
1684 4105 1729 4150 rs·

64 4176 138 4239 urbe
159 4176 249 4240 Viina
269 4185 430 4255 excitatur,
454 4202 515 4264 quo
534 4181 600 4245 Res
625 4185 707 4245 sario
731 4180 870 4254 oseem
924 4189 1035 4247 ticum
1064 4185 1221 4264 eriperent.
1259 4176 1374 4244 Postea
1406 4181 1649 4245 Abramsvicinar
1678 4198 1732 4243 us·

62 4270 132 4354 plns
158 4269 301 4335 fortassis
330 4278 499 4338 moestitiae
529 4296 566 4338 es
594 4275 673 4338 cirili
704 4271 870 4349 discordis,
926 4278 1015 4341 biien
1037 4288 1068 4339 et
1085 4272 1175 4337 vaide
1195 4285 1346 4337 strenuum
1365 4277 1459 4337 virum
1479 4296 1515 4339 er
1535 4294 1608 4357 agro
1633 4278 1665 4338 in
1681 4294 1729 4338 ur·

13 4398 18 4405 -
64 4382 155 4445 quasa
172 4363 275 4441 gandii
297 4387 333 4429 ex
352 4366 482 4429 bostium
502 4371 621 4433 interitu
640 4368 784 4450 percepit.
814 4370 868 4429 Ss-
926 4373 994 4435 beru
1014 4380 1169 4446 neroum,
1199 4378 1230 4432 et
1260 4372 1328 4431 istis
1358 4378 1542 4433 summorum
1570 4370 1731 4435 eondbu

63 4477 181 4521 morum
201 4467 301 4521 entem
314 4461 460 4544 Princeps
471 4482 568 4546 nnpm
585 4458 745 4525 admodum
762 4458 869 4524 uiis·
927 4474 960 4529 nt
977 4468 1121 4528 resistere
1132 4463 1213 4535 velit,
1232 4480 1415 4545 magnopere
1433 4471 1529 4527 erant
1568 4464 1600 4526 is
1618 4480 1729 4527 naras·

63 4552 108 4614 tio
127 4554 159 4615 in
179 4555 304 4633 patrium
324 4574 463 4617 renuens
483 4564 557 4619 erat.
597 4557 629 4618 is
654 4574 721 4618 crim
747 4553 868 4619 Pontii·
926 4558 984 4623 dee
1002 4578 1123 4643 operae,
1140 4554 1356 4639 religionisque
1373 4560 1548 4620 sincerioris
1561 4554 1729 4632 suenoni,

66 4647 114 4707 cis
138 4645 259 4708 Maximi
281 4646 381 4727 legato
406 4668 473 4710 ears
501 4652 532 4710 ia
563 4668 664 4713 euram
695 4649 868 4713 tneo-bere
925 4672 1024 4716 arcem
1035 4651 1197 4733 urbemque
1216 4653 1314 4733 ipsa·
1333 4652 1544 4711 munitionibus
1559 4644 1730 4731 paesidbs·

65 4740 180 4821 coepit,
194 4747 228 4801 nt
246 4738 384 4803 bomines
403 4761 422 4804 a
442 4740 600 4804 Catboiiea
618 4741 869 4807 nmrosueeu·
925 4766 983 4829 que
1012 4747 1198 4827 praesepsit,
1227 4743 1431 4822 singularique
1458 4742 1612 4805 ceierttate
1641 4752 1732 4827 stqse

65 4832 114 4893 eis
131 4830 328 4907 dissidentes,
346 4854 364 4895 e
382 4832 481 4896 medio
501 4834 690 4911 niterentur,
715 4838 744 4897 si
771 4852 867 4898 sareu·
926 4841 1033 4922 peritia
1054 4837 1227 4901 habitantes
1244 4836 1350 4897 ricinis
1375 4837 1406 4895 in
1431 4838 1513 4915 egris
1538 4834 1656 4898 nobiles
1680 4854 1729 4901 se·

66 4920 132 4985 dari
151 4945 212 4987 non
231 4926 351 4989 veilent.
389 4926 523 4990 Dicebat
541 4930 631 4999 esim,
651 4926 732 5010 quod
751 4927 870 4991 Sarna·
927 4948 1062 5005 eersens,
1081 4928 1303 4993 catholicorum
1323 4929 1439 4989 animos
1458 4931 1539 4991 veris
1558 4924 1653 4992 iiiatis
1670 4938 1729 4993 ter·

63 5015 108 5079 tiu
127 5023 224 5081 omnis
244 5020 363 5102 pubiiee
382 5042 419 5083 ac
430 5024 566 5104 priuatim
581 5030 705 5105 propter
715 5022 871 5104 impiorum
890 5032 893 5037 '
928 5022 1045 5085 raribns
1066 5020 1187 5105 dejecit,
1206 5022 1468 5104 tantaqnerirtnte
1488 5031 1519 5084 et
1539 5038 1730 5105 porsennam
