3734 5610
96 179 130 232 12
688 178 817 233 RERUM
834 176 1167 234 thSCOVli'lCAliUbl

96 332 162 391 suis
183 337 213 389 et
234 332 403 410 sumptibus
423 336 452 390 ct
474 332 559 409 equis
579 332 697 412 aliquot,
713 353 784 391 esse
804 333 896 411 parali

95 442 132 485 ac
159 423 304 503 expediti3
337 423 613 501 praestantioribus,
645 425 694 501 qui
723 425 898 502 legationem

96 520 148 576 aut
168 515 226 575 alia
247 518 379 590 graviora
401 515 499 575 olticia
519 516 643 584 obeunt,
668 521 717 576 aut
737 517 899 596 praetectu-

97 626 158 677 rac,
179 613 229 666 aut
252 607 346 674 villae,
368 614 417 666 aut
437 606 567 687 praedia,
588 606 687 666 habita
707 611 852 686 crrjrrsque
871 618 901 667 et

98 698 249 777 dignitatis
278 704 308 757 ct
334 701 445 760 laboris
473 701 597 762 ratione.
623 701 832 758 attribuuntur:
862 700 900 757 de

99 791 207 871 quihus
239 797 337 850 tameo
372 792 496 868 singuiis
522 798 619 850 certos
645 811 761 853 annuos
788 811 900 848 consus

97 884 224 964 Principi
244 883 391 961 pendunt;
411 883 519 943 mulcta
531 885 683 952 duntaxat,
705 904 791 962 quarn
802 903 820 942 a
831 903 899 961 pau-

98 976 220 1057 peribus
240 973 349 1055 aliquid
370 975 444 1034 sorte
465 974 704 1055 delinquentibus
718 980 901 1053 extorquent,

99 1074 130 1129 ct
149 1069 294 1148 quaedam
320 1068 379 1129 alia
404 1067 463 1127 illis
489 1070 609 1129 cedunt.
649 1067 826 1149 liujnsmodi
852 1088 901 1126 ao·

98 1168 158 1220 tem
177 1162 391 1240 possessiones
410 1162 538 1221 utendas
557 1160 721 1240 plerunque
733 1158 769 1218 ad
787 1160 901 1238 sesqui·

99 1271 206 1313 anuum
228 1255 376 1332 permittit,
396 1254 422 1311 si
444 1272 531 1332 quern
553 1260 651 1312 tamen
673 1252 812 1330 singulari
840 1272 900 1329 gra·

100 1347 149 1417 tia,
170 1364 225 1405 seu
238 1345 446 1405 benevolentia
458 1344 666 1422 complectitur,
687 1343 768 1404 addit
780 1365 901 1404 menses

99 1438 226 1518 aliquot:
246 1437 302 1496 sed
322 1440 426 1514 elapso
448 1457 484 1494 co
507 1442 652 1515 ternpore,
678 1444 779 1498 cessat
804 1439 901 1497 omnis

100 1531 203 1610 gralia,
223 1532 344 1608 lotoque
365 1529 510 1588 sexennio
530 1531 621 1607 gratis
630 1532 681 1589 tibi
695 1533 748 1590 erit
759 1530 902 1611 deinceps

100 1621 300 1684 serviendum.
352 1620 423 1680 Erat
459 1621 578 1700 quidam
616 1622 748 1683 Basilius
780 1622 902 1703 Treljalr

99 1715 277 1783 Delmatow,
298 1733 385 1774 carus
401 1712 546 1795 Principi,
566 1723 597 1774 et
614 1718 688 1773 inter
708 1716 828 1773 intimos
848 1714 901 1771 Se·

101 1808 242 1868 cretarios
262 1806 396 1867 habitus:
416 1827 502 1886 quem
523 1827 587 1864 cour
615 1806 742 1882 legatum
769 1803 807 1863 ad
829 1804 903 1863 Cae·

102 1920 200 1961 sarem
220 1898 449 1959 Maximiliauum
471 1897 654 1964 decerneret,
673 1901 811 1974 sequent
822 1916 903 1975 prae·

102 1997 227 2073 pararet,
242 1992 376 2074 juberet:
396 2010 433 2049 ac
453 2010 518 2048 curo
540 1989 567 2046 is
586 1989 693 2047 viatico
713 2008 747 2048 se
759 2008 794 2048 ac
806 2009 904 2068 sump-

101 2084 182 2145 tibus
202 2104 302 2144 carere
323 2083 451 2149 diceret,
478 2100 545 2138 mox
576 2081 605 2138 in
632 2079 805 2140 Bieloosero
839 2102 903 2158 cap-

100 2182 160 2247 tus,
180 2177 268 2255 inque
282 2179 444 2255 perpetuos
456 2191 591 2231 carceres
602 2176 765 2255 conjectus,
785 2175 903 2234 landem

104 2270 267 2329 miserrime
288 2268 388 2344 periit;
410 2265 497 2346 cujus
516 2270 574 2325 taru
599 2266 717 2327 mobilia
744 2287 829 2344 quam
855 2270 903 2327 im·

102 2359 222 2419 mobilia
243 2359 320 2418 bona
339 2355 485 2436 Princeps
495 2358 552 2416 sihi
570 2356 745 2430 vendicavit,
766 2366 904 2437 etquam-

105 2451 153 2511 vis
172 2456 217 2508 ter
236 2450 316 2509 mille
337 2449 508 2509 doreuomm
530 2451 558 2509 in
580 2458 714 2530 prompta
727 2453 905 2530 pecuniaru-

104 2549 218 2624 pereat,
239 2542 377 2602 iratribus
397 2548 494 2602 tauron
515 2562 551 2602 ac
572 2541 751 2603 haeredibus
776 2545 841 2603 suis
869 2564 905 2601 ne

109 2637 271 2696 temucium
293 2635 409 2714 quidem
432 2634 561 2696 dederat.
602 2635 669 2696 Hoc
680 2638 721 2696 ita
731 2656 811 2706 esse,
823 2656 906 2716 prae·

104 2734 150 2790 ter
170 2746 354 2788 communem
374 2727 496 2797 lamam,
526 2727 654 2789 loannes
685 2728 793 2798 scriba,
819 2730 907 2809 quia

103 2820 248 2903 Principe,
267 2826 300 2880 ul
319 2821 391 2881 mibi
411 2840 461 2880 res
481 2822 510 2879 in
532 2819 719 2900 quotidianos
739 2822 818 2880 ritae
832 2841 906 2880 usus

104 2914 295 2973 necessarios
314 2912 526 2993 suppeditaret,
546 2914 723 2972 constitutus
743 2920 814 2985 erat,
835 2913 907 2973 sate·

106 3004 209 3066 batur:
234 3013 265 3064 et
291 3006 341 3083 qui
360 3004 441 3065 illum
467 3005 570 3074 simul,
590 3006 639 3064 ubi
659 3010 764 3087 captos
785 3013 856 3076 crat,
877 3007 906 3065 in

107 3115 164 3158 sua
176 3096 312 3158 custodia
326 3090 469 3157 babebat:
489 3095 588 3157 itidem
604 3096 662 3157 duo
675 3097 779 3159 Basilii
792 3097 906 3169 tratres,

105 3186 283 3250 Theodorus
303 3196 333 3249 et
352 3187 523 3261 Zacharias,
544 3190 591 3267 qni
614 3191 698 3249 uobis
710 3190 902 3250 redeuntibus

105 3302 142 3342 ex
160 3281 315 3363 Mosajsco
336 3280 365 3340 in
394 3280 573 3341 Smolenslro
597 3288 803 3362 procuratores
823 3289 906 3343 erant

105 3374 175 3445 dati,
196 3377 241 3434 sie
261 3379 357 3435 actam
378 3392 440 3433 rem
456 3372 648 3434 atiinnabant.
670 3372 819 3452 Quicquid
831 3373 905 3435 Ora·

105 3472 187 3527 tores
209 3466 246 3525 ad
268 3472 405 3527 externos
426 3466 580 3547 Principes
599 3467 694 3536 missi,
714 3468 842 3547 preciosi
861 3487 905 3528 re·

105 3565 231 3641 portant,
252 3560 280 3619 id
293 3561 435 3636 Princeps
447 3560 476 3616 iu
490 3577 575 3617 suurn
597 3560 698 3617 liscum
720 3561 844 3639 reponit,
864 3561 904 3619 iu-

106 3655 221 3734 quiens,
242 3655 329 3714 aliam
351 3653 427 3732 ipsis
446 3650 566 3728 gratiam
587 3671 623 3711 se
643 3650 800 3712 lactumm:
828 3672 905 3732 quae

104 3745 173 3808 talis
192 3753 250 3817 est,
269 3753 301 3806 ut
321 3741 504 3824 supradixi.
543 3741 687 3804 Oratores
714 3745 801 3813 cuim,
821 3744 905 3806 liner

105 3843 193 3911 lran,
213 3842 381 3908 Poseezeu,
402 3835 595 3907 laroslavslri,
617 3841 647 3896 ct
667 3836 787 3905 Semcu,
807 3837 838 3896 id
859 3844 906 3898 est

105 3932 237 4003 Simeon,
258 3931 448 4012 'l’ropbimmv
468 3930 655 4000 secretarius,
676 3928 838 3990 aCaesare
850 3930 905 3991 Ca·

105 4023 167 4084 roto
189 4022 310 4094 Quinto,
331 4024 369 4082 ad
390 4042 477 4102 quern
497 4022 580 4082 missi
601 4032 693 4092 erent,
718 4021 817 4082 donati
842 4043 906 4102 gra·

107 4116 192 4174 ribus
213 4117 367 4194 torquibus
388 4115 499 4182 aureis,
517 4113 661 4186 cathenis,
687 4114 852 4195 Hispanico
878 4121 907 4175 et

106 4228 143 4268 ea
162 4206 277 4285 quidem
290 4211 523 4272 aureamooeta:
546 4208 614 4267 item
632 4206 804 4269 aCaesarls
818 4208 907 4269 tratre

105 4298 292 4360 Ferdinando
316 4296 475 4357 archiduce
495 4300 649 4370 Austriae,
676 4301 805 4360 Domino
829 4322 907 4374 mco,

104 4392 254 4471 argenteis
273 4387 405 4470 poculis,
432 4392 532 4449 aureis
557 4395 587 4450 et
615 4394 764 4469 argenteis
789 4396 907 4473 pannis,

105 4485 281 4546 Germanica
300 4503 391 4543 aurea
410 4488 537 4553 moneta,
557 4503 621 4543 curu
639 4481 798 4544 redeuntes
810 4487 908 4545 nobis-

105 4600 170 4639 cum
192 4581 220 4639 iu
232 4576 413 4639 illoscoviam
434 4577 595 4645 venissent,
614 4576 759 4655 Princeps
770 4578 908 4637 continuo

105 4677 135 4730 ct
155 4671 299 4732 cathenae
323 4675 352 4727 ct
372 4668 490 4748 pocula,
511 4672 599 4746 atqua
628 4669 767 4749 majorem
793 4676 907 4750 partem

38 4793 45 4804 ·
104 4762 328 4840 Hispanicorum
351 4780 506 4821 aureorum
529 4759 588 4818 illis
608 4758 727 4822 ademit.
767 4760 845 4847 EJus
865 4763 907 4822 rei

105 4855 256 4913 veritatem
278 4875 344 4914 cum
365 4855 403 4914 ab
426 4851 604 4912 Oratoribus
621 4852 812 4932 inquirerem,
834 4855 908 4916 aiter

107 4948 215 5005 timens
237 4966 272 5004 ne
294 4947 460 5026 Principem
473 4965 561 5005 suum
573 4943 749 5016 traduceret,
771 4954 906 5009 constan·

107 5047 150 5099 ter
171 5038 312 5115 negabat:
335 5039 408 5097 alter
427 5060 497 5098 cero
517 5039 644 5103 dicebat.
666 5037 836 5119 Principem
842 5044 906 5124 jus·

107 5134 187 5192 sisse
208 5152 329 5192 munera
349 5129 445 5204 Regia
465 5130 503 5191 ad
523 5152 557 5192 se
572 5132 688 5203 deterri,
709 5139 787 5194 ntea
800 5131 906 5195 videat.

958 330 1034 391 Post
1052 351 1119 391 curu
1140 333 1263 410 saepius
1282 334 1349 412 ejus
1370 333 1412 390 rei
1431 333 1649 402 meminissem,
1676 331 1761 400 alter,

957 428 1008 482 aut
1027 429 1059 482 nt
1070 423 1231 482 mentiendi
1245 425 1442 492 occasionem,
1461 428 1487 485 si
1499 431 1689 506 pernegaret:
1709 430 1764 485 aut

958 515 1120 596 periculum
1141 516 1167 575 si
1185 516 1259 575 torte
1271 518 1422 576 veritatem
1435 518 1584 588 fateretur,
1604 517 1763 594 allegeret:

959 626 1008 666 me
1026 606 1153 687 posthac
1174 607 1360 686 frequentare
1380 609 1518 669 desierat
1562 610 1659 670 Aulioi
1680 609 1763 669 deni·

959 719 1017 777 que
1038 698 1146 758 lactum
1172 720 1229 758 non
1258 702 1419 776 negabant,
1445 701 1500 759 sed
1527 703 1762 781 respondebant:

961 791 1041 860 (laid
1061 796 1131 862 tum,
1153 793 1180 850 ai
1200 791 1260 852 alia
1276 794 1369 869 gratia
1394 794 1454 853 illis
1480 793 1627 872 Princeps
1659 815 1762 873 repen·

960 883 1012 944 dit.
1058 884 1225 942 Antoritate
1251 904 1307 942 sua
1332 890 1391 945 tem
1423 886 1451 943 in
1478 886 1649 965 spirituales
1673 906 1763 965 quam

960 975 1114 1035 saculares
1134 976 1231 1045 utimr,
1251 975 1344 1035 libere
1364 996 1400 1037 ac
1419 996 1457 1035 ox
1479 977 1629 1038 voluntate
1649 999 1705 1040 sua
1724 977 1765 1039 de

960 1068 1088 1126 omnium
1099 1073 1128 1127 et
1140 1069 1198 1126 vita
1211 1069 1338 1127 elbonis
1351 1071 1520 1129 constituit:
1532 1072 1763 1131 consiliariorum

961 1178 1037 1237 quos
1057 1158 1156 1229 hahet,
1176 1160 1274 1219 nultus
1286 1170 1313 1218 et
1330 1166 1429 1221 tantae
1449 1164 1623 1234 autoritatis,
1644 1162 1763 1243 quidis·

961 1252 1081 1323 sentire,
1102 1259 1154 1314 aut
1174 1254 1229 1311 sibi
1251 1254 1279 1311 iu
1302 1275 1333 1312 re
1357 1253 1455 1332 aliqua
1481 1256 1620 1314 resistere
1645 1255 1763 1317 audeat.

960 1341 1104 1403 Fateatur
1113 1344 1241 1423 publice,
1254 1345 1434 1406 voluntatem
1447 1344 1604 1428 Principis,
1623 1348 1680 1408 Dei
1692 1368 1764 1408 esse

960 1435 1155 1496 voluntatem:
1177 1445 1207 1497 el
1227 1439 1366 1518 quicquid
1376 1438 1523 1518 Princeps
1543 1442 1645 1518 egerit,
1665 1462 1700 1498 ex
1714 1459 1763 1498 no·

961 1529 1074 1613 lentie
1094 1528 1151 1586 Dei
1165 1549 1270 1607 ngare,
1296 1531 1334 1588 ob
1364 1530 1395 1589 id
1419 1534 1506 1592 etiarn
1532 1533 1709 1609 clavigerum
1734 1538 1764 1588 et

962 1621 1169 1679 cubicularium
1195 1621 1252 1680 Dei
1279 1623 1444 1700 appellant,
1475 1631 1662 1682 executorem
1684 1623 1764 1682 derri-

963 1728 1021 1790 qne
1040 1711 1200 1771 voluntatis
1220 1713 1336 1772 divinae
1357 1714 1491 1775 eredunt.
1513 1714 1600 1775 Unde
1617 1714 1765 1793 Princeps

963 1804 1039 1883 ipse,
1058 1802 1085 1862 si
1106 1802 1222 1881 quaudo
1243 1824 1348 1881 preces
1369 1806 1592 1885 interponuntur
1617 1826 1670 1884 pro
1697 1826 1764 1884 cap·

962 1895 1022 1954 tivo
1044 1894 1152 1974 aliquo,
1172 1902 1222 1955 aul
1240 1917 1272 1955 re
1293 1898 1351 1957 alia
1370 1900 1461 1973 gravi,
1482 1897 1662 1978 respondere
1676 1898 1765 1958 solet:

964 1985 1039 2046 Cum
1059 1986 1147 2047 Deus
1163 1990 1303 2068 jusserit,
1331 1988 1513 2053 liberabitur.
1553 1993 1596 2051 lta
1621 1991 1765 2062 similiter,

963 2081 989 2139 si
1011 2082 1157 2160 quispiam
1179 2080 1217 2140 de
1237 2102 1269 2141 re
1290 2081 1388 2159 aliqua
1399 2084 1427 2142 in
1441 2090 1521 2143 certa
1534 2090 1564 2143 et
1576 2084 1666 2145 dubia
1677 2105 1764 2164 quao-

963 2174 1008 2242 rit,
1029 2172 1210 2253 respendere
1230 2176 1422 2235 communiter
1446 2175 1560 2237 solent:
1586 2176 1673 2237 Deus
1698 2180 1764 2246 scit,

965 2270 995 2324 et
1015 2285 1138 2344 magnus
1157 2264 1313 2347 Princeps.
1360 2270 1506 2327 incertum
1532 2275 1594 2340 est,
1621 2292 1658 2331 an
1684 2277 1766 2330 tauta

963 2359 1129 2418 immanitas
1149 2360 1248 2435 gentis
1275 2364 1429 2436 tquennum
1455 2361 1619 2441 principem
1646 2365 1765 2441 exigat:

964 2470 1001 2511 an
1022 2449 1177 2528 tyrannide
1197 2451 1350 2530 Principis,
1370 2471 1446 2528 gens
1465 2453 1533 2532 ipsa
1544 2460 1603 2514 tau
1616 2456 1765 2520 immanis.

965 2552 1083 2620 tamque
1105 2542 1178 2602 dura
1199 2541 1386 2621 crudelisque
1407 2543 1554 2605 reddatur.

1041 2634 1068 2692 Α
1101 2640 1232 2715 tempore
1258 2634 1369 2694 Rurici
1400 2654 1497 2713 usque
1527 2636 1564 2695 ad
1585 2636 1664 2696 bunc
1683 2659 1765 2717 prae·

964 2733 1078 2788 sentem
1108 2725 1290 2806 Principem,
1327 2746 1383 2784 uon
1414 2727 1472 2787 allo
1503 2729 1587 2787 titulo
1619 2731 1666 2789 usi
1698 2736 1767 2789 sunt

965 2821 1115 2900 principes
1135 2819 1192 2889 ilii,
1212 2839 1299 2898 quarn
1319 2818 1489 2896 Magnorum
1503 2819 1620 2881 Ducum
1640 2830 1692 2882 aut
1708 2821 1767 2881 Vo-

964 2912 1149 2983 lodirueriae,
1181 2918 1232 2973 aut
1261 2911 1448 2983 Mascoviae,
1479 2918 1529 2974 ant
1553 2914 1768 2993 Novogardiae,

965 3011 1019 3065 etc.
1049 3010 1166 3085 praeter
1185 3006 1324 3065 loannem
1343 3003 1463 3076 Basilii,
1493 3007 1543 3085 qui
1563 3028 1598 3066 se
1619 3007 1768 3068 dominum

964 3098 1055 3158 totius
1074 3096 1223 3166 liussiae,
1249 3101 1279 3155 ct
1306 3116 1440 3173 magnum
1461 3099 1576 3158 Ducem
1607 3099 1770 3159 l'olodime·

964 3191 1038 3259 riae,
1061 3196 1119 3249 etc.
1140 3187 1318 3266 appellabat.
1364 3187 1421 3248 llic
1441 3211 1509 3250 vero
1529 3190 1661 3250 Basilius
1681 3192 1768 3252 loan-

965 3283 1011 3341 nis
1041 3281 1097 3339 sibi
1124 3278 1261 3338 vendicat
1286 3284 1315 3338 el
1339 3280 1454 3339 titulum
1475 3287 1505 3339 ct
1525 3301 1629 3341 nemen
1649 3286 1770 3361 regium.

964 3376 992 3434 in
1026 3372 1105 3432 bunc
1133 3370 1268 3432 modurn:
1297 3370 1427 3448 Magnus
1457 3372 1601 3433 Dominus
1627 3375 1769 3444 Basilius,

963 3467 1021 3527 Dei
1041 3466 1133 3542 gratia
1152 3464 1219 3523 Rex
1239 3470 1270 3523 et
1289 3463 1434 3523 Dominus
1454 3469 1544 3524 totius
1565 3465 1713 3538 llussiae,
1740 3474 1770 3527 el

962 3578 1088 3637 maguus
1124 3557 1193 3617 Dux
1221 3556 1453 3622 Volodimcriae.
1488 3559 1676 3629 llloseoriae,
1711 3559 1770 3620 No·

963 3649 1136 3730 vogardiao,
1164 3648 1353 3720 Plcseoviao,
1379 3651 1601 3719 Smolenslriae,
1634 3650 1769 3720 Tr'eriae,

962 3744 1110 3822 lugariae,
1142 3740 1295 3813 Permiac‚
1327 3742 1485 3810 Viaelriae,
1522 3743 1692 3820 bulgariae,
1713 3752 1769 3804 eto.

963 3837 1111 3898 Dominus
1141 3842 1171 3895 ct
1199 3855 1324 3912 maguus
1349 3836 1419 3894 Dux
1445 3833 1651 3913 Norogurdiae
1675 3843 1770 3897 terrae

963 3928 1126 4000 interieris,
1162 3932 1193 3985 et
1219 3926 1445 4004 Czernigoviac,
1478 3927 1645 4000 Rezaniac,
1669 3930 1769 3990 Volot·

964 4022 1046 4092 lriae,
1068 4019 1255 4090 liscboriam
1281 4018 1418 4090 Belolae,
1448 4020 1622 4091 Rostoriae,
1644 4024 1769 4084 larosla·

965 4116 1045 4187 viac,
1083 4113 1282 4183 Bieleaeriae,
1304 4111 1448 4179 Udoriae,
1469 4114 1635 4183 Obdoriac,
1663 4116 1769 4176 Condi-

966 4209 1048 4278 niae‚
1075 4212 1139 4267 ete.
1191 4202 1283 4262 Porro
1304 4223 1370 4263 cnm
1391 4224 1495 4264 ornnes
1515 4206 1593 4266 bunc
1614 4211 1768 4288 imperato-

965 4320 1027 4362 rem
1057 4318 1136 4359 nuuc
1161 4296 1327 4377 appellent,
1356 4295 1471 4357 videtur
1491 4303 1708 4367 necessarium,
1738 4303 1769 4358 ut

966 4397 997 4452 et
1028 4391 1143 4451 titulum
1173 4394 1203 4447 et
1231 4406 1351 4448 causam
1377 4389 1468 4471 hujus
1488 4395 1594 4453 enoris
1614 4410 1769 4470 exponam.

968 4484 1044 4544 Czar
1063 4481 1233 4541 Rutbenica
1259 4481 1359 4558 lingua
1384 4502 1482 4561 regem
1509 4485 1671 4564 significan
1702 4504 1769 4543 enm

967 4581 1065 4638 autem
1092 4573 1239 4633 communi
1260 4573 1420 4635 Slavouiea
1439 4577 1553 4656 lingua,
1584 4575 1663 4655 apud
1685 4576 1769 4636 Polo·

967 4688 1041 4737 nes,
1062 4664 1225 4735 Bohemos,
1247 4670 1277 4724 ct
1297 4666 1371 4728 aiios
1392 4687 1495 4729 omues
1515 4671 1770 4748 sumptaquadam

968 4759 1176 4829 consonantia,
1207 4759 1245 4819 ab
1273 4759 1391 4830 ultima,
1422 4765 1453 4820 et
1483 4779 1521 4820 ea
1546 4763 1626 4839 gravi
1652 4762 1769 4841 quidem

967 4853 1084 4934 syllaba
1104 4851 1195 4921 Czar,
1224 4854 1386 4932 imperator
1415 4872 1470 4912 seu
1490 4852 1605 4915 Caesar
1629 4856 1769 4931 intelliga-

966 4953 1027 5007 tur:
1060 4944 1139 5004 uude
1169 4963 1273 5005 omncs
1298 4947 1347 5022 qui
1367 4944 1566 5006 Rutbeuicam
1588 4947 1695 5008 idioma
1714 4968 1769 5008 seu

967 5041 1067 5100 literas
1087 5058 1144 5099 noo
1164 5039 1287 5105 callent,
1317 5039 1385 5098 item
1408 5037 1548 5112 Bobemi,
1580 5039 1700 5110 Potoni,
1730 5049 1770 5102 at-

967 5151 1025 5212 que
1045 5132 1132 5191 eliam
1154 5130 1236 5192 Slavi
1257 5150 1346 5205 regno
1367 5131 1536 5209 ilungarico
1555 5133 1679 5194 subditi.
1713 5137 1771 5194 alle
