3742 5626
561 188 615 249 illi
636 184 775 247 uehat)
792 185 1099 265 subsecuntur),
1118 188 1246 253 LtuEtt
1268 186 1321 251 lll.

119 358 213 427 geret,
234 356 345 430 atquo
365 372 383 411 a
404 371 439 411 se
455 352 524 429 jure
545 350 766 431 possideretur,
786 346 924 411 ostende·

119 450 174 517 ret,
195 440 415 505 aSoieutoslao
436 440 565 523 quodam
584 442 715 505 blicislai
736 442 807 517 filio,
828 460 924 521 genus

118 554 205 595 suum
226 533 404 597 deducebat.
429 536 504 603 Eum
524 544 681 619 aramquam
702 556 791 599 sacro
812 534 924 615 baptis·

119 636 198 689 ruste
218 628 387 689 Christiana
406 626 550 705 religione
571 632 705 691 initiatus
717 630 835 703 luisset,
847 625 924 705 ,larg

118 730 271 781 uocatum:
291 720 331 783 ab
351 742 388 783 eo
405 718 500 799 ,largo
520 720 689 793 llorodum,
714 742 802 805 quarn
822 738 921 781 arcem

119 821 150 874 ct
170 812 271 875 urbem
291 814 368 877 allas
389 812 553 895 llerpatum
566 816 707 875 Germani
725 812 921 895 appellarent,

118 904 286 969 conditam:
312 906 382 969 inde
406 916 544 969 cunctam
569 908 725 971 Liuorriam
746 904 839 967 adse
860 904 920 965 arui-

118 1017 184 1059 cunr
197 998 329 1063 illicislai
349 1002 416 1081 ejus
436 998 595 1062 haeredem
615 998 704 1079 leriga
723 998 920 1061 successione

118 1092 276 1171 pertinere.
314 1092 437 1155 Priores
457 1091 602 1154 l'oloniac
624 1112 712 1171 reges
737 1090 846 1153 iratres
869 1110 919 1173 ap·

117 1182 228 1263 pellare
246 1184 356 1249 solitus
375 1184 487 1247 iuerat:
513 1186 592 1247 lrnrrc
618 1207 676 1246 rum
698 1187 756 1245 uisi
776 1186 920 1245 ricinum:

116 1278 193 1339 iuter
211 1278 287 1341 alias
308 1276 512 1349 conditiones,
541 1298 618 1359 quas
643 1278 682 1339 ad
702 1278 805 1341 Lucos
825 1276 919 1355 alre·

115 1372 195 1447 gatis
221 1372 289 1451 ejus
314 1373 487 1453 propositas
516 1390 607 1451 supra
633 1368 833 1441 ostendinus,
863 1366 919 1429 lra-

114 1470 228 1524 ternnm
258 1485 375 1547 quoqne
406 1484 514 1525 nomen
542 1462 621 1543 Regi
653 1460 811 1525 detulerat.
860 1458 918 1523 Rc·

114 1554 279 1633 sponderat
298 1566 359 1619 tuno
379 1556 457 1631 Rex,
477 1554 690 1620 iratenritatem
714 1558 782 1637 ejus
802 1576 837 1615 se
858 1573 918 1613 ιιοιι

115 1652 238 1711 morari:
268 1652 438 1721 livoniam,
459 1670 513 1731 prro
534 1668 593 1731 qua
612 1646 720 1711 bellurn
740 1648 919 1729 susceperit,

113 1740 210 1804 solam
229 1750 342 1825 petere.
380 1744 450 1805 ,laur
469 1742 553 1805 lriscc
573 1740 681 1803 litteris
701 1738 860 1803 fraternam
873 1738 917 1801 illi

114 1833 366 1897 uecessitudinem
386 1832 557 1911 deferebat,
581 1855 618 1897 ac
646 1833 735 1895 etiam
762 1854 798 1895 eo
825 1835 916 1894 imita

113 1948 220 1991 nomen
239 1928 297 1991 lroc
317 1924 356 1991 ad
378 1928 460 1990 illum
487 1935 694 2009 usurpaturum
718 1946 755 1987 sc
779 1922 917 1987 osteude-

113 2022 179 2087 batt
199 2042 315 2083 sarnma
335 2020 411 2084 lraec
430 2030 509 2094 crat,
528 2028 562 2081 ut
580 2018 718 2101 publicae
738 2016 917 2081 concordiae

111 2134 204 2177 eausa
223 2112 337 2176 titulum
349 2114 493 2177 biennius
513 2134 580 2174 cum
596 2110 683 2193 Rege
702 2132 738 2173 se
757 2112 916 2173 cornarani·

111 2218 260 2281 catorum,
289 2214 417 2287 quatuor
436 2214 590 2285 praeterea
610 2202 745 2266 castellis
771 2206 855 2283 ejus,
884 2204 914 2261 iu

111 2300 220 2382 quibus
240 2296 480 2359 Cokeubausium
500 2300 691 2379 praecipuum
712 2304 792 2367 erat,
812 2316 915 2357 cessar·

111 2412 174 2453 rurn
193 2414 229 2453 se
249 2390 291 2451 illi
312 2388 545 2468 demonstraret,
571 2394 598 2452 si
619 2390 685 2451 Rex
703 2390 836 2451 sicusim
856 2388 915 2451 Lu·

109 2483 183 2557 bos,
212 2482 360 2545 Velisium
389 2492 422 2545 et
450 2482 594 2546 Neuelam
628 2492 763 2545 vctmue
792 2476 915 2541 ditionis

110 2598 200 2645 suae,
224 2598 320 2657 nuper
344 2576 404 2637 sibi
433 2574 553 2639 ademta
578 2574 734 2637 redderet:
770 2574 912 2656 arrrpliora

111 2668 249 2732 ruaudata
269 2690 304 2731 se
325 2668 449 2751 {regatis
469 2672 535 2731 suis
555 2670 781 2751 perscripsisse.
813 2666 851 2728 lli
863 2687 912 2749 po-

108 2762 214 2827 stridie
241 2760 280 2823 ad
306 2762 422 2842 Regem
452 2760 591 2837 adducti,
621 2782 688 2821 cmu
715 2758 913 2823 Senatorilms

107 2852 215 2933 agendi
236 2864 416 2935 potestatem
438 2851 500 2913 dari
520 2852 579 2913 sibi
599 2856 761 2933 petier·uut;
782 2861 827 2913 ter
846 2872 912 2913 carru

108 2948 146 3007 iis
171 2948 328 3025 congressi
355 2944 450 3007 tribue
475 2948 617 3028 proximis
641 2942 750 3005 diebus
773 2944 834 3005 alin
859 2964 913 3005 sex

107 3036 147 3101 ad
167 3042 267 3119 priora
285 3050 412 3119 quatuor
433 3036 559 3101 castella
582 3036 773 3117 adjecerunt,
800 3036 830 3097 iu
852 3040 912 3119 qui·

109 3132 166 3193 bus
197 3130 407 3209 lluucburgunr
439 3133 644 3213 potissimum,
670 3138 771 3191 cetera
801 3128 913 3209 ignobi·

106 3226 162 3299 lie,
188 3222 314 3291 castella
339 3232 432 3285 eraut.
471 3220 562 3283 Nulla
588 3222 649 3283 alia
673 3220 811 3285 maridata
831 3220 912 3283 dein·

105 3338 180 3399 ceps
201 3319 239 3379 iis
259 3314 494 3399 proferentibus,
522 3335 555 3375 ιϊ
581 3314 692 3379 inlecta
718 3338 736 3377 a
761 3316 911 3397 colloquio

106 3430 269 3481 recessum,
289 3410 525 3491 permissumque
546 3408 606 3469 illis
626 3406 691 3484 luit,
706 3410 779 3469 utin
791 3406 911 3471 Litlma·

106 3508 194 3576 niam,
214 3499 284 3564 iude
305 3504 335 3563 iu
356 3500 514 3565 l’oloniam
535 3500 650 3581 Regem
669 3500 843 3563 redeuutem
864 3522 910 3563 se·

104 3606 279 3679 querentur;
300 3592 370 3655 dum
391 3614 468 3655 nora
488 3612 506 3653 a
526 3590 665 3675 Principe
688 3612 747 3681 pao
771 3592 910 3657 narrdata

102 3693 289 3773 accipereut3
316 3684 396 3767 quod
421 3688 498 3767 ipsis
518 3686 595 3747 ultro
615 3684 787 3767 petentibus
814 3708 851 3747 eo
878 3688 910 3745 li·

102 3784 221 3845 bentias
241 3778 307 3841 Rex
326 3780 475 3861 permisit,
506 3776 586 3859 quod
612 3778 670 3839 sibi
696 3798 814 3859 quoquc
838 3780 910 3841 iute-

103 3880 167 3949 rim,
186 3876 255 3957 quis
275 3870 422 3935 Ordinem
442 3868 482 3931 do
500 3870 599 3933 laturo
626 3870 707 3933 bello
730 3874 847 3931 animus
867 3870 909 3931 lu·

102 3978 188 4031 turus
203 3972 297 4035 esset,
318 3958 520 4043 cognoscendi
540 3966 670 4045 epatium
691 3961 756 4025 dari
777 3984 835 4024 ιιοιι
849 3984 908 4023 no·

102 4062 178 4119 teate
199 4056 324 4119 lerclrat.
365 4056 469 4136 Captis
490 4056 599 4131 Lucis,
625 4064 657 4117 et
674 4054 804 4127 Nereia,
822 4054 907 4117 Jese·

100 4154 207 4219 riseia,
237 4147 405 4229 quindecim
429 4170 448 4210 a
469 4146 584 4211 Nerola
604 4148 735 4211 millibus
755 4168 908 4231 passurus,

100 4254 241 4323 tauquam
260 4242 327 4301 sluu
348 4250 515 4303 nostrorum
535 4241 751 4325 praesidiorum
778 4240 907 4325 aridique

100 4340 200 4397 cincta
226 4332 454 4415 relinquebatur.
501 4334 561 4415 Qui
588 4340 617 4397 iu
644 4332 795 4417 praesidio
822 4342 908 4397 eraut

101 4428 141 4491 ab
163 4430 241 4487 ornari
262 4424 443 4491 defendendi
462 4430 510 4489 soi
530 4448 587 4511 spe
607 4428 786 4491 interclusos
812 4448 847 4489 se
868 4432 907 4489 ri·

101 4520 219 4597 dentes,
239 4518 402 4582 deditionis
422 4538 508 4602 spem
529 4520 605 4601 Regi
626 4520 769 4583 lecerunt.
805 4522 907 4605 ltaque

101 4618 211 4677 missus
233 4636 270 4675 ec
290 4608 449 4675 Radicilos
468 4612 626 4677 Palatinus
646 4612 803 4675 Vilueusis
826 4624 907 4677 aute·

100 4728 187 4791 quam
213 4706 330 4769 Nerola
354 4704 421 4767 ilex
448 4700 635 4781 attrectaret,
664 4708 692 4767 in
724 4706 906 4771 deditionem

100 4820 154 4861 eos
174 4802 300 4883 accepit.
340 4796 461 4861 lnterim
480 4796 671 4859 Zaroloeiam
689 4818 757 4859 cam
777 4804 907 4863 exercitu

99 4894 289 4957 Zamoseium
309 4896 453 4975 pen'enit.
475 4890 573 4951 Totus
592 4898 690 4951 autem
711 4890 762 4951 ille
782 4900 908 4968 tractus,

100 5008 167 5049 rrrru
188 5008 241 5067 pm
260 4996 383 5067 apertos
403 5008 439 5047 ac
465 4992 602 5065 pateutes
628 5002 752 5063 campos
773 4982 907 5067 frequen-

99 5080 292 5163 tissimasquc
320 5078 406 5141 uillas
433 5082 538 5149 iretur,
570 5096 628 5137 uon
658 5074 801 5139 mediocri
827 5078 907 5141 rolu-

101 5180 184 5255 platr
213 5192 317 5235 ornnes
343 5172 450 5235 allucii.
498 5168 694 5231 llloscoritica
727 5172 803 5231 cuim
834 5168 907 5233 ditio

1738 190 1792 253 1³5

988 360 1022 411 ut
1034 348 1167 427 liuitinra,
1186 348 1431 433 quemadmodum
1453 362 1608 412 ostensum
1630 360 1688 421 est,
1708 350 1784 411 silve

980 444 1054 505 stris
1080 440 1221 525 pleraque
1247 450 1311 504 est:
1339 444 1382 505 ita
1406 438 1622 505 mediterranea
1653 442 1786 505 bonitate

981 538 1056 615 agri,
1075 533 1182 615 glebae
1202 532 1348 609 abertate,
1367 532 1516 597 llomiuunr
1535 556 1573 599 ac
1593 534 1710 599 lacounr
1725 534 1783 617 ple·

980 630 1081 709 risque
1103 630 1132 689 in
1152 630 1228 689 loeis
1252 628 1486 709 opportunitate,
1512 628 1704 711 villammque
1729 626 1783 689 lre·

981 722 1100 801 quentia
1121 720 1191 781 mdli
1212 718 1302 781 cedit.
1342 720 1491 783 Lucensis
1510 740 1581 781 rere
1600 742 1672 797 ager
1691 720 1784 785 rebus

980 814 1017 873 iis
1039 816 1149 877 ceteris
1168 812 1231 875 lerc
1256 814 1394 876 oraoibus
1413 814 1502 873 ctiam
1520 820 1671 893 praestat:
1703 810 1783 877 uude

980 904 1048 967 dum
1068 904 1109 967 ad
1129 904 1233 969 Laikos
1252 908 1400 969 exercitus
1421 908 1496 977 erat,
1527 906 1557 963 iu
1583 922 1698 967 summa
1723 924 1781 966 onr-

977 1000 1058 1059 uionr
1079 988 1176 1061 renum
1195 1000 1282 1083 eopia
1302 1006 1376 1061 erat.
1417 993 1570 1079 Oppidum
1583 995 1783 1073 Zarolociam,

977 1088 1059 1173 qoud
1088 1090 1129 1155 ad
1160 1093 1405 1154 Plescovieusem
1442 1090 1669 1171 Lucerrsenrque
1705 1090 1782 1151 viam

977 1182 1084 1259 iuerru,
1103 1184 1161 1247 sub
1181 1188 1305 1269 primum
1323 1184 1420 1265 Regis
1438 1180 1479 1245 ad
1498 1184 1600 1246 Lucos
1623 1178 1781 1243 adrentum

977 1276 1191 1357 praesirliarius
1214 1278 1299 1341 miles
1324 1298 1404 1339 more
1430 1296 1486 1339 saro
1515 1272 1682 1339 deleverat:
1710 1294 1782 1357 pou·

977 1376 1094 1449 temque
1114 1373 1162 1451 qui
1181 1370 1220 1434 alr
1241 1392 1310 1433 arce
1330 1366 1368 1433 ad
1389 1366 1529 1453 oppidum
1541 1366 1720 1449 pertinebat,
1740 1368 1781 1427 in·

975 1460 1146 1524 terciderat.
1187 1466 1250 1527 Arx
1268 1466 1344 1537 sita,
1372 1458 1617 1545 quemadmodum
1640 1468 1711 1522 aute
1731 1456 1777 1521 de·

978 1564 1170 1618 norrstratum
1191 1564 1249 1629 est,
1267 1558 1297 1617 iu
1318 1554 1385 1617 lacu
1407 1562 1471 1628 est3
1491 1556 1542 1634 qui
1563 1576 1581 1615 a
1600 1552 1707 1616 Velica
1728 1552 1777 1613 llu-

976 1648 1026 1709 vio
1047 1646 1174 1725 effusus,
1193 1648 1290 1731 abque
1310 1646 1447 1709 omuibus
1471 1646 1606 1727 partibus
1632 1646 1779 1709 latissime

975 1750 1163 1821 restagnans,
1184 1742 1348 1805 latissimas
1369 1736 1524 1803 tamenab
1546 1740 1660 1801 oriente
1679 1747 1711 1801 et
1730 1758 1778 1799 oc-

975 1856 1049 1897 casu
1070 1856 1164 1917 aquas
1185 1833 1291 1897 babet:
1316 1830 1397 1917 quod
1422 1830 1492 1895 iude
1512 1853 1549 1893 ex
1568 1830 1627 1891 alio
1647 1834 1778 1913 superio·

975 1948 1007 1989 re
1027 1928 1095 1989 lacn
1114 1926 1221 1991 llrrrneu
1242 1946 1412 2009 rrmupeus,
1430 1944 1570 1987 occasum
1592 1944 1697 1987 versus
1720 1926 1777 1985 exi-

974 2030 1036 2083 tum
1055 2020 1162 2097 baben
1181 2042 1239 2103 qua
1259 2022 1491 2099 augustissimus
1510 2026 1576 2079 est:
1602 2038 1660 2077 ιιοιι
1681 2018 1778 2077 miurus

973 2122 1125 2177 trecentos
1144 2134 1255 2197 passere
1275 2116 1305 2176 iu
1331 2108 1515 2175 latitudinem
1541 2118 1632 2192 patet.
1673 2108 1776 2173 Zame-

973 2210 1057 2269 acius
1077 2210 1243 2289 praemisso
1258 2205 1472 2287 Cluistoplroro
1488 2200 1692 2265 llozdranerio
1712 2223 1777 2263 euru

973 2300 1030 2361 alis
1062 2300 1176 2383 aliquot
1207 2302 1338 2381 equitum
1368 2300 1399 2360 iu
1423 2296 1666 2361 l'leseouieusem
1699 2296 1775 2355 riam

973 2392 1097 2455 alteram
1118 2391 1258 2479 quaqad
1282 2392 1426 2455 Neoelam
1451 2388 1634 2473 pertinebat,
1663 2388 1775 2451 Lucam

972 2486 1162 2563 Dzialiuiurn,
1182 2508 1219 2549 ac
1238 2486 1395 2549 Nicolaum
1417 2484 1595 2545 Vrovccium
1621 2480 1776 2541 obsidere:

972 2602 1008 2641 ac
1029 2584 1056 2641 si
1077 2582 1127 2663 qui
1147 2602 1184 2641 cu
1203 2580 1367 2641 Neoclauis
1378 2574 1531 2639 dediticiis
1540 2572 1579 2637 ad
1593 2570 1774 2657 prrusidium

973 2671 1020 2748 id,
1038 2670 1285 2753 quaemadmodum
1303 2670 1404 2734 lacere
1429 2668 1583 2743 solebant,
1613 2666 1776 2749 adjungere

971 2786 1007 2827 se
1028 2764 1147 2839 vellent,
1168 2762 1198 2825 id
1219 2786 1255 2825 uo
1277 2765 1396 2835 lau-iant,
1417 2784 1453 2823 ac
1474 2764 1503 2823 iu
1523 2760 1691 2821 ulteriorem
1712 2756 1773 2819 lto-

971 2860 1104 2919 scoriam
1123 2878 1159 2917 se
1180 2858 1334 2937 recipiunt,
1353 2852 1474 2935 ailigere
1494 2874 1549 2913 eos
1564 2850 1661 2933 jubet.
1703 2850 1774 2931 lpse

971 2948 1010 3009 ab
1041 2950 1171 3011 exercitu
1203 2946 1396 3011 Zauolociam
1431 2964 1627 3027 praecurrens
1662 2940 1773 3005 ambitu

971 3052 1069 3125 capto,
1091 3040 1189 3121 abque
1210 3038 1347 3101 oumilms
1368 3036 1501 3119 partibus
1521 3056 1591 3097 arce
1612 3038 1775 3100 circumita.

969 3136 1080 3217 reperit
1106 3134 1216 3197 Notum
1242 3152 1363 3205 veretas,
1391 3130 1479 3195 aliam
1510 3128 1615 3191 eodem
1647 3130 1676 3189 iu
1707 3126 1774 3189 lacu

970 3238 1073 3289 eoutm
1094 3236 1224 3289 castrum
1243 3224 1370 3285 insulam
1390 3244 1477 3287 esse:
1498 3242 1605 3305 qnaea
1623 3220 1774 3305 plerisque

969 3320 1103 3403 partibus
1124 3320 1207 3391 lacu,
1233 3318 1272 3381 ab
1294 3318 1361 3379 aliis
1381 3318 1531 3399 uliginoso
1556 3336 1642 3377 amere
1666 3334 1703 3377 ac
1723 3334 1771 3375 ua·

969 3418 1030 3477 tica
1064 3412 1148 3475 lousa
1177 3408 1404 3474 ‹leleuderetare
1432 3406 1537 3473 eadem
1567 3408 1772 3471 lrrevissinum

968 3506 1008 3571 ad
1034 3528 1134 3571 arcem
1160 3508 1316 3587 trajectum
1343 3526 1423 3566 esse.
1463 3502 1568 3585 ltaque
1597 3522 1664 3563 cum
1691 3502 1717 3561 si
1736 3520 1773 3559 ee

968 3604 1128 3663 exereitum
1138 3596 1318 3675 traduceret,
1329 3604 1483 3677 arborique
1494 3616 1530 3657 se
1544 3604 1771 3657 eorrsecutumm

968 3692 1158 3773 intelligeret,
1177 3699 1207 3752 ut
1230 3700 1260 3753 ct
1280 3696 1384 3751 eontra
1405 3690 1529 3769 quasvis
1555 3686 1603 3747 vel
1629 3688 1771 3747 maximas

968 3788 1073 3867 copias
1094 3782 1225 3845 bostium
1250 3784 1399 3845 tutissimo
1427 3780 1493 3839 loco
1524 3776 1710 3839 corasideret:
1742 3784 1770 3837 et

967 3874 1074 3937 eodem
1107 3898 1142 3937 ex
1172 3876 1239 3937 loeo
1265 3876 1420 3935 niaximum
1447 3866 1664 3953 oppugnandae
1690 3870 1770 3929 areis

966 3968 1137 4033 laenitatem
1157 3968 1296 4043 haberet,
1315 3986 1403 4047 quam
1423 3964 1570 4025 latissime
1589 3958 1628 4024 ad
1649 3962 1771 4041 majoris

966 4064 1113 4125 exercitus
1132 4062 1265 4141 speciem
1285 4058 1366 4121 lrosti
1391 4054 1576 4119 obiciendam
1602 4056 1697 4135 signis
1723 4072 1768 4113 ex·

965 4155 1085 4237 plicatis
1104 4154 1242 4235 sequenti
1263 4152 1313 4215 die
1332 4154 1463 4215 exercitu
1484 4152 1561 4211 omrai
1581 4146 1709 4209 illumin
1728 4144 1769 4207 lo-

966 4268 1032 4311 cum
1053 4244 1200 4319 traducto,
1220 4255 1320 4309 rastra
1334 4244 1513 4307 communiit.
1549 4240 1768 4305 Ouraibuema-

965 4344 1071 4403 rimam
1094 4338 1298 4403 difficultatem
1326 4338 1509 4421 oppugnatio
1531 4335 1667 4399 lrabltura
1688 4332 1769 4395 vide·

966 4434 1061 4509 batur,
1080 4454 1150 4495 arce
1169 4432 1207 4493 ab
1228 4430 1364 4493 omuibus
1384 4428 1519 4514 partibus
1538 4436 1660 4511 propter
1674 4446 1769 4509 aquas

965 4528 1138 4601 inaccessa,
1167 4544 1258 4607 opere
1277 4534 1432 4609 practerea
1451 4524 1578 4597 marrrita,
1607 4523 1676 4581 anni
1696 4526 1765 4581 tem-

965 4640 1037 4703 pere
1057 4616 1338 4691 incommodissime,
1358 4638 1417 4699 quo
1437 4616 1556 4697 plumis,
1575 4612 1699 4691 frigore,
1718 4630 1767 4689 ge-

963 4714 1006 4791 lu,
1025 4732 1101 4795 quac
1121 4714 1150 4773 iu
1171 4712 1334 4793 propinqua
1351 4710 1575 4792 exspectatione
1591 4708 1654 4785 jam
1674 4712 1769 4769 eraul.

965 4809 1106 4869 cortfinuo
1135 4804 1221 4865 miles
1246 4800 1466 4864 transderrtur:
1498 4798 1676 4859 Zamoscins
1708 4816 1766 4857 nore

964 4898 1054 4981 plane
1089 4904 1188 4959 tamen
1222 4890 1441 4975 desperandum
1477 4890 1611 4973 putabat.
1662 4888 1767 4971 ltaque

965 5012 1042 5073 quae
1073 4988 1112 5051 ad
1136 4990 1385 5071 oppugnationem
1418 4988 1613 5067 pertinerent,
1645 4982 1766 5047 admini-

965 5093 1061 5145 strare
1081 5084 1190 5163 eoepit.
1231 5080 1323 5141 Erant
1347 5100 1365 5137 e
1385 5082 1506 5159 reginae
1530 5086 1694 5141 castrumm
1717 5096 1766 5139 no·

966 5186 1094 5239 atrorum
1113 5178 1168 5235 tria
1190 5172 1411 5255 propugnacula
1438 5174 1566 5247 ingentis
1592 5166 1766 5250 uraguitudi·
