3742 5626
781 226 1017 287 nmmwrtu.
1695 232 1730 291 ὓ

67 382 124 460 cipi
139 378 220 451 dant,
239 382 410 459 reversique
432 400 469 441 ex
488 382 567 445 bello
582 381 709 447 eusdem
720 398 868 445 nummum
926 380 981 443 lari
1000 382 1071 455 ruit,
1090 392 1151 447 turn
1168 384 1325 451 frustulum
1350 408 1472 473 parvum
1497 392 1597 455 seruis
1621 386 1730 471 suillus

67 480 213 553 repetunt,
228 474 396 531 oceisnrmn
414 490 485 535 uero
500 478 707 540 nummismata
723 474 868 555 Princeps
925 473 1031 555 injicit,
1050 472 1166 557 hocque
1184 478 1253 543 cibo
1272 478 1411 545 domiuus
1429 478 1578 545 interdum
1591 496 1660 555 en
1674 500 1731 545 ser

65 567 192 627 retinere
219 562 309 635 solet,
335 572 425 645 atque
451 566 493 627 itu
525 571 692 631 occisorum
716 584 866 629 numerum
925 568 1022 627 servis
1043 574 1200 631 contentus
1221 576 1301 647 vivit,
1320 572 1400 655 quod
1419 578 1446 637 si
1474 570 1613 635 dominus
1639 570 1729 637 nme

65 658 232 737 cognoscit·
925 658 1001 719 licus
1023 662 1145 723 rtimium
1163 660 1260 736 fuerit,
1279 672 1372 727 totum
1392 668 1554 739 consumit,
1574 666 1654 729 seni
1679 686 1728 731 su·

140 748 267 811 Nobiles
290 756 387 809 autern
413 770 526 825 omnes,
555 752 716 833 tingentes
735 760 767 813 et
789 750 865 815 Coo·
925 760 986 813 tem
1006 750 1168 835 aliquando
1188 752 1229 815 ad
1253 764 1353 817 totum-
1372 754 1475 819 bidnm
1498 754 1663 821 triduumve
1682 760 1728 841 je·

64 842 169 905 siliarii
190 837 265 903 adeo
286 836 700 928 durasernitutepremuntur,
720 852 754 907 ut
768 864 865 925 quem
921 846 1039 925 junant
1061 844 1202 908 Farinam
1222 850 1312 909 etiam
1332 844 1370 907 de
1390 866 1484 909 arena
1495 846 1644 913 subtiliter
1651 870 1729 914 eom·

65 952 181 1013 cunque
200 928 278 1013 apud
296 953 332 995 se
353 936 384 995 in
403 935 472 999 aula
491 958 562 1001 esse
582 939 669 1011 velit,
688 938 736 1000 vel
755 940 785 1000 in
806 935 866 998 bel·
925 938 1056 999 molitam
1077 938 1188 1001 babere
1207 938 1315 1013 solent,
1335 940 1423 1019 cujus
1442 936 1554 1023 aliquot
1582 942 1730 1007 coclearia

65 1026 125 1085 lum
145 1027 196 1095 ire,
215 1032 266 1087 aut
285 1024 462 1105 legationem
484 1028 611 1112 aliquam
631 1031 715 1093 obire
730 1032 866 1112 jusserit,
925 1034 1062 1111 pransuri
1073 1033 1104 1091 in
1114 1030 1262 1093 cistellam
1272 1034 1434 1115 imponunt,
1451 1028 1626 1115 modicoque
1636 1054 1731 1117 aquae

64 1116 96 1179 id
115 1116 280 1199 sumptibus
298 1121 364 1181 suis
383 1118 483 1183 iacere
508 1126 632 1203 cogitur.
663 1120 793 1197 Quando
817 1140 866 1183 au·
926 1117 1098 1184 distillatam
1125 1120 1294 1187 comedunt.
1329 1122 1405 1185 Cum
1430 1132 1529 1187 autem
1554 1124 1666 1189 babent
1690 1126 1730 1189 sl·

64 1220 121 1270 tem
146 1210 273 1291 aliquem
298 1214 396 1291 magni
422 1216 550 1277 nominis
576 1220 669 1278 sirum
695 1213 734 1279 ad
759 1213 868 1275 bellum
926 1212 996 1275 lium
1017 1223 1068 1276 aut
1087 1236 1188 1298 cepas,
1208 1226 1270 1279 tum
1291 1214 1519 1279 faciiecaeteris
1534 1216 1731 1297 leguminibus

63 1300 252 1383 proficiscere
268 1303 364 1384 jubet,
387 1306 488 1369 literas
508 1328 581 1371 suas
601 1307 641 1371 sd
657 1308 737 1379 illum
748 1304 867 1369 manda·
928 1326 1029 1367 carere
1049 1318 1185 1387 possunt.
1207 1310 1310 1372 Duces
1336 1330 1408 1371 sero
1435 1312 1583 1373 exercitus
1609 1318 1641 1371 et
1665 1330 1730 1375 cae·

61 1397 153 1457 toriae
175 1399 279 1469 mittit,
305 1400 331 1458 si
353 1408 450 1459 autem
470 1400 517 1459 rel
536 1399 703 1481 prandens,
728 1400 776 1461 vel
802 1418 867 1459 coe·
927 1401 982 1459 teri
1005 1400 1125 1461 militiae
1144 1402 1286 1481 praefecti
1307 1402 1416 1463 lautius
1436 1400 1622 1483 aepulantur,
1648 1413 1730 1465 tenu·

61 1508 147 1559 tratre,
169 1486 358 1551 dormiensne
383 1502 562 1572 praeventus
588 1492 677 1555 luerit
703 1512 720 1555 a
747 1488 869 1553 tabella·
923 1492 1060 1571 jorisque
1079 1490 1214 1553 fortunae
1234 1490 1351 1555 nobiles
1371 1492 1410 1557 ad
1427 1491 1582 1575 prandium
1603 1494 1728 1561 inritare

63 1590 128 1641 tore
149 1585 246 1659 magni
261 1581 364 1651 Ducis,
385 1582 558 1664 litterasque
577 1585 685 1665 quibus
696 1582 736 1649 ad
755 1583 865 1646 bellum
927 1581 1035 1645 solent.

61 1672 253 1754 proficiscere
269 1674 393 1756 jubetur
412 1678 572 1757 acceperit,
595 1682 736 1739 contiuuo
753 1696 868 1758 apran·
1003 1674 1193 1739 Moscevitae
1212 1679 1366 1739 tormentis
1387 1676 1518 1750 bellicio,
1545 1688 1577 1742 et
1595 1680 1729 1743 bombar-

60 1766 111 1827 dio
132 1764 248 1828 lectore
274 1789 411 1847 surgens,
439 1788 544 1849 equum
574 1768 750 1833 tabellatore
778 1770 869 1850 inspi-
928 1763 976 1828 dis
995 1767 1189 1851 peditatuque
1214 1789 1362 1850 nimquam
1388 1770 1457 1830 olim
1482 1780 1551 1831 aute
1577 1792 1674 1835 annos
1691 1775 1731 1833 il)

60 1864 159 1921 ciente
178 1870 309 1923 armatus
335 1860 480 1933 ascendit,
501 1858 730 1945 mandatumque
757 1860 868 1923 Princi·
927 1860 1087 1923 utebantur
1115 1883 1193 1923 nnrrc
1213 1870 1311 1923 autem
1333 1860 1572 1943 frequentissime
1600 1873 1636 1925 et.
1655 1868 1729 1947 perl-

61 1957 164 2035 pisse
185 1965 372 2015 executurum
405 1954 544 2035 praebet,
574 1962 664 2035 atque
689 1958 736 2016 sic
763 1973 867 2015 omnies
927 1955 1044 2016 tissime
1064 1952 1237 2017 bombardis
1258 1964 1289 2015 et
1309 1958 1464 2015 tormentis
1486 1964 1615 2029 utuntur,
1635 1978 1729 2041 apro·

61 2049 110 2127 qui
129 2066 184 2127 per
203 2045 361 2108 facultates
381 2050 423 2107 rei
446 2046 599 2107 tnnnlmris
620 2056 750 2129 possunt
768 2066 868 2128 sump-
927 2044 1005 2125 fugis
1017 2046 1194 2129 quibusdam
1205 2048 1304 2119 italis,
1325 2046 1491 2119 Germanis,
1512 2046 1730 2133 Litbuanisque

60 2138 141 2201 tibus
162 2142 290 2221 propriis
310 2141 446 2203 militant.

140 2230 199 2293 Per
224 2232 359 2311 singulas
393 2252 510 2313 quoque
538 2234 710 2293 Provinciae
744 2250 869 2310 magone

60 2324 131 2387 Dux
155 2323 221 2387 filos
247 2323 387 2385 nobilium
413 2327 558 2405 tenujoris
585 2324 720 2387 fortunae
740 2326 868 2385 conscri-

61 2417 133 2479 bere
153 2416 240 2489 solet,
260 2424 293 2479 ut
312 2435 463 2477 numerum
489 2418 620 2491 illorum,
646 2425 678 2478 et
696 2426 769 2498 quot
789 2419 867 2499 quis·

62 2530 119 2591 que
140 2529 232 2590 equor
254 2529 290 2570 ac
309 2511 470 2571 servitores
481 2509 591 2571 babeat
606 2528 788 2589 cognoscere
801 2528 870 2590 pos·

61 2606 112 2675 sit,
132 2605 159 2663 is
180 2602 306 2681 singulis
319 2604 454 2679 exiguum
467 2601 646 2684 stipendium
655 2621 785 2665 annuum
799 2622 867 2663 con·

62 2694 153 2769 cedit,
174 2704 205 2757 et
224 2699 253 2756 in
272 2694 382 2755 bellum
401 2694 590 2775 proficiscere
606 2693 705 2774 jubet.

142 2786 291 2848 Omnibus
312 2796 410 2849 autem
429 2785 579 2849 nobilibus
599 2790 728 2868 propriis
742 2787 866 2866 sumpti·

62 2879 122 2941 bus
141 2878 334 2941 militantibus
355 2898 422 2939 raro
442 2880 527 2957 quies
540 2877 635 2948 datur,
656 2878 867 2959 rramfrequeu·

63 2980 110 3033 ter
122 2971 262 3033 bellaaut
282 2990 348 3031 cum
360 2968 528 3042 Litbuanis,
549 2968 722 3042 Livonibus,
743 2970 868 3031 Sueten·

61 3063 162 3137 sibus,
192 3064 240 3125 vel
271 3061 406 3125 Tartaris
443 3060 725 3143 Praecepensibus,
752 3061 869 3133 Turcis,

62 3156 189 3237 aliisque
209 3154 339 3217 finitimis
358 3153 498 3234 gentibus
518 3156 603 3233 gerit,
625 3157 654 3213 in
668 3152 787 3215 arcibus
799 3174 868 3234 quo·

63 3268 118 3327 quc
140 3246 356 3328 campestribus
378 3247 511 3309 Tartaris
523 3246 652 3306 finitimis
669 3250 717 3327 qui
732 3246 867 3319 Crimsci,

63 3340 253 3420 Praccopsci,
272 3338 483 3419 Nebeyscique
511 3336 648 3397 (licuntur
674 3341 776 3417 viginti
806 3338 866 3399 mil·

63 3434 102 3493 lia
123 3432 269 3493 bominum
289 3432 336 3493 vel
358 3432 425 3515 plus
446 3430 572 3509 singulis
593 3433 680 3490 annis
702 3430 800 3491 locare
820 3451 867 3491 so·

63 3525 114 3585 let.
137 3522 251 3587 Omnes
271 3522 398 3605 denique
418 3533 448 3585 et
467 3522 574 3601 singuli
596 3531 654 3583 tam
680 3522 866 3602 stipendiarii

64 3637 149 3697 quam
172 3618 318 3699 Principis
338 3619 463 3694 gratiam
484 3622 675 3697 expectantes
703 3618 731 3673 in
758 3615 866 3675 bellum

62 3712 190 3791 propriis
210 3708 377 3791 sumptibus
390 3712 431 3768 ire
443 3716 595 3785 cogerentur.
616 3690 687 3767 Nori
698 3706 867 3786 hujusmodi

62 3810 161 3863 autern
186 3802 355 3883 sumptibus
380 3810 468 3881 prout
491 3796 571 3879 apud
597 3818 653 3857 nos
678 3798 867 3861 dioscoritas

61 3900 90 3956 in
112 3894 219 3956 bellurn
238 3891 442 3973 expediuntur,
463 3912 530 3951 uam
544 3893 709 3971 quicunque
724 3892 867 3952 nobilium

60 3988 152 4049 babet
171 4006 226 4047 ser
239 4004 332 4064 equos
344 3992 374 4043 et
383 3979 507 4045 totidem
522 4002 637 4052 servos,
659 4002 746 4043 untrm
761 4004 868 4063 equum

60 4082 113 4159 qui
134 4081 212 4137 ritae
233 4078 405 4137 necessaria
425 4073 482 4135 icrt
502 4096 538 4135 es
559 4077 597 4135 iis
611 4074 710 4145 babet,
734 4078 867 4155 inprimis

58 4190 132 4231 vero
160 4167 270 4226 millum
294 4170 358 4227 sire
384 4168 482 4247 pultes
514 4170 658 4228 contritas
685 4170 715 4227 in
746 4166 868 4229 sacculo

60 4260 154 4323 babet
184 4255 293 4319 deinde
319 4258 425 4321 suillae
452 4260 550 4321 carnis
571 4259 683 4339 aliquot
708 4258 817 4329 intem,
838 4268 869 4320 et

62 4354 110 4417 sal
132 4355 162 4413 in
183 4349 305 4411 sacculo
335 4354 363 4411 si
382 4370 453 4411 vero
474 4348 563 4411 ditim
589 4348 691 4422 luerit,
718 4351 764 4411 sal
791 4372 868 4411 cnm·

63 4450 183 4507 mixtum
203 4445 306 4524 pipere
326 4440 405 4501 solet
424 4440 544 4515 babere,
564 4442 621 4503 bos
641 4450 740 4505 autem
765 4464 868 4505 saccu-

64 4540 111 4599 los
138 4556 204 4597 cum
234 4533 430 4613 leguminibus
458 4554 549 4615 super
575 4555 682 4617 equum
709 4533 798 4597 adid
820 4534 869 4595 de·

68 4630 174 4691 lectum
195 4630 305 4688 circum
324 4626 405 4705 ligat,
425 4634 579 4708 praetcrea
598 4632 802 4711 unusquisque
821 4648 867 4691 se·

66 4742 132 4784 cum
152 4720 208 4782 iert
228 4717 353 4788 lebetes,
374 4716 449 4779 olias
470 4736 595 4797 cupreas
614 4720 680 4777 sive
697 4740 811 4793 aereas,
831 4724 869 4781 ci·

927 2141 1078 2211 instructi,
1097 2160 1241 2220 arcesque
1261 2142 1379 2219 egregie
1405 2136 1504 2217 (dictu
1529 2144 1644 2217 mirum)
1663 2162 1730 2225 pro·

927 2240 1069 2311 pugnant.
1093 2230 1260 2315 Campestri
1280 2252 1350 2295 vero
1370 2234 1530 2295 certamine
1550 2252 1618 2295 cum
1642 2232 1730 2295 Polo·

928 2326 975 2383 nis
996 2332 1026 2384 et
1047 2322 1204 2385 Litbuauis
1223 2344 1291 2385 raro
1316 2322 1487 2403 confligunt,
1513 2344 1633 2407 semper
1652 2329 1731 2388 enim

927 2415 965 2475 ab
985 2420 1030 2477 eis
1049 2414 1219 2487 funduntur,
1238 2414 1362 2497 solaque
1382 2416 1515 2495 agilitate
1536 2426 1567 2479 et
1584 2416 1730 2483 industrie

927 2510 1038 2569 externi
1059 2508 1243 2569 Moscovitas
1264 2511 1382 2570 vincere
1406 2508 1518 2581 solent,
1538 2530 1606 2573 nam
1626 2530 1730 2575 omues

925 2600 988 2661 fere
1014 2598 1155 2663 dimicare
1182 2603 1329 2681 armisque
1355 2598 1548 2662 artificialiter
1576 2600 1730 2667 decertare

925 2696 1051 2773 imperiti
1072 2700 1151 2763 sunt,
1172 2694 1305 2772 exceptis
1331 2690 1507 2772 quibusdam
1533 2694 1730 2771 magnatibus,

927 2788 1024 2865 iisque
1048 2786 1216 2865 perpaucis.
1266 2781 1438 2842 Cavendum
1465 2792 1562 2844 autem
1589 2793 1637 2845 est
1663 2806 1730 2845 curn

926 2875 1035 2937 lllosco
1056 2872 1275 2953 congredienti,
1294 2880 1328 2934 nt
1347 2878 1439 2937 armis
1463 2877 1542 2937 scite
1562 2884 1674 2949 utatur,
1691 2898 1731 2941 ns

926 2972 956 3028 in
977 2986 1081 3027 manus
1104 2968 1171 3047 ejus
1189 2964 1310 3037 incidat,
1329 2962 1459 3029 brachiis
1480 2970 1572 3040 enim,
1598 2966 1729 3041 lacertis,

927 3070 958 3121 et
978 3068 1041 3121 toto
1064 3080 1189 3141 corpore
1210 3056 1410 3119 robustissimi
1428 3067 1509 3133 sunt,
1528 3058 1585 3121 sed
1604 3070 1667 3123 arte
1688 3060 1729 3122 di·

927 3150 1054 3213 micandi
1080 3150 1235 3232 plurimum
1268 3153 1431 3212 viricuntur.
1460 3152 1535 3213 'l'am
1560 3164 1658 3215 autem
1684 3174 1729 3216 ro·

926 3245 1005 3305 busti
1031 3254 1116 3316 sunt,
1143 3254 1176 3305 ut
1202 3262 1268 3303 cum
1293 3247 1373 3305 tersis
1398 3242 1549 3307 indomitis
1576 3254 1607 3307 et
1632 3245 1729 3307 ederis

925 3338 1039 3418 absque
1059 3338 1118 3396 ullo
1140 3356 1248 3415 genere
1269 3356 1423 3408 armorum,
1443 3339 1517 3399 solis
1537 3338 1726 3400 viribuscon-

925 3429 972 3491 fisi
985 3433 1107 3511 saepius
1118 3425 1259 3509 cortgredi
1279 3427 1417 3501 audeant,
1437 3450 1596 3513 ursumque
1614 3451 1668 3513 per
1679 3452 1728 3493 au·

926 3544 974 3584 res
1001 3530 1149 3603 arreptum
1174 3518 1285 3581 murdiu
1311 3520 1450 3601 fatigant,
1483 3520 1580 3585 donec
1604 3544 1728 3605 prorsus

926 3614 1110 3675 debilitatum
1131 3622 1331 3695 prosternant.

1000 3706 1085 3767 llaec
1104 3710 1264 3787 praecipua
1283 3726 1365 3767 arma
1384 3714 1456 3767 sunt
1475 3706 1583 3786 quibus
1608 3705 1729 3769 Mosco·

927 3803 1004 3861 vitae
1024 3803 1054 3861 in
1076 3798 1156 3861 bello
1176 3806 1304 3869 utuntur,
1324 3796 1463 3878 pharetra
1482 3801 1601 3876 sagittis
1612 3796 1730 3869 reiecta,

926 3912 1023 3964 arcus,
1042 3894 1169 3963 securis,
1188 3890 1309 3958 framea,
1328 3896 1458 3959 caestus,
1478 3886 1589 3949 cultelli
1602 3888 1731 3967 oblongi,

927 3982 1276 4064 quibuaireqnenterpro
1293 3978 1472 4059 pugionibus
1490 3988 1619 4041 utuntur.
1642 3980 1729 4043 biulti

927 4094 1043 4157 quoque
1058 4074 1170 4133 lariceis
1183 4072 1341 4153 praecipue
1355 4071 1482 4153 pedites,
1501 4077 1616 4153 equites
1633 4082 1731 4137 numm

927 4167 1016 4246 aliqui
1036 4164 1195 4225 hostilibus
1215 4162 1401 4225 beatioribus
1421 4173 1551 4237 utuntur,
1574 4164 1613 4227 ab
1633 4164 1731 4247 Unge-

927 4261 997 4319 ricis
1016 4266 1047 4319 et
1059 4255 1213 4318 Polonicis
1226 4252 1431 4322 dissimilibus.
1453 4262 1615 4321 Armantnr
1633 4268 1732 4321 autern

927 4350 1029 4411 loricis
1049 4349 1196 4429 oblongis,
1217 4347 1377 4431 aliquando
1396 4350 1575 4433 duplicibus.
1599 4350 1732 4423 armillis,

927 4444 1066 4513 toracois,
1087 4441 1249 4523 galeisque.
1282 4440 1385 4523 Equos
1403 4463 1512 4527 paruos
1523 4452 1672 4505 castratos
1684 4460 1733 4503 so·

929 4534 985 4595 leis
1007 4542 1145 4597 carerrtes
1165 4534 1284 4609 babent,
1305 4534 1388 4597 irena
1402 4538 1563 4607 levissima,
1583 4533 1733 4615 epbippiis

930 4646 1045 4709 quoque
1072 4630 1101 4687 in
1131 4648 1198 4689 eum
1223 4648 1308 4689 usum
1339 4624 1572 4691 accommodatis
1604 4634 1733 4693 utuntur,

928 4730 963 4781 ut
981 4740 1016 4781 se
1037 4724 1066 4781 in
1087 4740 1191 4783 omnes
1204 4729 1306 4801 partes
1320 4718 1434 4799 absque
1446 4714 1655 4797 impedimento
1671 4734 1734 4775 ver·

67 4814 230 4893 stellasque
251 4810 393 4893 epbippio
417 4809 564 4889 alligatas,
590 4829 715 4889 cumque
741 4832 869 4873 necesse
930 4821 1003 4885 tere,
1023 4832 1181 4894 arcumque
1202 4808 1355 4871 intendere
1378 4808 1465 4869 facile
1491 4808 1619 4889 possint.
1647 4802 1734 4867 Pedi·

67 4914 116 4967 eet
135 4907 233 4983 ignem
258 4899 426 4964 accendunt
462 4900 606 4981 ollamque
631 4920 767 4979 magnam
793 4922 871 4981 aqua
931 4901 989 4964 bns
1008 4912 1091 4965 curte
1110 4906 1247 4967 attractis
1266 4904 1351 4981 equis
1371 4896 1501 4959 insidere
1523 4896 1638 4972 solent,
1658 4896 1735 4963 adeo

66 4994 191 5075 replent,
213 4996 242 5053 in
262 5014 350 5075 mam
371 4994 442 5055 milii
454 5002 665 5055 tantumuuum
679 4992 804 5064 coclear,
823 4992 871 5053 vel
931 5002 964 5053 ut
983 4995 1093 5055 nulium
1112 4994 1228 5064 bastae,
1248 4992 1407 5053 lanceaeve
1427 4992 1567 5069 impetum
1586 4996 1735 5055 sustinere

65 5088 192 5171 pultium
218 5088 380 5167 imponunt,
406 5086 529 5169 saleque
554 5082 705 5149 conditum
730 5092 869 5165 coquunt.
932 5092 1050 5167 queant
1075 5084 1209 5165 Flagelio
1233 5082 1367 5165 plerique
1392 5090 1424 5144 et
1448 5088 1656 5157 communiter,
1677 5086 1734 5149 cal·

65 5173 236 5259 Aliquando
255 5188 432 5239 autemeum
443 5176 552 5239 laertius
565 5176 671 5261 aliquis
687 5196 869 5257 eorumepu·
931 5174 1050 5237 ceribus
1074 5196 1146 5235 cero
1175 5177 1349 5255 paucissimi
1376 5184 1507 5306 utuntpq.
1533 5178 1736 5239 Communiter
