3742 5626
132 172 191 233 ms
693 170 914 235 rtnroxtt's
938 162 1207 231 Posssvmts

143 336 190 395 eis
209 346 343 413 praeest,
364 336 413 393 ais
434 330 592 413 quidquam
611 332 739 405 scribat,
760 334 808 395 sel
825 353 947 415 respon·
972 342 977 401 1
1006 330 1094 404 dicia,
1106 344 1139 393 et
1148 332 1280 411 abyssus
1289 328 1475 393 multiformis
1483 330 1664 411 sapientiae
1674 324 1748 397 Dei,
1764 346 1808 387 ιιι

144 424 216 487 deat
234 430 287 497 iis,
317 429 366 505 qni
391 425 431 487 ab
457 430 586 487 externis
606 426 798 507 Principibus
817 429 948 497 norriunt,
973 420 977 435 '
1005 428 1109 487 sinunt
1127 424 1287 507 quidquam
1306 424 1454 485 occrdtun
1473 444 1534 483 non
1545 420 1696 493 metari,
1714 440 1753 481 ae
1764 432 1809 483 tn

145 524 216 599 qnin
237 518 369 595 Magnus
388 522 453 597 ipsc
465 518 542 589 Dux,
563 520 650 598 longa
673 524 759 592 satis,
783 539 879 599 neque
897 540 948 579 ue·
973 534 977 601 ξ
1007 516 1125 579 demin
1145 540 1247 581 eornm
1260 528 1351 599 capnt
1361 517 1489 579 malitiae
1498 514 1627 597 spicula
1648 518 1811 595 remrqaes

147 616 290 683 cessaria,
310 612 356 670 ιϊΙ
376 612 541 682 titulorum,
561 622 592 671 ct
612 634 707 673 rerum
730 616 948 693 propositamm
973 660 976 667 .
1007 630 1085 690 qnae
1113 616 1143 671 in
1163 612 1240 673 alios
1260 615 1428 692 intorquent
1448 610 1706 679 haeretici3sere
1726 624 1813 667 semer

146 710 330 787 repetitione,
350 702 458 763 dictet:
487 702 628 765 dictatum
655 702 765 767 deinde
784 708 949 767 seruatores
975 756 980 767 .
1007 702 1196 767 maledictum
1205 705 1352 787 Princeps
1372 706 1461 782 igitur
1477 713 1550 765 ante
1569 700 1750 762 biennium.
1764 704 1815 761 rire

148 798 290 868 Nnnciis,
319 808 371 858 ant
392 798 515 875 {regatis
540 802 587 859 sic
613 818 649 857 ex
674 803 789 879 scripto
810 798 950 865 referant,
977 802 980 881 l
1007 796 1088 877 quod
1108 796 1221 879 aliquid
1241 794 1425 859 inaudiverat
1448 792 1624 875 cjrmudi,
1655 792 1730 853 sire
1753 790 1815 873 qood

147 898 181 951 nt
198 893 316 970 partitis
335 889 637 957 interseseschcdis.
656 912 761 952 onrncs
781 890 951 951 ordinesna
976 884 981 908 ¹
1007 893 1074 949 stris
1092 902 1245 959 metueret,
1268 912 1306 949 ne
1325 908 1362 949 eo
1382 888 1527 949 termento
1547 885 1766 957 illicerentur,
1782 904 1815 947 ra

147 986 283 1043 recitent.
311 980 401 1058 erod
421 984 492 1043 milri
511 984 671 1064 aliquando
691 1006 746 1066 por
765 994 891 1064 quatuor
909 986 950 1041 iu·
978 976 982 1041 ἔ
1008 986 1130 1063 riasqnc
1140 996 1243 1045 sectas
1255 980 1483 1051 introducerent,
1504 998 1670 1041 concessa
1690 978 1757 1039 itti·
1772 976 1816 1039 dra

147 1074 348 1153 tegraahoras
360 1080 492 1155 contigit,
512 1098 578 1137 com
593 1076 789 1159 respondisse
798 1076 837 1139 ad
853 1079 952 1137 ormiia
977 1076 982 1151 Ι
1008 1076 1120 1155 templa
1139 1074 1273 1137 comburi
1293 1072 1458 1135 mandarit:
1485 1076 1601 1151 sicque
1624 1076 1660 1133 in
1682 1072 1817 1155 hypomn

147 1172 245 1229 mirina
264 1172 352 1229 narius
364 1168 455 1229 horae
464 1172 569 1249 spacio
582 1174 760 1251 potuissent.
782 1174 951 1249 Aratequam
978 1170 982 1189 '
1009 1170 1068 1227 stis
1087 1180 1206 1231 secreto
1232 1188 1283 1229 res
1307 1187 1381 1229 suas
1405 1176 1507 1245 agrum.
1541 1163 1644 1227 Hanc
1669 1164 1819 1227 mae-ti

147 1280 219 1323 nero
238 1264 364 1341 quisque
383 1260 494 1342 aliquid
517 1266 639 1335 recitat,
664 1262 893 1343 resurgentibus
913 1256 952 1321 ad
1010 1260 1157 1324 Romanis
1176 1264 1355 1342 opinionem,
1376 1261 1461 1339 qnasi
1480 1256 1577 1319 iidem
1598 1278 1751 1321 esse-u
1768 1282 1819 1323 cu

148 1350 300 1435 Principis
322 1374 429 1415 nomen
449 1352 601 1427 omnihus,
621 1353 712 1429 dicit,
740 1356 871 1437 Magnus
891 1354 952 1415 Do
1010 1353 1200 1428 Lntheranis,
1218 1354 1344 1433 aliisque
1363 1350 1539 1424 haereticis,
1559 1370 1706 1413 necesse
1725 1352 1781 1415 ten
1794 1376 1820 1415 er

147 1448 246 1507 mitius
276 1449 368 1507 totius
392 1446 538 1519 llussiae,
554 1452 651 1529 jussit
668 1450 723 1511 tibi
743 1450 875 1529 Legato,
904 1447 953 1507 vel
980 1478 983 1485 ·
1011 1446 1170 1529 Principis,
1192 1470 1229 1509 ac
1250 1446 1427 1507 Senatorum
1446 1447 1557 1507 animia
1579 1446 1740 1507 evellere:
1768 1466 1821 1509 cn

148 1534 269 1597 Nnncio
290 1538 359 1599 talis
378 1550 448 1607 etc,
468 1538 544 1601 haec
561 1541 680 1603 referris
704 1564 781 1623 quae
800 1563 857 1603 nec
875 1561 953 1601 ιιιιιιιι
1010 1539 1100 1601 nohis
1119 1561 1174 1622 pro
1193 1539 1343 1619 aliquibus
1366 1535 1611 1611 Sacerdotihrm,
1639 1542 1696 1621 qni
1721 1548 1821 1603 reim

148 1632 215 1711 lpse
235 1634 333 1709 pergit
352 1652 446 1713 usqne
466 1630 506 1695 ad
525 1632 613 1695 tinem
631 1634 772 1716 prolerre,
792 1632 953 1695 sedabat·
1011 1642 1116 1693 essent
1134 1654 1172 1695 ex
1189 1632 1292 1703 ltalia,
1318 1631 1415 1691 locum
1436 1630 1639 1710 petentibus,
1668 1636 1760 1715 prbe
1777 1654 1822 1693 ae

150 1732 215 1783 tero
234 1744 302 1785 mox
320 1726 517 1806 interceptus,
542 1748 579 1789 ex
597 1726 712 1789 scheda
730 1726 828 1789 eidem
846 1746 953 1808 propo·
980 1760 984 1811 Ι
1012 1736 1117 1805 gaeaet
1136 1728 1274 1806 praecise
1284 1723 1441 1803 Princeps.
1458 1742 1496 1785 se
1508 1724 1697 1787 Ecclesiam
1712 1746 1821 1789 αιαι·

149 1818 209 1875 eita
228 1820 321 1877 nectit
340 1824 566 1897 conmquentia.
596 1817 716 1881 Sedet
739 1830 822 1883 tanta
852 1822 953 1899 (qnasi
1012 1839 1128 1891 surum,
1155 1817 1213 1881 sed
1231 1828 1331 1881 tamen
1349 1824 1457 1897 postea
1476 1814 1591 1879 dixerit
1612 1838 1654 1881 oe
1672 1822 1820 1901 pn'mse

151 1906 291 1985 dixerim)
312 1908 455 1987 religione
475 1916 504 1973 in
525 1917 638 1974 mcnsis
658 1922 822 1991 asnnqnnt
839 1932 954 1983 omnes,
1012 1932 1086 1983 ιιιιιι,
1100 1912 1200 1993 aliqua
1209 1920 1242 1973 ut
1254 1914 1284 1971 in
1294 1907 1384 1970 domo
1393 1909 1567 1988 religionem
1580 1932 1677 1973 onam
1691 1912 1819 1985 colerem

152 2006 387 2083 quotiescunque
406 2002 553 2086 Princeps
572 2006 662 2067 alicui
681 2010 829 2087 propinat,
847 2004 896 2067 vel
915 2008 954 2065 ci·
1013 2004 1219 2087 Catholiciquc
1238 2002 1377 2065 Romano
1395 2005 1464 2073 ritu,
1486 2004 1587 2079 (ment
1611 2004 1669 2067 atii
1689 2006 1818 2069 Gemi

151 2094 222 2157 bum
240 2098 340 2167 mittit,
358 2094 432 2157 nihil
450 2106 485 2159 ut
500 2096 816 2179 arifiqninsrideantur
833 2097 957 2169 hahere,
1013 2102 1043 2159 in
1063 2118 1170 2179 campo
1188 2102 1264 2180 ipsis
1289 2096 1461 2176 assignato)
1490 2096 1717 2178 sepelirentur.
1750 2099 1818 2163 tlt-

152 2206 239 2269 qna·
258 2196 291 2249 ut
309 2192 368 2271 ipsi
396 2194 568 2264 curabilem,
592 2212 689 2271 neque
713 2212 843 2275 unquam
868 2196 955 2253 inter·
1013 2212 1086 2271 ergo
1107 2190 1146 2253 dc
1164 2200 1230 2255 tots
1247 2210 1281 2251 re
1300 2187 1439 2270 liquidius
1465 2187 1636 2265 docentes,
1665 2190 1758 2255 td·
1780 2212 1819 2275 pt-

153 2282 277 2341 missum
287 2280 425 2343 omatibus
435 2286 464 2343 in
476 2282 576 2355 rebus,
595 2285 736 2347 tributum
756 2288 956 2347 conserationis
1013 2285 1122 2347 blicam
1149 2304 1203 2366 pro
1228 2286 1305 2365 ipsis
1329 2281 1495 2345 catholicin
1522 2280 1774 2357 Saoerdotihu,
1792 2308 1819 2347 ar

152 2370 294 2454 pendant,
313 2394 351 2435 ac
372 2374 435 2437 lere
450 2378 525 2455 juge
543 2396 664 2437 suorum
684 2382 846 2439 aniumrum
865 2380 957 2439 sacri·
1015 2378 1239 2449 mercatoribus,
1259 2398 1316 2437 nec
1335 2396 1396 2437 non
1415 2374 1539 2435 alteram
1555 2396 1617 2455 pro
1637 2378 1776 2459 Legatis,
1791 2400 1819 2441 ae

154 2464 252 2525 hoium
272 2470 301 2526 ei
311 2466 444 2529 offerant.
466 2468 661 2539 Quantalibet
670 2478 769 2531 autem
781 2474 959 2531 auctoritate
1014 2470 1142 2533 Nrruciis
1184 2468 1379 2551 Apostolioac
1410 2464 1504 2527 Sedis
1541 2466 1759 2545 obtinui-nn,
1794 2484 1818 2531 at

154 2554 268 2639 polleat
285 2558 393 2638 aliquis
422 2563 495 2621 issi
514 2584 605 2639 grane
625 2564 691 2637 (aut
711 2562 790 2644 qnod
809 2583 900 2643 granc
919 2568 958 2625 ri·
1015 2566 1196 2643 ingressuris
1215 2565 1245 2622 in
1267 2561 1451 2622 hloscom'am
1470 2579 1566 2622 noun
1596 2562 1724 2627 linet-u
1755 2588 1819 2627 co}

155 2648 276 2727 dentur)
295 2655 494 2715 commiscerit
513 2658 638 2728 crimen,
660 2655 801 2736 jubente,
834 2656 881 2718 vel
909 2678 960 2717 an·
1017 2666 1141 2728 meatim,
1167 2675 1224 2717 seu
1249 2654 1325 2715 salvi
1345 2650 1511 2713 conductus
1531 2672 1569 2715 ca
1590 2652 1636 2717 de
1656 2676 1713 2729 re,
1731 2674 1821 2741 petere

155 2752 266 2805 nuente
290 2742 444 2827 Principe,
484 2756 615 2809 extremo
645 2749 793 2833 supplicio
813 2750 960 2830 plectitur,
1017 2772 1077 2811 raon
1097 2768 1175 2831 opus
1213 2748 1278 2809 lore
1306 2744 1454 2807 videatur.
1492 2744 1583 2823 Quae
1612 2748 1741 2831 quidem
1770 2772 1821 2821 res,

155 2856 193 2897 ac
213 2836 384 2917 piorumque
400 2842 430 2899 in
451 2860 557 2919 aquam
584 2838 782 2921 dernergitur,
808 2854 861 2905 aut
896 2864 960 2903 ver·
1019 2865 1037 2904 a
1069 2842 1224 2905 Clemente
1237 2839 1297 2903 vll
1315 2860 1383 2899 cum
1405 2838 1520 2901 Basilio
1553 2838 1653 2921 huju
1679 2840 1822 2927 Principii

156 2928 278 2991 bcribus
299 2930 436 2993 allicitur.
457 2931 525 2995 Noc
543 2944 642 2995 tamen
663 2934 693 2996 id
714 2956 809 3017 usque
822 2936 899 2999 adeo
911 2935 960 2997 de·
1018 2946 1103 3017 patre
1123 2945 1252 3006 tentata,
1284 2952 1344 2993 non
1364 2935 1461 3013 potuit
1485 2930 1525 2993 ad
1558 2936 1676 2997 exitum
1696 2938 1822 3017 perduci.

156 3018 257 3083 decori
269 3019 394 3093 ducitur,
405 3028 474 3105 quin
485 3031 573 3089 ctiam
584 3029 682 3089 allecti
694 3028 866 3090 verberibus
875 3028 960 3091 Prin·
1018 3025 1083 3091 Sed
1104 3036 1135 3089 ct
1166 3030 1338 3097 transitum,
1375 3034 1466 3107 atque
1486 3028 1606 3101 itineris
1637 3028 1747 3093 Duces
1775 3054 1824 3113 per

156 3116 215 3194 cipi
237 3118 350 3191 gratias
370 3127 472 3195 agarai.
502 3118 598 3181 Porro
617 3120 656 3181 ad
681 3122 772 3194 baec,
797 3144 874 3203 quae
902 3132 960 3183 tra-
1017 3142 1102 3183 snam
1122 3120 1263 3182 ditionem
1283 3118 1433 3199 pollicitus
1458 3128 1507 3181 est
1531 3118 1684 3203 Princeps
1708 3124 1825 3187 maden

157 3205 275 3269 ctandis
297 3207 397 3281 rebus,
417 3222 446 3271 et
458 3211 653 3275 insimrandac
672 3216 817 3293 religioni,
837 3236 896 3275 non
909 3218 960 3276 mi·
1019 3219 1067 3286 iis,
1079 3234 1156 3294 qnos
1181 3212 1321 3275 Pontifex
1335 3210 1486 3273 Maximus
1512 3215 1544 3273 in
1573 3216 1679 3279 Asiam
1700 3218 1818 3277 minere

158 3302 236 3361 ninia
256 3298 349 3362 rideri
370 3309 486 3382 possut
507 3305 707 3377 incommoda,
727 3306 860 3379 accedit,
880 3306 960 3388 quod
1014 3305 1174 3388 judicaret,
1194 3303 1351 3386 siquando
1364 3303 1640 3387 promovendum
1657 3326 1729 3371 csse
1747 3306 1822 3371 lidci

158 3413 224 3453 cum
244 3394 349 3471 hepati
372 3395 522 3477 Principis
545 3398 663 3459 l'ilnam
695 3420 798 3481 saepe,
826 3400 960 3480 aliasque
1017 3402 1182 3478 negocium,
1202 3420 1256 3479 per
1274 3418 1328 3459 eas
1346 3402 1487 3477 regiones
1507 3408 1657 3461 censum.

157 3482 342 3546 adl'olonici
355 3485 645 3563 lle-giril'rovincias,
661 3487 699 3551 de
719 3513 803 3572 pace,
820 3490 959 3554 induciis·
1093 3492 1160 3554 dam
1182 3489 1262 3572 quod
1281 3495 1389 3553 attinet
1407 3488 1447 3553 ad
1457 3490 1596 3565 Sacnrm,
1618 3490 1757 3557 offidave
1775 3493 1818 3557 bi

157 3596 194 3637 no
208 3579 959 3665 iverint,variasessolracrcticommsectas,qnibm
1017 3588 1085 3645 vina
1114 3586 1190 3647 haec
1210 3587 1307 3645 onmia
1329 3584 1505 3655 Ruthenice,
1523 3604 1583 3647 eeu
1604 3588 1710 3667 potino
1730 3586 1828 3667 lingna

157 3690 194 3731 ea
214 3672 454 3745 (forinsecam,
474 3688 663 3755 acceperunt.
690 3678 793 3755 Quare
812 3686 843 3738 et
862 3676 902 3739 de
921 3680 959 3739 iis
1018 3678 1215 3739 blasconitica
1233 3680 1402 3738 recitantur.
1416 3698 1493 3757 qnae
1505 3676 1570 3739 lere
1581 3698 1713 3760 prorsus
1725 3678 1827 3743 cade·

158 3762 270 3835 dicunt,
290 3764 380 3841 Quod
401 3788 486 3827 arianae
506 3767 640 3841 credunt,
661 3768 692 3830 id
712 3792 729 3831 a
749 3768 873 3852 prandio
895 3792 959 3852 per·
1018 3780 1075 3841 est,
1095 3792 1153 3851 qua
1172 3767 1285 3832 subditi
1305 3768 1450 3831 l’oloniae
1471 3770 1569 3849 Regis
1587 3770 1727 3835 Ruthcni
1747 3786 1825 3835 ntur·

157 3876 284 3935 raegare:
313 3867 345 3920 ct
374 3858 522 3939 ejusruodi
552 3883 623 3923 essc
644 3862 817 3925 catholicos
847 3884 959 3938 omnies,
1017 3872 1075 3925 tur.
1106 3863 1215 3927 Libros
1234 3872 1333 3925 autem
1353 3884 1457 3925 onmes
1477 3865 1535 3943 ipsi
1557 3862 1758 3939 describunt,
1777 3888 1828 3929 nec

156 3960 246 4031 atquc
265 3950 342 4013 adeo
360 3956 457 4034 ipsum
479 3954 621 4016 l'oloniac
632 3955 746 4035 Regem
764 3956 960 4037 Stephanum,
1018 3960 1099 4037 typis
1119 3953 1245 4026 cudmrt,
1272 3956 1329 4015 nisi
1354 3974 1421 4015 carm
1442 3974 1496 4036 pro
1514 3958 1583 4036 ipso
1603 3964 1727 4019 tanum·
1749 3960 1827 4023 Prin

156 4046 234 4105 satis
253 4044 448 4107 allirmalmnt,
471 4046 535 4107 Sed
555 4048 612 4109 hoc
631 4049 699 4121 illis,
721 4059 751 4110 et
761 4050 960 4111 seruatoribus
1018 4052 1078 4129 cipi
1097 4046 1209 4127 aliquid
1228 4047 1329 4129 praelo
1349 4047 1524 4128 subjicitur,
1545 4050 1575 4109 in
1595 4049 1733 4131 oppido,
1753 4050 1826 4136 med

157 4146 331 4199 constanter
355 4143 526 4201 cxc-nunnus,
566 4142 642 4201 Cum
673 4153 771 4203 airtcm
798 4142 960 4205 Luthcrani
1018 4138 1152 4203 Stoboda
1166 4138 1412 4203 Alexandressba
1438 4138 1561 4211 dicitnr,
1592 4140 1647 4203 ubi
1676 4144 1826 4229 'fs-pogn-

157 4250 194 4289 ex
214 4228 387 4299 Germania,
414 4242 445 4293 ct
465 4233 630 4295 (falvinioni
661 4236 824 4316 reliquique
842 4256 878 4296 cx
897 4236 958 4295 An·
1018 4235 1117 4316 plaiam
1138 4232 1244 4293 habet:
1265 4230 1353 4312 idque
1373 4232 1513 4313 oppidum
1534 4238 1706 4313 nonaginta
1719 4241 1826 4303 italicis

157 4320 227 4395 plia,
248 4325 276 4379 in
288 4322 442 4385 hlosconia
461 4326 577 4388 soleant
600 4326 710 4388 hahere
722 4331 908 4399 commercia,
928 4328 958 4389 bi
1017 4326 1192 4389 milliaribus
1204 4346 1281 4406 quae
1293 4329 1351 4407 ipsi
1371 4324 1499 4387 Vcrstas
1520 4328 1826 4403 nominant,hloecrt

152 4416 215 4495 jam
237 4411 287 4473 din
313 4412 372 4475 duo
398 4418 507 4497 templa
529 4419 732 4489 obtinuerant,
756 4424 875 4481 rinmine
900 4420 959 4481 Ro·
1018 4418 1119 4481 distat.
1144 4420 1283 4479 Ceterum
1308 4438 1384 4498 quos
1405 4421 1461 4498 ipsi
1483 4418 1576 4481 libros
1594 4418 1663 4481 lere
1684 4422 1828 4493 lectitant,

157 4528 263 4567 raannae
282 4508 445 4587 roligionis,
466 4514 513 4570 cui
533 4532 604 4571 sese
624 4530 695 4571 esse
714 4509 862 4584 addictos,
884 4516 960 4573 iutcr
1017 4522 1070 4575 aut
1093 4515 1182 4575 etiam
1207 4512 1364 4592 peritiores
1383 4510 1525 4573 Moraachi
1553 4524 1695 4589 ucrsant,
1731 4538 1828 4581 eoru

157 4600 234 4663 banc
250 4610 378 4679 gentem,
401 4624 496 4664 rennn
508 4606 629 4663 istamm
641 4602 719 4665 haud
740 4608 959 4684 peritissimam,
1017 4609 1145 4675 nomina,
1165 4612 1306 4684 quantum
1327 4603 1384 4665 boc
1394 4614 1527 4685 tempore
1535 4610 1661 4686 assequi
1677 4616 1830 4689 potuimus

152 4695 337 4771 jactitarant.
356 4696 426 4757 Non
449 4698 505 4757 levi
526 4696 751 4757 ccrtoSatanoc
764 4706 832 4757 astu
851 4700 901 4777 qui
922 4718 959 4759 ea
1017 4706 1103 4759 erum
1123 4700 1153 4757 in
1165 4696 1257 4757 (laice
1273 4695 1363 4775 liujus
1383 4700 1561 4759 narrationis
1580 4696 1757 4783 adscripta,
1778 4724 1831 4767 um

155 4790 270 4847 ratione
291 4788 337 4849 vel
356 4792 394 4848 iis
407 4791 567 4850 conciliare
580 4792 795 4861 auctoritatem,
815 4793 958 4870 qtmsics·
1017 4811 1084 4853 cum
1104 4790 1219 4851 illorum
1241 4787 1430 4860 Calendario,
1451 4810 1488 4849 ex
1506 4792 1709 4874 quointelligi
1723 4800 1832 4879 possit.

153 4890 224 4939 sem
243 4881 406 4955 Catholici3
438 4883 484 4943 vel
505 4886 533 4943 in
556 4882 729 4945 catholicos
749 4880 959 4953 dissensionis,
1017 4904 1139 4965 quorum
1149 4884 1367 4944 armivcrsarios
1383 4879 1449 4943 dies
1459 4880 1640 4945 sanctourm
1664 4888 1833 4957 celebrant,

155 4978 245 5049 atque
264 4974 379 5035 illorum
392 4975 590 5057 improbitatis
602 4975 718 5054 eulpam
739 4978 890 5055 conjicere
910 4996 958 5037 co·
1016 4977 1064 5037 vcl
1085 4980 1154 5036 item
1174 4976 1306 5045 aliorum,
1335 4994 1457 5055 qnorum
1477 4980 1623 5039 sanctitas
1646 4980 1776 5046 Lafinis
1805 4996 1832 5045 et

155 5062 297 5123 nubatur:
327 5078 359 5127 ut
386 5068 524 5129 videlicet
547 5071 659 5129 nostris
692 5066 730 5129 ad
762 5073 869 5130 ostium
890 5067 960 5131 fidei
1018 5072 1145 5131 Graccis
1163 5064 1288 5129 necdum
1311 5068 1445 5126 innotuit.

155 5154 344 5237 paradendum
364 5160 463 5222 aditus
485 5160 682 5239 impediretur.
705 5158 769 5221 Sed
789 5184 896 5239 aroanna
912 5166 958 5241 ju·
1095 5159 1185 5229 Quod
1203 5168 1299 5222 nutem
1321 5163 1348 5219 in
1370 5178 1425 5217 sno
1447 5158 1484 5219 dc
1501 5159 1659 5225 llloscnsia
1673 5167 1830 5231 Conmen-
