3742 5626
754 152 1023 213 contremebat.
1681 156 1714 210 i'l

60 325 117 383 lter
135 321 177 382 illl
195 324 317 403 propter
343 319 484 378 tumrultus
514 312 639 375 bellicos
670 318 771 371 tenere
803 328 860 369 urm
918 329 1045 381 cassem,
1067 328 1251 389 nequaquam
1270 307 1410 369 transitus
1437 308 1523 368 nobie
1549 326 1724 384 concessus⁴

62 421 193 497 possent,
213 411 293 475 ellud
313 413 368 472 iter
386 410 501 488 lougius
521 405 648 489 quiden,
667 404 807 464 actulius
819 404 861 463 ln·
919 406 1034 467 luisset.
1057 405 1264 481 Interrogatus,
1274 401 1343 484 quid
1353 402 1436 462 Semi
1448 402 1628 461 obtulisset?
1647 421 1713 462 are·

61 528 184 589 grecam
204 507 316 566 luisse:
336 525 372 565 ac
390 503 513 585 primurn
533 500 652 581 quidem
664 495 861 573 echroger·
918 518 974 559 uae
995 496 1116 558 larinum
1135 498 1241 576 butyro
1259 496 1445 576 permixtam,
1473 515 1562 575 super
1586 490 1713 571 lapidem

61 603 111 664 dle
131 601 170 663 ad
191 600 269 660 ostls
284 596 399 658 llvinee
423 614 460 656 ac
479 592 606 662 Putirlo,
626 590 738 651 difficili
763 587 860 649 admo·
918 612 1003 673 quem
1029 593 1194 672 prominere
1219 589 1361 661 vidimus,
1386 610 1421 649 sc
1447 588 1563 649 fudisse
1588 587 1714 649 dicebat.

61 697 131 757 dum
152 695 255 754 itinere
274 690 458 773 pervenisse.
479 686 608 748 Dicebat
617 688 714 745 autem
727 684 782 743 iter
791 680 859 750 boe,
917 685 1029 746 Postea
1049 704 1113 744 cum
1140 686 1181 743 ita
1206 684 1385 761 nauigarent,
1420 682 1501 743 aliud
1526 684 1631 760 ingens
1649 702 1714 762 pro·

62 788 142 870 quod
161 788 200 847 ob
218 783 369 847 molestias
392 788 422 842 et
447 780 565 841 labores
596 795 759 856 nuncquem
785 772 860 835 salis
917 779 1099 847 montorium,
1119 776 1222 839 blotlre
1241 778 1368 846 nominc,
1387 776 1427 837 ad
1451 775 1626 858 peninsulne
1647 794 1715 857 spe·
1776 842 1781 849 ,

63 881 203 941 detestari
223 883 341 959 poterut,
361 896 434 937 esse
453 875 555 955 specio
582 876 775 932 trecentorum
802 865 860 927 mil.
917 874 992 933 ciem
1011 871 1086 951 ipsis
1106 870 1286 929 occurrisset
1307 871 1336 930 in
1350 871 1435 951 cujus
1446 871 1629 931 extremitate
1643 868 1715 931 Ber·

63 972 246 1035 Conscensls
273 969 402 1049 denique
426 971 456 1028 in
481 966 598 1028 Driuae
622 964 708 1024 ostiis
734 966 860 1041 quotuor
917 964 987 1026 thus
1007 970 1144 1033 castrum,
1163 963 1240 1041 quod
1260 963 1467 1045 praesidialem
1489 961 1603 1023 domum
1625 964 1716 1043 signi·

63 1066 213 1135 naviculis,
234 1065 316 1125 lilim
336 1062 452 1124 Oceani
477 1060 610 1120 dextrum
631 1078 666 1117 σθ
693 1051 859 1132 navigando
918 1061 993 1127 licat,
1014 1062 1107 1119 esset.
1132 1055 1251 1117 llubcnt
1270 1059 1345 1117 onim
1365 1056 1405 1116 ibi
1424 1076 1511 1135 regce
1529 1056 1716 1135 Nordveglne

61 1161 203 1229 roootsso,
222 1157 323 1236 ibique
343 1161 458 1217 montes
468 1154 544 1215 altos
554 1158 720 1232 streperos
731 1147 859 1207 vidisset
917 1151 954 1213 oo
969 1149 1172 1211 dotcrrdonooo
1184 1150 1267 1220 finos,
1288 1150 1410 1210 militaro
1422 1149 1610 1231 praestitum.
1637 1149 1715 1211 Tao-

61 1251 178 1313 tandem
201 1250 347 1312 conlectis
368 1249 406 1308 ld
414 1246 575 1307 miliaribus
594 1246 721 1323 sinuque
732 1239 860 1322 quodem
917 1250 1083 1305 tonantem
1094 1246 1160 1325 ojus
1171 1245 1356 1323 promontorii
1368 1242 1576 1321 longitudinem
1592 1245 1621 1304 in
1634 1264 1716 1305 mere

62 1348 194 1427 trajecto,
206 1344 291 1404 littus
304 1344 457 1403 sinistrum
467 1339 679 1415 adnavigasse3
690 1342 778 1415 etque
791 1333 859 1393 marl
919 1358 989 1399 esse
1009 1338 1134 1407 dicebat,
1153 1344 1186 1399 ut
1206 1340 1254 1397 rix
1275 1342 1341 1396 octo
1358 1336 1465 1397 dicbus
1484 1336 1627 1396 circumiri
1647 1356 1715 1418 pos·

62 1438 160 1519 amplo
181 1460 200 1498 a
218 1436 331 1496 dextris
348 1434 461 1501 relicto,
481 1431 559 1511 quud
579 1429 742 1490 aPccaors
762 1427 859 1499 lluvio,
918 1438 981 1504 ερὲς
1007 1452 1065 1513 qna
1089 1451 1171 1491 mora
1196 1451 1234 1490 ne
1259 1428 1477 1510 impedirentur,
1504 1434 1534 1490 et
1562 1429 1714 1493 nevicnles

64 1528 310 1611 quemadmodum
341 1536 373 1588 et
399 1526 570 1588 ediscentes
600 1528 723 1593 montes,
754 1540 860 1581 nomen
919 1531 948 1584 et
968 1524 1132 1585 sarcinulas
1151 1544 1205 1605 per
1214 1521 1355 1583 latbmum
1375 1523 1483 1583 dimidii
1493 1523 1614 1583 milleris
1626 1525 1714 1585 inler-

64 1624 164 1695 babet,
190 1622 228 1684 ad
251 1620 426 1702 Flulappiae
449 1617 574 1700 populos
599 1617 786 1696 pervenisse:
811 1614 860 1695 qui
917 1620 1004 1687 vallo,
1023 1638 1130 1695 niagno
1150 1617 1250 1677 labore
1269 1616 1400 1676 humeris
1419 1616 1616 1676 traduxerunt.
1635 1616 1715 1677 Dein

63 1719 120 1777 etsi
142 1716 301 1776 humilibus
320 1716 349 1774 iu
368 1714 449 1775 cesis
467 1713 579 1791 passim
599 1708 761 1771 seeundum
779 1726 860 1767 merc
918 1712 947 1772 in
960 1710 1197 1791 Dilrilopporum,
1218 1710 1266 1788 qul
1286 1708 1339 1768 leri
1353 1708 1537 1788 lroppisunt,
1555 1710 1739 1795 regionem,

61 1810 204 1879 babbani,
225 1809 402 1887 sericamque
420 1804 729 1887 propemodunrvitam
741 1801 860 1871 ducant,
919 1806 956 1867 ed
976 1805 1072 1865 locum
1091 1802 1188 1863 Dront
1207 1803 1331 1872 nomino,
1352 1803 1400 1882 qui
1420 1802 1559 1864 ducentis
1578 1824 1597 1865 a
1616 1803 1715 1865 Drion

62 1903 133 1963 ieris
167 1909 264 1964 temen
284 1900 400 1981 Luppis
432 1904 502 1959 sunt
530 1898 756 1958 mansuetiores.
796 1892 860 1953 Eos
918 1900 947 1959 lo
974 1898 1209 1980 Septentrionem
1235 1896 1396 1956 miliaribus
1420 1896 1517 1965 abest,
1542 1899 1716 1977 navigasse3

61 1994 166 2054 blaseo
186 1994 347 2073 vectigales
367 2014 439 2054 esse
450 1992 576 2052 dicebat.
616 1988 735 2049 Relicta
754 1996 861 2068 postea
919 1998 1007 2073 atquo
1027 2012 1063 2051 eo
1087 2010 1184 2069 usquc
1203 1989 1375 2050 lllo'scoviae
1393 1987 1577 2071 Principem,
1600 1996 1634 2051 ut
1657 1992 1714 2073 ipal

63 2088 231 2169 chporum
252 2094 339 2157 terre,
359 2108 396 2148 eo
416 2086 584 2164 octuaginta
603 2083 764 2143 miliaribus
783 2081 861 2140 rrovi·
919 2090 1044 2156 narrant,
1062 2084 1169 2144 tributu
1193 2084 1312 2161 exigere
1331 2082 1438 2144 solere.
1477 2082 1605 2144 Relictis
1629 2104 1715 2166 porro

61 2183 180 2261 gerione
191 2180 336 2248 coercete
345 2174 526 2259 Nordpodoo
537 2177 695 2253 regionem,
714 2174 777 2252 rogi
788 2172 863 2233 soe·
919 2180 959 2239 ihi
979 2176 1270 2258 aequissumum
1290 2176 1403 2237 itineris
1426 2183 1504 2239 terra
1527 2176 1621 2239 trumo
1646 2198 1715 2239 coo

63 2275 303 2354 tieesubjectam,
315 2272 460 2350 attigisse.
475 2265 863 2348 HancRutlreuiKajenslrs
921 2272 1043 2334 iecisse.
1065 2270 1227 2332 Referebat
1247 2276 1410 2349 praeterea,
1430 2290 1579 2333 cervorum
1599 2272 1639 2331 ibi
1652 2292 1714 2353 gre·

61 2368 177 2437 Zcmla‚
204 2366 330 2447 populos
356 2384 424 2424 vero
450 2363 558 2443 Kaleni
590 2361 754 2442 appellant3
793 2358 862 2419 inde
918 2386 983 2446 gos,
1001 2371 1035 2426 ut
1053 2364 1130 2445 apud
1149 2364 1310 2434 nosboum,
1330 2383 1410 2434 esse,
1433 2362 1714 2446 quiNcrdregorun

63 2480 188 2521 emenso
207 2478 244 2519 ec
263 2462 400 2538 superato
419 2458 514 2518 littore
539 2455 689 2523 llexuoso,
725 2453 803 2534 quod
830 2453 860 2511 in
917 2456 1115 2539 lingusRhon
1135 2468 1288 2527 vocantur,
1307 2458 1714 2538 nostratibusqumwtun.

63 2552 200 2612 «lexim
219 2550 455 2633 protendebatur,
474 2548 513 2610 &d
531 2544 859 2631 pr⁰m⁰nl⁰rl¹1mq¹1⁰d·
918 2558 1027 2635 qncnto
1046 2554 1175 2634 majores
1195 2556 1278 2611 sunt:
1299 2551 1406 2628 quibus
1417 2544 1513 2632 Loppl
1526 2554 1592 2613 vlee
1600 2555 1714 2635 junen-

66 2646 143 2715 (lfflr
165 2644 242 2724 quod
264 2644 406 2706 &Belum
425 2642 539 2704 Nmm
559 2641 717 2724 &ppvllbssb
742 2660 778 2701 ⁸0
796 2660 860 2722 1³0¹·
917 2654 1013 2708 torum
1032 2651 1157 2715 utentur,
1178 2642 1235 2703 boe
1252 2642 1349 2703 modo.
1370 2642 1516 2704 Vehiculo
1536 2645 1565 2703 in
1584 2646 1716 2724 scaphae

64 2739 185 2799 venisse
216 2736 341 2799 dicebat·
384 2738 442 2798 Est
467 2742 565 2797 aulem
590 2736 721 2796 Sanctus
747 2733 861 2803 Nasus,
918 2741 1095 2823 piscatoriae
1115 2738 1236 2798 formem
1267 2735 1354 2806 lacto,
1384 2754 1488 2797 cervos
1503 2738 1645 2819 jungunt:
1685 2740 1714 2799 ln

64 2852 170 2891 saxum
190 2832 303 2907 ingens,
328 2828 366 2890 ad
392 2830 456 2889 nesi
484 2826 703 2888 similitudinem
727 2827 756 2885 iu
782 2846 861 2886 mare
919 2856 977 2916 quo
997 2831 1100 2903 bomo,
1125 2853 1162 2892 ne
1182 2832 1270 2891 citato
1296 2834 1446 2890 cervorum
1472 2850 1561 2891 eursu
1587 2831 1714 2903 excidat,

63 2924 249 3005 prominens:
269 2923 327 2982 sub
346 2944 405 3002 quo
424 2927 537 2981 autrum
551 2922 728 2981 vorticosum
747 2920 863 3003 conspi·
920 2927 1045 3007 podibus
1064 2926 1205 3004 alligatur.
1245 2924 1369 2995 borum,
1395 2944 1452 3005 que
1478 2943 1627 2986 cervorum
1652 2946 1714 2987 ‹arr-

62 3018 149 3087 orror,
169 3015 249 3097 qood
273 3015 399 3093 singolis
423 3036 480 3075 sex
504 3014 587 3075 horto
612 3034 690 3075 noro
714 3014 863 3083 absorbet,
919 3040 985 3082 som
1003 3019 1178 3089 moderant,
1197 3018 1330 3078 sinistro:
1352 3016 1456 3079 dextra
1474 3038 1544 3079 voro
1559 3039 1646 3079 nono
1665 3018 1715 3081 ba·

62 3130 100 3170 ac
128 3109 292 3170 alternatim
322 3128 429 3187 magno
458 3108 546 3169 solitu
573 3106 670 3170 reddit
698 3107 862 3187 ⁰v⁰nlitl¹¹⁰
920 3114 1015 3176 culum
1035 3118 1126 3183 tenet,
1146 3132 1204 3191 quo
1223 3110 1360 3181 vehiculi,
1380 3112 1406 3170 si
1432 3111 1506 3171 sorte
1532 3112 1561 3171 in
1586 3112 1715 3193 aliquem

64 3202 210 3285 ejusmodi
230 3201 407 3279 vongiuem.
426 3200 487 3262 Alii
507 3202 673 3263 umbilicum
691 3200 792 3272 muris,
811 3198 861 3261 ulil
919 3214 1030 3293 panem
1050 3206 1120 3288 plus
1139 3224 1235 3284 aequo
1254 3210 1402 3283 vergeret,
1426 3224 1527 3266 casum
1553 3207 1716 3281 sustineam

65 3295 244 3376 Charybdim
263 3294 375 3355 dixera-
416 3294 542 3356 Tauium
561 3302 658 3357 aulem
683 3293 773 3377 hujus
796 3314 861 3372 gur·
919 3308 1007 3382 atque
1027 3320 1063 3359 eo
1082 3297 1209 3359 velrendi
1228 3298 1451 3377 generemgiuti
1470 3298 1591 3360 millario
1611 3320 1715 3361 seurm

62 3391 135 3468 gitis
153 3390 212 3449 vim
231 3408 313 3460 osso,
333 3395 366 3449 ur
385 3408 478 3450 novos
496 3389 631 3469 abasque
650 3390 679 3449 in
700 3389 861 3470 propinquo
920 3395 969 3456 dio
998 3392 1181 3464 confecisse,
1206 3410 1382 3471 conumque
1406 3392 1525 3453 undem
1549 3391 1716 3455 dimisisse:

64 3503 116 3542 res
134 3480 301 3554 allreltcreb
322 3482 485 3543 involuerct
504 3488 593 3563 eique
607 3483 792 3544 absorberet:
813 3500 862 3540 ne·
920 3508 1007 3569 quem
1027 3486 1065 3546 ad
1090 3484 1238 3547 dominum
1262 3506 1348 3547 suum
1373 3486 1548 3567 stabulaque
1573 3494 1717 3549 consueta

65 3596 125 3655 que
143 3596 178 3636 sc
196 3596 324 3656 uuquam
343 3576 372 3635 iu
393 3577 493 3658 majori
505 3576 635 3658 periculo
646 3576 742 3636 luisse
753 3574 862 3658 ajebat.
921 3587 1026 3661 sponte
1046 3578 1190 3649 rediisse,
1207 3578 1342 3652 idicebat,
1384 3578 1431 3641 Eo
1462 3579 1581 3640 tandem
1612 3582 1716 3641 itinere

65 3668 143 3730 Nam
163 3671 274 3747 gorgite
293 3669 391 3730 subito
411 3668 599 3731 aoviolooror
611 3688 725 3740 osvero,
745 3688 802 3748 quo
814 3686 862 3727 os
920 3674 1064 3746 consecto,
1084 3672 1248 3753 senergea
1267 3674 1411 3735 ermetem
1421 3671 1617 3749 Nomvegiae
1636 3678 1717 3731 reor·

66 3763 223 3833 hebmb
241 3760 280 3822 Ml
299 3782 335 3822 ⁸⁰
353 3761 528 3836 &illabente
554 3764 605 3825 Vix
628 3782 735 3842 m³8⁰⁰
763 3761 862 3821 labore
921 3771 950 3829 in
960 3768 1200 3847 Septentrionem
1212 3768 1287 3827 inter
1295 3770 1413 3827 montes
1432 3762 1717 3845 positamdndcque

64 3854 260 3916 renitentibus
278 3856 369 3915 remis
387 3876 457 3917 sese
476 3858 622 3919 evasisse.
660 3856 807 3937 Superato
827 3854 862 3914 S·
921 3863 1099 3943 equitatione
1112 3862 1141 3920 in
1152 3858 1473 3939 Danismperreniese.
1492 3856 1629 3919 Celerum
1637 3858 1717 3941 apud

65 3948 161 4021 Naso,
179 3948 219 4010 sd
238 3947 383 4028 quendam
401 3956 529 4011 montem
540 3970 688 4021 sussum,
708 3968 793 4028 quem
804 3949 863 4007 ‘etr-
919 3956 1017 4017 oront
1035 3960 1065 4015 ot
1085 3954 1200 4031 Bergae
1220 3953 1248 4012 ἱῃ
1269 3950 1399 4011 solstitio
1417 3949 1567 4023 mvelt,
1592 3948 1659 4015 di„
1677 3954 1717 4014 vt.

68 4043 181 4102 cumirc
199 4041 361 4118 oportebat,
380 4046 565 4124 pervenisse:
605 4044 656 4103 ubi
680 4062 747 4103 cum
767 4042 863 4101 uentis
920 4050 991 4129 giuti
1010 4047 1132 4108 duarum
1152 4045 1287 4105 horarum
1307 4042 1503 4107 essedteitar,
1539 4042 1663 4109 Blasio.
1677 4046 1717 4111 21.

66 4133 240 4196 reflantibus
265 4134 377 4216 aliquot
400 4136 506 4197 diebus
527 4137 739 4207 detinerentur,
766 4140 863 4205 nuutn,
920 4150 966 4203 tor
984 4140 1130 4219 Principis
1150 4140 1305 4221 interpres,
1323 4138 1375 4219 qui
1395 4156 1509 4219 paucae
1534 4144 1603 4201 ente
1621 4161 1717 4203 annos

66 4230 180 4289 Saxum
202 4228 323 4309 (lnquit)
340 4228 397 4289 boc
423 4230 502 4311 quod
521 4232 654 4300 cernitis,
680 4228 789 4290 Semes
813 4246 862 4309 up·
920 4234 1086 4315 aPrinclpe
1106 4254 1161 4293 suo
1181 4230 1220 4293 ad
1240 4232 1400 4293 Caesarem
1419 4233 1449 4293 le
1466 4230 1639 4317 Rispaniam
1651 4236 1718 4296 mis·

66 4320 193 4403 pellant:
213 4320 368 4401 quodnisi
388 4324 626 4404 munerealiquo
651 4322 777 4383 euobis
802 4322 862 4403 plo·
921 4349 976 4390 sus
998 4328 1100 4399 luerat,
1121 4327 1277 4399 diversam,
1303 4328 1455 4407 magisque
1481 4327 1718 4408 conpendiariam

64 4420 163 4475 estun
183 4415 282 4488 luerit,
301 4415 379 4478 baud
401 4417 488 4478 lacllo
513 4418 751 4499 praeteribimus3
775 4434 862 4496 quem
921 4423 1033 4483 itineris
1053 4422 1100 4482 sui
1125 4422 1266 4483 rationem
1293 4420 1379 4482 nobis
1404 4421 1552 4502 exposuit.
1588 4419 1719 4482 Dicebat

68 4506 206 4581 lstlrome,
225 4511 263 4570 ob
282 4530 386 4572 renam
396 4512 634 4588 superstitionem
646 4531 682 4571 se
691 4512 863 4593 increpasse
921 4518 1007 4587 enlm,
1027 4536 1091 4577 cum
1117 4515 1154 4577 ed
1174 4516 1318 4578 Jounnem
1336 4515 1443 4595 {regem
1462 4514 1578 4575 Deniee
1603 4514 1717 4572 missus

66 4603 182 4685 ejebet;
202 4604 372 4686 increpatus
392 4608 481 4663 naute
502 4602 652 4675 subticuit,
672 4610 792 4685 totoque
804 4606 864 4667 illic
921 4610 1029 4671 luisset
1048 4631 1084 4671 ex
1102 4608 1264 4682 dioscoris,
1283 4608 1409 4669 Roston
1427 4626 1524 4686 usque
1550 4603 1645 4685 pedes
1669 4622 1717 4663 re

67 4694 221 4774 quatriduo
241 4699 270 4757 vi
290 4697 478 4778 tempestatis
490 4700 630 4767 retentos,
649 4700 745 4759 uentis
757 4705 865 4780 postes
923 4706 1020 4765 nisse:
1040 4706 1274 4785 conscensisque
1294 4698 1614 4766 corrumperemus,
1634 4694 1718 4757 aPe·

66 4789 299 4867 quiescentibus,
320 4791 457 4851 solvisse.
497 4788 631 4868 Cumque
649 4790 780 4851 secundo
801 4794 863 4873 jum
921 4798 1047 4858 roselon
1071 4816 1125 4878 per
1149 4796 1273 4876 Volgum
1298 4798 1326 4855 iu
1353 4792 1553 4853 Cestromow:
1591 4786 1718 4871 indeque

65 4880 136 4941 tlatu
155 4882 339 4955 rebereutur,
360 4884 528 4945 nauclenrm
541 4882 672 4945 dixisse:
690 4883 756 4943 Vos
767 4884 864 4945 udmo·
922 4896 1038 4973 septem
1058 4896 1138 4950 reret
1156 4888 1286 4950 terrestri
1306 4888 1409 4945 itinere
1420 4881 1614 4943 udtluriclum
1628 4902 1718 4965 quea·

65 4974 206 5039 ultionem
225 4996 317 5038 meam
339 4976 377 5037 dc
395 4977 540 5060 placando
558 4978 665 5039 Senes
691 4997 776 5047 suso,
803 4984 864 5039 rao·
923 4981 990 5043 dum
1010 5002 1045 5043 se
1067 4982 1253 5061 pervenisse,
1284 4998 1337 5058 per
1358 4994 1445 5056 quem
1465 4996 1532 5038 cam
1556 4977 1585 5037 in
1607 4975 1715 5056 Volog-

63 5086 155 5146 quem
174 5090 280 5131 renem
301 5072 537 5150 superstitionem
558 5070 737 5135 irridebatis:
758 5076 788 5131 at
807 5070 865 5133 niel
922 5074 989 5137 dan
1008 5076 1139 5153 primum,
1159 5070 1325 5135 Suebanen
1345 5070 1462 5145 deinde,
1482 5076 1513 5133 et
1525 5069 1661 5142 Drinum,
1679 5069 1717 5134 ed

63 5180 124 5239 ego
144 5167 232 5223 nocta
252 5162 329 5224 elem
354 5182 482 5227 moereo
507 5168 646 5248 scopulo,
672 5166 781 5229 Senes
805 5162 864 5247 pls·
922 5166 1037 5246 Berges
1076 5186 1172 5246 usque
1201 5162 1369 5243 Norregise
1402 5167 1519 5239 urbem,
1549 5164 1718 5244 esrigmset
