3742 5626
157 190 192 249 lli
753 180 936 246 ttrun'uts
968 181 1220 247 COBBNCELM

230 350 339 411 θιιιιιίιι
364 368 420 409 suu
446 350 565 427 uegetis
590 348 784 429 actionesque
805 348 959 427 ampricau·
1017 346 1208 427 snprsdictus
1217 346 1289 409 llus
1301 346 1474 409 Demetrius
1492 348 1620 429 stipatus
1641 348 1727 424 r,euu
1745 350 1824 431 equi-

155 454 202 507 tur
227 444 267 507 nb
288 444 474 505 invocatione
500 442 711 503 sanctissimae
737 448 768 499 et
789 436 960 501 individuae
1017 440 1109 512 tibus,
1129 439 1289 523 multisque
1307 443 1410 520 tregia,
1431 442 1480 521 qui
1500 441 1586 503 valde
1594 441 1761 505 solenniter
1781 464 1825 503 mc

155 538 312 601 Trinitatis
341 542 423 597 tarrta
449 554 515 595 curn
541 532 686 611 religione
718 540 860 612 tantaque
885 532 961 609 zela,
1018 534 1138 612 recepit,
1155 532 1231 595 alter
1249 534 1568 617 repetendoqnomado
1582 534 1730 597 Dominus
1749 554 1826 597 suus

156 642 188 693 ut
209 630 318 693 Vestro
339 628 510 691 llomiuatio
535 624 743 689 illustrissima
769 622 961 687 credereris
1018 626 1216 688 libentissime
1234 626 1394 689 adveutum
1422 648 1519 689 neum
1551 627 1763 699 intellexisset,
1791 648 1825 689 sc

155 734 252 807 quaeat.
310 718 578 799 Quaadragesimam
618 720 785 781 universam
820 718 961 798 jejunant
1018 719 1099 799 qnod
1117 720 1255 781 misisset
1273 720 1380 801 ipsum,
1404 727 1438 783 ut
1460 720 1535 782 anibi
1560 722 1708 791 obviarat,
1732 726 1766 781 et
1788 722 1824 783 sd

155 818 241 881 valde
260 816 374 891 stricte,
394 813 466 875 nibil
486 814 565 875 cocti
586 808 794 887 comedentes,
813 814 871 873 uisi
892 814 960 893 quis
1017 832 1054 875 se
1072 813 1252 895 perduceret
1270 832 1338 875 curn
1357 815 1436 875 amai
1454 814 1556 877 debita
1571 836 1667 876 rerum
1687 832 1824 875 necessa·

156 912 255 973 lorsau
296 908 335 971 ab
380 904 537 971 adversam
581 902 781 967 valetudinem
825 914 959 985 cogatur.
1017 906 1125 967 riamm
1136 908 1313 986 provisione.
1348 906 1406 969 Cui
1425 928 1483 987 ega
1495 908 1635 989 respondi
1644 905 1823 987 rcpliesnda.

154 1002 393 1085 Quadragcsimn
431 1008 585 1081 praeterea
615 1002 747 1081 ipsorum
782 1020 841 1061 una
869 1000 960 1083 septi·
1017 998 1059 1061 lit
1076 1000 1125 1061 sio
1143 999 1374 1063 conscendimus
1386 1000 1513 1081 Trogos,
1531 1000 1824 1081 atqnctrnnsirinms

155 1118 242 1161 maun
272 1096 389 1175 longior
408 1102 456 1155 cst
475 1100 594 1165 uastra;
625 1092 733 1174 hicque
762 1095 851 1155 ctiam
882 1112 960 1153 ursus
1018 1112 1070 1173 per
1094 1090 1274 1155 Smoleuslro
1300 1094 1447 1156 civitatem
1474 1101 1601 1166 mamm,
1627 1100 1660 1155 nt
1685 1096 1823 1175 magnitu-

154 1200 205 1255 est
224 1188 423 1263 articulorum,
442 1186 550 1267 quibus
569 1185 692 1249 atrabis
707 1184 855 1248 didemut.
876 1182 960 1246 idem
1018 1184 1089 1247 dinc
1107 1185 1236 1249 Romam
1255 1186 1417 1267 adaequet3
1437 1210 1490 1269 per
1507 1188 1635 1251 mediam
1653 1186 1824 1249 dellnitllo·

155 1306 209 1369 per
227 1292 321 1347 totum
338 1280 498 1345 adveutum
518 1278 641 1353 faciunt,
660 1276 795 1341 vocando
811 1280 960 1361 jejunium
1018 1278 1189 1360 rystlreues,
1208 1286 1239 1341 et
1250 1301 1288 1341 co
1308 1280 1359 1342 dio
1380 1280 1563 1343 confecimus
1575 1280 1700 1343 totidem
1720 1300 1825 1363 nempe

153 1376 230 1441 illud
249 1378 285 1439 S.
308 1374 448 1457 Pbilippi.
475 1372 620 1434 slmiliter
634 1374 775 1455 jejunent
791 1374 960 1455 septimana
1016 1373 1202 1435 timilliaria.
1242 1372 1388 1452 Sequenti
1413 1394 1482 1435 vere
1509 1374 1560 1435 dio
1578 1373 1767 1436 confecimus
1791 1376 1825 1439 ll

153 1470 355 1551 Rogatianum
368 1466 556 1547 mediumque
569 1468 755 1546 Augustum:
773 1464 863 1527 Prius
875 1462 959 1539 illud,
1017 1465 1263 1537 aDrobobnsza,
1284 1472 1315 1527 et
1336 1468 1377 1527 ibi
1403 1468 1442 1527 bb
1461 1467 1569 1529 diebus
1593 1467 1718 1545 integris
1743 1486 1824 1548 prop-

150 1566 299 1647 jejunium
323 1562 360 1623 S.
387 1560 487 1637 Petri,
510 1562 661 1643 posterius
686 1558 744 1623 boc
762 1558 799 1623 B.
821 1558 959 1637 Virginis
1015 1566 1062 1621 ter
1080 1580 1172 1642 supra
1191 1558 1302 1621 dictam
1314 1580 1436 1621 causnm
1456 1561 1475 1621 i.
1497 1582 1523 1621 e.
1544 1560 1733 1622 devotionem
1745 1558 1823 1621 Prin

151 1660 298 1741 jejunium
318 1664 451 1717 vacatur.
1016 1654 1093 1733 cipis
1111 1654 1284 1725 mansimus,
1303 1675 1430 1736 eumque
1449 1653 1557 1715 ibidem
1581 1652 1733 1715 octiduum
1757 1654 1823 1715 sub

231 1750 270 1813 Et
294 1748 368 1811 lracc
388 1746 479 1809 babet
498 1746 609 1809 Vestra
628 1744 838 1810 illustrissima
856 1746 959 1809 Domi·
1015 1748 1211 1819 stitissemus‚
1237 1746 1412 1825 Magnitudo
1433 1768 1491 1809 sua
1516 1749 1595 1809 misit
1617 1747 1658 1811 ad
1687 1766 1739 1809 me
1763 1746 1823 1809 Ms-

155 1847 236 1907 uatio
257 1842 295 1905 dc
310 1840 401 1903 rebus
414 1842 545 1922 ipsorum
558 1838 775 1921 spiritualibus,
795 1860 832 1901 ex
850 1838 958 1919 quibus
1016 1841 1141 1921 gistrum
1170 1841 1269 1901 curiec
1294 1860 1377 1911 suae,
1408 1843 1461 1921 qni
1492 1840 1600 1903 dieitur
1628 1840 1699 1903 Dux
1718 1840 1824 1905 Micits

155 1937 320 2017 intelligere
351 1942 453 2017 potest
485 1932 659 2009 urauilcste,
694 1932 865 1995 facillimam
896 1951 959 1993 rem
1016 1932 1251 1995 Romanasicins
1270 1954 1336 1993 cum
1355 1933 1449 1995 altero
1460 1932 1547 1995 Duce
1569 1934 1607 1995 do
1628 1954 1687 1997 sno
1705 1946 1823 1997 secrm

155 2052 225 2095 esse
247 2028 398 2103 obtinere,
424 2037 455 2089 et
480 2030 510 2087 iu
529 2034 590 2089 tam
609 2030 741 2108 proxime
760 2024 959 2107 symbolizan·
1014 2027 1150 2103 consilio,
1170 2026 1408 2101 otCnucellorio‚
1425 2029 1557 2108 stipatus
1574 2048 1684 2109 magua
1703 2048 1824 2091 numero

154 2119 610 2197 tibnscencardarc,marimesi
624 2118 713 2182 idliat
727 2116 824 2181 medio
838 2114 958 2179 idonea·
1015 2120 1188 2203 liojarornm
1221 2122 1288 2181 sivo
1319 2118 1474 2191 nobilium,
1504 2122 1556 2201 qui
1585 2142 1693 2183 omnes
1726 2122 1824 2183 restiti

154 2238 218 2279 rum
231 2236 436 2301 personarum,
453 2236 530 2296 qrrae
543 2217 573 2275 iu
590 2216 657 2293 ipso
676 2215 821 2295 principia
834 2232 957 2293 perpen-
1016 2214 1135 2275 luerunt
1154 2233 1254 2294 panae
1272 2234 1312 2275 ex
1332 2215 1433 2275 aureis
1452 2223 1484 2273 et
1503 2216 1655 2294 argenteis
1672 2216 1733 2277 Mis
1758 2236 1822 2279 eoo·

155 2310 421 2381 dercscirent,uau
433 2304 778 2389 qrridtieridcberebsed
790 2302 862 2387 qrrid
875 2325 957 2385 prae·
1014 2316 1100 2369 texto
1119 2316 1151 2367 ct
1172 2304 1298 2385 pelliciis
1317 2306 1500 2369 Scebeliuis.

155 2406 228 2467 stari
250 2404 364 2483 possit,
383 2402 470 2481 qrrasi
491 2398 632 2481 parvulos
651 2396 808 2474 lactando,
828 2395 859 2457 id
878 2394 959 2479 quad
1092 2398 1219 2477 Legatio
1239 2400 1294 2461 luit
1313 2401 1400 2472 baec,
1419 2400 1501 2481 quod
1521 2402 1574 2463 ille
1593 2404 1738 2486 Princeps
1758 2424 1825 2485 nge·

155 2496 195 2557 ll.
214 2494 328 2559 l’aulns
347 2492 420 2555 lecit
439 2494 469 2553 iu
489 2496 554 2553 suis
573 2492 699 2553 novellis
711 2490 870 2553 Ecclesiis.
889 2488 958 2553 lam
1017 2496 1062 2553 ret
1072 2491 1756 2577 gratiasprobonare,qnernsueeMrgnitadiai
1770 2518 1827 2559 sus

155 2588 287 2653 Vestrae
322 2586 523 2649 llemiuatioui
565 2583 789 2649 illustrissimae
830 2582 960 2645 breviter
1018 2586 1171 2647 Gaesmee
1187 2584 1336 2669 lllsjestss
1354 2588 1529 2663 exhibebat,
1548 2588 1640 2653 nond
1658 2590 1738 2653 illan
1760 2592 1826 2653 mit·

154 2702 274 2747 rmrrarc
301 2700 439 2763 pergam,
469 2698 528 2761 quo
551 2675 640 2741 modo
660 2676 700 2741 ab
720 2680 796 2759 ipsis
815 2685 959 2759 acceptus
1017 2678 1390 2760 tendo,excnsaretquese
1403 2681 1604 2765 quodpropter
1612 2682 1825 2764 mpndtem·

155 2778 260 2841 luerim
282 2784 314 2838 ct
332 2782 487 2837 tractatus.
1018 2790 1141 2833 cauum
1161 2770 1263 2835 videre
1288 2794 1337 2835 me
1362 2794 1420 2835 noa
1447 2780 1558 2855 posset,
1579 2774 1734 2837 animando
1761 2796 1828 2847 me,

231 2870 308 2931 Cum
320 2868 522 2949 pervenissem
543 2864 582 2929 sd
603 2866 755 2929 civitatem
769 2866 861 2941 Orsa,
881 2884 960 2946 quac
1016 2872 1050 2927 ut
1070 2863 1212 2927 baberem
1236 2867 1424 2947 patientiam,
1453 2868 1551 2929 donec
1568 2888 1623 2931 sna
1644 2866 1828 2949 Magnitudo

155 2964 284 3027 celebris
316 2962 442 3023 babetur
471 2966 591 3043 prepter
622 2960 750 3021 vicinum
786 2959 893 3029 laeum,
930 2958 960 3019 ia
1018 2979 1067 3021 mo
1086 2965 1214 3021 noceret.

155 3078 214 3137 quo
239 3054 452 3135 Sigismundus
484 3056 506 3114 l.
528 3054 596 3115 lies
629 3052 773 3115 Poloaiae
797 3072 864 3113 cum
893 3052 960 3132 ipso
1097 3050 1217 3125 Quibus
1236 3074 1292 3135 ega
1311 3065 1450 3139 uuquam
1470 3056 1616 3121 secandis
1641 3060 1827 3121 comissariis

155 3148 326 3213 Muscarito
344 3166 528 3225 congressus
548 3146 612 3217 luit,
638 3164 790 3207 cursorem
816 3146 898 3205 misit
921 3142 961 3205 ad
1018 3144 1173 3226 replicavi,
1191 3153 1223 3209 et
1241 3152 1341 3226 rogaui
1360 3172 1425 3223 eos,
1445 3160 1478 3211 nt
1496 3152 1674 3233 proviribns
1692 3150 1826 3213 saissel-

154 3242 322 3307 Palatinum
342 3240 381 3302 do
401 3240 588 3311 Smolenseo,
608 3258 686 3319 quae
706 3238 812 3297 ciuitas
830 3238 869 3297 ob
881 3234 961 3297 Orsa
1019 3240 1081 3301 leut
1100 3240 1280 3303 audientiam
1300 3264 1393 3305 meam
1412 3262 1599 3325 promovere,
1624 3242 1708 3325 quod
1731 3264 1766 3305 se
1785 3242 1827 3305 la·

155 3336 250 3399 distat
269 3336 308 3397 ‘lli
327 3334 512 3405 milliaribus,
531 3332 663 3411 rogando
683 3332 755 3393 uelit
773 3350 854 3392 moro
873 3330 962 3393 solita
1019 3342 1122 3395 ctnros
1150 3336 1364 3415 promiserunt,
1398 3342 1429 3397 ct
1455 3336 1496 3401 ud
1527 3338 1687 3399 Dominum
1718 3338 1829 3399 cerasi

157 3428 196 3491 sd
216 3450 265 3491 mo
291 3424 490 3507 recipiendum
516 3432 547 3487 et
576 3424 803 3487 conducendum
829 3425 860 3485 in
893 3444 961 3485 eau-
1019 3432 1099 3503 sunt,
1119 3429 1170 3509 qui
1189 3428 1309 3491 octiduo
1328 3436 1397 3510 post
1414 3430 1537 3513 scripsit
1560 3430 1599 3493 sd
1619 3450 1668 3493 me
1688 3450 1768 3495 uass
1784 3430 1829 3493 l's·

156 3530 293 3603 spectum
313 3518 414 3597 lllsgni
438 3516 587 3601 Principis
606 3520 732 3592 mittere,
753 3528 785 3579 nt
812 3536 869 3596 ega
889 3518 962 3577 iute-
1022 3526 1105 3583 teres
1123 3523 1358 3599 gratiosissimus
1377 3526 1539 3585 summarie
1558 3522 1665 3585 cedem
1677 3526 1830 3587 confimo·

155 3618 210 3677 rim
230 3614 329 3675 orme
349 3632 526 3695 responsum
546 3620 758 3691 exspectarem,
777 3610 857 3692 qnod
877 3614 965 3674 tertia
1020 3620 1078 3685 tes,
1096 3634 1173 3693 qnae
1192 3616 1276 3696 prius
1295 3636 1347 3695 per
1364 3623 1498 3679 oratores
1517 3616 1744 3697 dictaluerunt,
1761 3620 1832 3681 ite·

156 3708 307 3791 disjunta
326 3706 506 3767 desiderium
529 3728 622 3769 meum
643 3714 826 3769 consecutus
846 3706 897 3767 lui.
1021 3706 1101 3788 quod
1120 3708 1247 3769 libenter
1266 3711 1367 3771 subito
1389 3732 1437 3771 me
1456 3717 1541 3773 esset
1559 3722 1737 3775 voceturus.

233 3802 394 3863 Proiectus
419 3802 519 3882 itaque
545 3822 582 3863 ex
609 3800 691 3863 Orsa
716 3802 836 3880 perveni
856 3800 896 3863 ad
922 3800 962 3860 lo·
1099 3802 1206 3863 l'ernm
1237 3824 1302 3863 eum
1328 3804 1368 3865 ob
1397 3806 1578 3885 superiore·
1610 3824 1741 3869 cauum
1773 3806 1833 3869 tsi

157 3916 224 3959 cum
243 3896 404 3957 distantem
427 3894 465 3957 12
475 3894 658 3957 milliaribus.
697 3894 845 3975 Sequenti
863 3900 962 3957 autem
1021 3894 1082 3957 boc
1101 3916 1160 3957 uon
1179 3902 1296 3977 posset,
1315 3908 1349 3957 ut
1369 3898 1447 3959 bano
1472 3918 1573 3961 mem
1598 3900 1704 3961 anino
1729 3906 1764 3961 et
1788 3918 1832 3981 ps

154 3990 205 4051 dio
230 3992 310 4053 circa
334 3994 429 4049 certum
454 3988 531 4049 solis
556 3989 653 4071 reperi
678 3988 806 4049 nobilem
832 4006 900 4049 enm
925 3988 965 4046 tu
1021 3988 1153 4049 tientium
1174 3989 1325 4062 haberem,
1344 3991 1485 4072 quodque
1504 3996 1612 4073 posteo
1628 3992 1755 4074 absque
1778 3992 1834 4055 ub

156 4086 249 4161 tregia
273 4084 341 4141 siue
367 4080 480 4151 liacbi,
512 4083 583 4161 quis
608 4088 651 4143 tat
676 4102 822 4164 personas
846 4100 963 4143 mecum
1022 4081 1165 4143 dilatione
1184 4103 1231 4143 me
1250 4104 1358 4145 vocare
1384 4085 1489 4160 vellet,
1519 4105 1556 4147 ac
1580 4086 1774 4167 prospicere,
1796 4092 1832 4157 d,

155 4176 256 4245 babai,
276 4178 326 4255 qui
346 4196 459 4235 summa
485 4174 596 4235 bonore
616 4196 662 4237 me
685 4178 812 4259 recepit,
836 4196 964 4236 summa·
1021 4194 1110 4255 qnam
1130 4177 1276 4237 citissime
1296 4176 1358 4237 lieri
1378 4188 1493 4257 posset,
1512 4176 1683 4255 expedirer.
1724 4178 1831 4263 Adsp-

155 4270 199 4331 ric
210 4268 324 4339 diceus,
344 4290 379 4327 se
395 4270 637 4329 commissionem
651 4269 691 4331 de
710 4290 757 4329 me
768 4268 963 4330 conducendo
1022 4270 1186 4330 ctaeetiam
1206 4268 1255 4329 bis
1274 4269 1381 4331 litteris
1400 4277 1484 4333 crant
1502 4270 1580 4333 aliae
1594 4272 1832 4350 gratiosiori-s

155 4378 186 4423 et
206 4360 360 4423 tractando
373 4362 542 4443 accepisse,
562 4368 671 4443 quauta
685 4363 791 4424 melius
810 4363 840 4423 id
860 4364 921 4425 illis
934 4364 964 4423 in
1022 4361 1198 4423 oblationes.
1238 4362 1306 4423 lam
1326 4384 1397 4424 vera
1417 4363 1591 4442 Magnitudo
1619 4364 1833 4429 enuntiarit·

156 4456 232 4519 locis
256 4456 318 4517 lteri
349 4461 457 4535 presset
482 4457 601 4534 optimc.
647 4456 687 4517 Et
706 4462 862 4539 propterea
883 4454 964 4537 quod
1022 4454 1080 4515 lroc
1105 4454 1187 4516 lecit.
1226 4456 1275 4516 Ac
1310 4477 1377 4517 cum
1402 4476 1458 4535 ego
1484 4458 1715 4539 processissem
1741 4470 1776 4521 ot
1801 4454 1834 4519 sl

155 4549 245 4612 uellet
265 4570 312 4611 mc
332 4556 363 4609 et
384 4570 433 4609 res
454 4569 538 4609 meas
556 4548 717 4611 transferre
741 4550 781 4613 ad
808 4550 877 4611 illas
901 4568 964 4609 cur·
1022 4554 1088 4628 ipso
1108 4550 1204 4609 tribus
1222 4554 1334 4610 lautam
1356 4551 1497 4613 abessen
1516 4551 1698 4613 milliaribus
1717 4572 1776 4635 per
1792 4570 1834 4611 ss·

154 4666 215 4717 run,
237 4642 413 4705 remittenda
433 4663 511 4713 men,
529 4650 561 4703 ct
580 4656 612 4703 ut
634 4646 765 4706 venirem
791 4662 895 4703 secum
921 4640 964 4702 bi·
1023 4641 1110 4703 licum
1130 4641 1278 4722 quendam
1304 4664 1391 4704 suun
1412 4646 1491 4705 misit
1519 4643 1591 4706 anibi
1615 4642 1703 4707 douo
1726 4650 1833 4709 αιιΐιΙ

154 4740 263 4809 lariter,
282 4746 413 4799 remotus
431 4738 470 4799 ab
491 4738 570 4799 amni
591 4760 672 4809 cura,
693 4760 729 4801 eu
756 4736 839 4817 quad
865 4737 965 4797 omnis
1023 4756 1090 4795 cum
1109 4737 1372 4818 oqnopuloerrimc
1390 4738 1533 4799 adornato
1546 4737 1624 4817 pelle
1644 4738 1835 4811 uratum

155 4832 227 4891 ruibi
246 4833 542 4893 subministrarentur
569 4832 742 4893 necessaria
773 4850 826 4909 pre
850 4830 964 4889 ratione
1022 4834 1163 4909 certaque
1182 4836 1283 4911 tapeta
1293 4832 1451 4907 Persiaoa,
1468 4830 1596 4893 dicendo
1614 4832 1701 4910 qnod
1722 4852 1775 4893 ne
1791 4850 1836 4893 ss·

153 4933 313 5002 temporu-
332 4924 515 4987 ctloeorum.
554 4924 613 4985 l'ro
633 4924 881 5005 qualiberslitate
901 4942 964 5002 gra·
1022 4928 1182 5003 spectaret,
1200 4924 1340 5005 quodque
1359 4927 1420 4985 cita
1439 4944 1507 4985 eam
1535 4926 1636 4985 oculis
1663 4928 1736 4987 suis
1762 4922 1835 4987 effi·

155 5017 214 5075 tias
234 5018 281 5091 egi
300 5018 424 5077 Summo
445 5020 584 5099 Principi,
604 5026 635 5079 el
654 5018 684 5079 id
706 5017 774 5085 leci,
794 5017 873 5099 quod
893 5016 965 5079 uribi
1021 5017 1163 5079 letaretur
1180 5019 1254 5093 (iste
1272 5019 1351 5079 enim
1370 5018 1469 5100 pbrssi
1481 5018 1600 5080 multu·
1617 5020 1775 5095 ιιῑιιιιίιιι),
1792 5032 1836 5099 pst

155 5106 209 5167 luit
231 5106 357 5169 dictum:
377 5128 472 5187 eoque
492 5110 541 5171 die
566 5116 587 5175 6
613 5114 749 5175 milliaria
767 5112 962 5173 confecimus.
1023 5112 1134 5191 quibus
1164 5132 1231 5171 cmn
1266 5114 1379 5189 gratias
1410 5132 1529 5190 agerem
1554 5112 1598 5173 uti
1627 5112 1833 5177 maronisltd.

152 5202 260 5261 ,lltcra
280 5218 350 5259 ιϊιιι
369 5202 419 5261 die
439 5206 466 5261 l.
490 5204 528 5261 ibi
548 5206 665 5265 alisiam
687 5206 785 5267 luctus
805 5204 859 5265 luit
878 5205 966 5265 uobis
1024 5226 1073 5267 mc
1093 5208 1209 5287 praeire
1230 5207 1299 5269 ueta
1318 5211 1389 5290 plna
1408 5230 1494 5292 quen
1516 5210 1689 5289 ltltltrsgis,
1712 5226 1830 5287 mrmqu
