3742 5626
149 206 208 268 dib
724 196 945 261 auronius
964 194 1236 259 possevinus

148 369 281 431 neoterio
304 370 476 446 superstes;
509 360 586 423 adius
611 382 698 437 vcro,
728 359 808 442 quod
833 361 955 423 biberius
1013 363 1088 441 ipsi,
1113 380 1180 421 eum
1210 360 1309 420 omnia
1326 354 1463 437 Principi
1482 372 1565 415 aeae
1585 352 1734 413 relaturos
1748 354 1793 433 pt

149 462 301 541 Principis
320 478 419 520 mores
435 454 687 538 reprehendisset,
707 475 766 516 uua
786 474 853 516 cunr
865 457 955 515 omni·
1013 458 1064 516 citi
1085 461 1189 516 essem
1207 454 1310 529 (sicuti
1330 470 1368 512 ea
1386 450 1458 528 ipsa
1476 444 1535 507 die
1556 440 1795 519 {ennodi

150 554 207 615 bun
226 556 292 615 suis
312 552 422 614 inisset
442 549 634 625 combustus,
653 571 691 611 ac
709 568 797 610 rueme
816 568 955 611 ennrma
1013 568 1110 610 rernm
1141 550 1241 629 capita
1270 566 1308 607 ex
1336 546 1452 625 scripto
1483 533 1734 619 respondeant,
1755 556 1796 617 μ

150 646 263 709 Christi
282 645 406 707 Vinaria
435 640 545 705 fuisset
572 640 773 703 couhrrnntus.
815 643 891 704 Tum
916 639 956 702 de
1014 644 1166 704 Antonius
1195 640 1313 722 atiquo·
1341 644 1412 699 aute
1449 630 1526 695 dies
1565 628 1708 713 Principi
1734 648 1795 711 pqr

150 742 276 801 ueritate
295 736 469 800 Catholicae
496 734 566 799 fidei
586 736 671 819 plura
690 736 790 796 locuto
810 738 954 809 Antonio,
1012 743 1124 798 suerat.

150 852 216 894 eum
236 852 325 895 aures
351 839 382 893 et
399 834 529 893 animum
548 828 714 891 Senatores
735 826 953 904 adhibuissent,

816 1546 1154 1705 (iiiiii,

880 1794 1082 1822 α*-

151 1934 385 2031 ouraus
410 1935 663 2033 onrraer,
690 1935 776 2009 nr
797 1933 1098 2011 Burnum
1119 1934 1156 2008 A
1196 1928 1473 2008 narinus
1504 1932 1596 2008 riu
1630 1928 1795 2009 anan

608 2112 802 2188 arnan
824 2108 1353 2207 nrsssussnunm

149 2298 349 2353 rosunuau
379 2300 421 2345 nn
446 2297 629 2344 acenssra
654 2296 865 2343 cnruonrca
898 2297 1039 2345 causer
1064 2292 1273 2343 naseruana
1299 2292 1468 2341 rnanrrn
1499 2294 1547 2341 an
1584 2298 1724 2345 raanan
1748 2298 1794 2343 tn

149 2447 264 2495 sasso
285 2448 500 2507 aaoennuu,
520 2449 657 2495 ananau
676 2448 833 2506 unsrun,
853 2451 982 2497 nanno
1003 2445 1217 2497 uoscouras
1236 2446 1336 2505 noer,
1360 2432 1555 2495 tuanen
1581 2434 1667 2499 1⁵82
1698 2448 1794 2497 rasin

148 2599 422 2647 saranescum
457 2600 597 2655 nunnus
627 2598 762 2650 annuus
791 2600 983 2661 aurneina,
1012 2600 1056 2647 ar
1087 2598 1249 2646 sosanna
1286 2596 1470 2645 sanonum
1497 2598 1796 2661 oanaeoanmi

603 2751 859 2799 RUTEENORUM
878 2752 1089 2801 assumtio
1115 2749 1361 2799 CON'HNETUE.

781 2975 1184 3018 ωψ-

145 3266 257 3407 Quod
285 3319 338 3375 tuo
358 3312 475 3373 nomine
495 3319 565 3371 aute
596 3306 718 3371 biduum
739 3305 777 3370 de
797 3330 859 3385 me,
892 3308 946 3371 Se.
974 3306 978 3375 ἰ
1005 3309 1093 3371 stetit
1111 3310 1141 3371 in
1162 3310 1287 3372 Oriente
1306 3309 1453 3372 sincerior
1472 3306 1579 3393 fides,
1608 3330 1688 3403 ηιμ
1705 3312 1796 3397 n'npb·

144 3407 317 3468 renisssime
337 3402 493 3483 Princeps,
518 3422 537 3461 a
557 3400 756 3461 senatoribus
778 3403 839 3460 tuis
858 3421 946 3480 quae·
1005 3406 1092 3480 citas,
1112 3404 1222 3465 Graeci
1243 3404 1405 3465 Primatum
1424 3406 1575 3473 visibilis
1600 3412 1702 3495 huju,
1715 3430 1746 3473 ac
1759 3408 1799 3469 ἑ

144 3498 237 3558 situm
257 3502 314 3567 est,
334 3495 448 3572 scripto
459 3501 493 3552 ut
503 3512 689 3571 exponerem,
709 3489 781 3572 quid
800 3493 877 3552 inter
891 3491 946 3553 Ca·
1005 3497 1120 3557 ditantis
1131 3498 1289 3559 Ecclesiae
1299 3496 1391 3559 Petro
1406 3500 1591 3581 Apostoli»,
1614 3510 1735 3589 ejusque
1750 3520 1799 3565 aut·

144 3586 285 3649 thelicam
310 3584 476 3646 Romanam
500 3582 606 3661 fidem,
631 3592 723 3665 atque
748 3584 946 3646 Rutbeuicam
1005 3590 1179 3652 censoribus
1206 3590 1302 3651 inisse
1326 3610 1345 3652 a
1370 3590 1496 3653 Christo
1527 3594 1676 3663 Domino
1699 3598 1801 3661 deist-

145 3686 230 3743 esset
249 3676 439 3753 discriminis,
458 3676 489 3737 id
509 3677 587 3739 soret
612 3678 741 3757 iorrgius,
767 3696 854 3757 quani
875 3685 946 3739 tem·
1005 3680 1174 3745 credidere:
1193 3686 1298 3764 sicque
1317 3683 1366 3745 vei
1384 3686 1415 3744 in
1436 3683 1662 3755 Conciiinrun
1682 3690 1801 3753 confi}

144 3773 226 3854 poma
246 3769 323 3831 aden
343 3772 464 3849 eripuisti
477 3773 553 3833 ratio
573 3772 719 3852 patiatur;
739 3767 820 3850 quod
833 3767 873 3830 ad
892 3770 947 3831 Se·
1004 3776 1086 3837 tione
1108 3778 1308 3838 necessariam
1327 3797 1397 3837 esse
1417 3782 1648 3855 agrioscebant
1663 3783 1742 3847 Petri
1756 3798 1800 3843 na

144 3864 332 3927 tenuissimum
358 3861 503 3925 Poiouiae
522 3864 637 3941 Regem
656 3864 685 3923 iu
711 3864 877 3939 biaoariam,
903 3874 946 3925 at·
1005 3888 1159 3929 cessurum
1181 3871 1399 3942 auctoritatem,
1424 3866 1466 3929 ad
1486 3891 1579 3951 qun.
1601 3877 1657 3939 ίΙΙ.
1675 3872 1800 3939 mihi

144 3976 202 4040 quc
222 3954 292 4017 iude
310 3953 349 4017 ad
371 3956 549 4036 Gregoriunr
569 3954 655 4017 xlll.
681 3954 857 4017 Pontificem
882 3956 946 4017 Ma·
1006 3962 1047 4020 sti
1059 3960 1179 4021 Domini
1190 3961 1407 4042 pertinebat¹);
1427 3959 1547 4041 Petne,
1560 3966 1800 4031 ennhmhntrn

143 4053 272 4123 simum,
294 4070 352 4109 uua
374 4070 440 4110 cum
455 4050 585 4111 Oratore
605 4048 673 4123 tuuf,
693 4068 746 4109 eas
767 4047 807 4108 ob
827 4068 947 4125 causas,
1006 4062 1091 4114 tuos:
1112 4054 1160 4114 vei
1181 4074 1249 4113 cum
1268 4074 1287 4115 a
1308 4052 1436 4115 diversis
1457 4053 1656 4137 haereticis,
1677 4070 1711 4123 et
1727 4060 1799 4137 ab}

143 4162 220 4225 quas
240 4144 330 4216 nosti,
352 4143 421 4203 mibi
443 4143 659 4223 praescriptum
679 4150 737 4201 est.
791 4140 950 4202 Verumta·
1004 4148 1048 4207 sis
1070 4167 1188 4227 quoque
1210 4145 1453 4226 Imperatoribus,
1473 4146 1707 4231 Patriarchae,
1724 4174 1757 4215 ae
1774 4170 1799 4211 n

143 4254 227 4307 nen,
251 4236 389 4313 quoniam
416 4256 451 4296 ex
477 4234 552 4294 iibro
579 4230 726 4293 (icrrnndii
753 4232 946 4295 Patriarcbae
1005 4239 1076 4319 liqui
1088 4239 1259 4299 Orieutaics
1274 4240 1414 4319 Episcopi
1435 4238 1671 4321 affligerentur,
1691 4244 1799 4307 adu·

144 4326 483 4405 Corrstautiuopoiitaui,
509 4328 559 4407 qui
586 4332 710 4385 sanctae
732 4324 856 4405 syuodo
880 4327 945 4388 Flo·
1003 4332 1100 4411 ipsam
1120 4330 1275 4391 Pontificis
1301 4331 1426 4392 Romani
1447 4330 1571 4397 Sedena
1600 4336 1800 4420 confugi&

143 4420 279 4483 nabutae
298 4416 433 4477 interfuit
451 4418 554 4497 (quem
574 4417 680 4479 librum
711 4427 869 4499 propterea
891 4420 945 4481 Sc·
1004 4432 1039 4483 ut
1058 4421 1288 4484 defenderentur
1300 4422 1616 4501 ‘).Quemadmodnm
1628 4426 1799 4507 Sausinda

142 4511 373 4577 muribnnmis
388 4506 427 4569 ad
448 4518 477 4569 te
498 4508 582 4585 dedi)
603 4513 763 4591 praecipua
784 4511 873 4591 hujus
886 4511 944 4575 dis·
1003 4519 1072 4576 arturi
1085 4516 1311 4594 chrysostomo,
1330 4515 1512 4592 Athanasio,
1536 4530 1574 4582 et
1587 4523 1799 4609 pierisqneafi

141 4607 274 4673 &uinis
293 4605 394 4686 capita
414 4600 591 4681 dignoscere
610 4604 741 4682 poteris,
767 4622 855 4681 agam
879 4605 943 4667 bre·
1003 4610 1136 4687 cnrrtigit.
1185 4608 1267 4685 Quin
1298 4628 1370 4671 vero
1396 4629 1433 4670 ex
1457 4618 1525 4671 toto
1564 4616 1647 4677 orbe
1685 4628 1799 4681 terrun

190 4700 266 4763 sine
289 4694 330 4761 de
348 4714 465 4759 sumna
494 4696 552 4756 rei:
578 4694 735 4772 originem,
760 4714 797 4755 ac
826 4705 943 4780 tempus
1002 4698 1127 4762 eandem
1152 4698 1191 4760 ad
1218 4700 1331 4763 Sedem
1351 4703 1495 4783 Episcopi
1515 4700 1560 4765 de
1589 4710 1802 4790 annutiant·

218 4794 294 4857 n'mis
315 4791 478 4868 attingens,
497 4807 556 4869 quo
577 4784 697 4862 Graeci,
715 4808 733 4847 a
754 4788 863 4868 quibus
884 4792 942 4853 Ru·
1002 4791 1081 4867 fidei,
1101 4791 1198 4873 deque
1218 4795 1285 4856 abiis
1306 4796 1492 4874 ffavbsimis
1513 4797 1620 4864 rebus
1640 4804 1804 4867 serim

240 4904 301 4947 non
322 4885 476 4961 integram,
501 4900 597 4961 nequo
623 4887 734 4941 rectam
756 4880 943 4947 Christianae
1003 4896 1154 4909 ''⁸‘'

230 4996 362 5039 normam
381 4982 573 5056 acceperuut,
592 4993 664 5034 sese
683 4994 701 5034 a
718 4972 874 5037 Catholica
886 4978 942 5040 Ro·
1080 4962 1107 5038 ¹)
1128 4975 1181 5021 une.
1202 4981 1238 5023 ²²·

218 5066 378 5131 rEcciesia
397 5068 614 5151 praeciderunt.
640 5064 674 5128 ld
696 5068 772 5127 einim
791 5067 829 5128 aui
851 5080 942 5135 totam
1077 5084 1107 5147 a)
1126 5084 1200 5143 Epist.
1226 5092 1234 5129 ι
1265 5094 1291 5133 et
1319 5095 1331 5132 e
1360 5090 1389 5131 an
1415 5088 1492 5135 ianne.
1513 5094 1645 5145 sium.
1674 5098 1728 5147 ω,
1755 5100 1808 5143 ,a

226 5158 355 5242 *enidius
364 5161 584 5241 intelligendam
604 5162 727 5223 inaximo
740 5158 829 5222 saciet
863 5163 942 5227 uun
1001 5182 1059 5226 nm.
1081 5182 1135 5237 unp.
1160 5184 1182 5224 r.
